<?xml version="1.0" encoding="UTF-8"?>
<!DOCTYPE html PUBLIC "-//W3C//DTD XHTML 1.0 Transitional//EN"
    "http://www.w3.org/TR/xhtml1/DTD/xhtml1-transitional.dtd">
<html xmlns="http://www.w3.org/1999/xhtml" xml:lang="en" lang="en">
 <head>
  <title>
</title>
<meta http-equiv="Content-Type" content="text/html;charset=utf-8" />
  <meta name='ocr-system' content='tesseract 3.04.00' />
  <meta name='ocr-capabilities' content='ocr_page ocr_carea ocr_par ocr_line ocrx_word'/>
</head>
<body>
  <div class='ocr_page' id='page_1' title='image "./corpusscriptorum27niebuoft/corpusscriptorum27niebuoft_0345.png"; bbox 0 0 1748 3210; ppageno 0'>
   <div class='ocr_carea' id='block_1_1' title="bbox 638 188 1555 253">
    <p class='ocr_par' dir='ltr' id='par_1_1' title="bbox 638 188 1555 253">
     <span class='ocr_line' id='line_1_1' title="bbox 638 188 1555 253; baseline 0.001 -2"><span class='ocrx_word' id='word_1_1' title='bbox 638 207 713 251; x_wconf 85' lang='lat' dir='ltr'><strong><em>DE</em></strong></span> <span class='ocrx_word' id='word_1_2' title='bbox 748 205 1031 251; x_wconf 79' lang='lat' dir='ltr'>osTENTIS.</span> <span class='ocrx_word' id='word_1_3' title='bbox 1266 188 1268 190; x_wconf 72' lang='grc'>’</span> <span class='ocrx_word' id='word_1_4' title='bbox 1459 209 1555 253; x_wconf 73' lang='lat'><strong><em>&lt;275</em></strong></span> 
     </span>
    </p>
   </div>
   <div class='ocr_carea' id='block_1_2' title="bbox 22 309 1564 1925">
    <p class='ocr_par' dir='ltr' id='par_1_2' title="bbox 22 309 1562 979">
     <span class='ocr_line' id='line_1_2' title="bbox 103 309 1555 372; baseline -0.003 -9"><span class='ocrx_word' id='word_1_5' title='bbox 103 316 252 372; x_wconf 70' lang='grc' dir='ltr'><strong><em>ἐπειδὴ</em></strong></span> <span class='ocrx_word' id='word_1_6' title='bbox 282 317 328 360; x_wconf 75' lang='grc' dir='ltr'><strong><em>δὲ</em></strong></span> <span class='ocrx_word' id='word_1_7' title='bbox 355 314 482 372; x_wconf 75' lang='grc' dir='ltr'><strong><em>ἡμῖν,</em></strong></span> <span class='ocrx_word' id='word_1_8' title='bbox 522 316 625 368; x_wconf 82' lang='grc' dir='ltr'><strong><em>τούς</em></strong></span> <span class='ocrx_word' id='word_1_9' title='bbox 653 315 696 369; x_wconf 77' lang='grc' dir='ltr'><strong><em>ἐξ</em></strong></span> <span class='ocrx_word' id='word_1_10' title='bbox 722 315 899 366; x_wconf 79' lang='grc' dir='ltr'><strong><em>Ἰταλίας</em></strong></span> <span class='ocrx_word' id='word_1_11' title='bbox 928 315 1061 372; x_wconf 82' lang='grc' dir='ltr'><strong><em>φημί,</em></strong></span> <span class='ocrx_word' id='word_1_12' title='bbox 1095 313 1235 369; x_wconf 82' lang='grc' dir='ltr'><strong><em>Τάγης</em></strong></span> <span class='ocrx_word' id='word_1_13' title='bbox 1264 309 1447 369; x_wconf 74' lang='grc' dir='ltr'><strong><em>ἀρχηγὸς</em></strong></span> <span class='ocrx_word' id='word_1_14' title='bbox 1474 318 1555 359; x_wconf 88' lang='grc' dir='ltr'><strong><em>τοῦ</em></strong></span> 
     </span>
     <span class='ocr_line' id='line_1_3' title="bbox 109 379 1555 440; baseline -0.005 -10"><span class='ocrx_word' id='word_1_15' title='bbox 109 383 359 440; x_wconf 72' lang='grc' dir='ltr'><strong><em>πράγματος</em></strong></span> <span class='ocrx_word' id='word_1_16' title='bbox 391 382 588 438; x_wconf 88' lang='grc' dir='ltr'><strong><em>γέγονεν,</em></strong></span> <span class='ocrx_word' id='word_1_17' title='bbox 637 381 889 428; x_wconf 78' lang='grc' dir='ltr'><strong><em>ἀκόλουθον</em></strong></span> <span class='ocrx_word' id='word_1_18' title='bbox 917 388 1008 434; x_wconf 91' lang='grc' dir='ltr'><strong><em>τοῖς</em></strong></span> <span class='ocrx_word' id='word_1_19' title='bbox 1037 379 1176 426; x_wconf 77' lang='grc' dir='ltr'><strong><em>αὐτοῦ</em></strong></span> <span class='ocrx_word' id='word_1_20' title='bbox 1207 380 1368 438; x_wconf 84' lang='grc' dir='ltr'><strong><em>ῥήμασι</em></strong></span> <span class='ocrx_word' id='word_1_21' title='bbox 1395 382 1555 436; x_wconf 85' lang='grc' dir='ltr'><strong><em>χρήσα-</em></strong></span> 
     </span>
     <span class='ocr_line' id='line_1_4' title="bbox 101 447 1557 507; baseline -0.003 -11"><span class='ocrx_word' id='word_1_22' title='bbox 101 457 235 500; x_wconf 79' lang='grc' dir='ltr'><strong><em>σθαι,</em></strong></span> <span class='ocrx_word' id='word_1_23' title='bbox 276 455 438 499; x_wconf 81' lang='grc' dir='ltr'><strong><em>μᾶλλον</em></strong></span> <span class='ocrx_word' id='word_1_24' title='bbox 466 450 512 494; x_wconf 79' lang='grc' dir='ltr'><strong><em>δὲ</em></strong></span> <span class='ocrx_word' id='word_1_25' title='bbox 538 454 593 507; x_wconf 84' lang='grc' dir='ltr'><strong><em>τῇ</em></strong></span> <span class='ocrx_word' id='word_1_26' title='bbox 620 449 789 494; x_wconf 86' lang='grc' dir='ltr'><strong><em>τούτων</em></strong></span> <span class='ocrx_word' id='word_1_27' title='bbox 816 450 986 507; x_wconf 79' lang='grc' dir='ltr'><strong><em>ἐννοίᾳ·</em></strong></span> <span class='ocrx_word' id='word_1_28' title='bbox 1027 454 1119 500; x_wconf 89' lang='grc' dir='ltr'><strong><em>τοῖς</em></strong></span> <span class='ocrx_word' id='word_1_29' title='bbox 1147 448 1231 504; x_wconf 86' lang='grc' dir='ltr'><strong><em>γὰρ</em></strong></span> <span class='ocrx_word' id='word_1_30' title='bbox 1262 447 1557 504; x_wconf 78' lang='grc' dir='ltr'><em>ἀρχαιοτέροις</em></span> 
     </span>
     <span class='ocr_line' id='line_1_5' title="bbox 107 515 1558 575; baseline -0.002 -11"><span class='ocrx_word' id='word_1_31' title='bbox 107 518 319 575; x_wconf 73' lang='grc' dir='ltr'><strong><em>ὀνόμασιν</em></strong></span> <span class='ocrx_word' id='word_1_32' title='bbox 360 518 502 562; x_wconf 79' lang='grc' dir='ltr'><strong><em>ἐκεῖνα</em></strong></span> <span class='ocrx_word' id='word_1_33' title='bbox 541 519 796 573; x_wconf 80' lang='grc' dir='ltr'><strong><em>συγκείμενα</em></strong></span> <span class='ocrx_word' id='word_1_34' title='bbox 842 515 1291 572; x_wconf 74' lang='grc' dir='ltr'><strong><em>δυσπαρακολούθητα</em></strong></span> <span class='ocrx_word' id='word_1_35' title='bbox 1335 515 1428 567; x_wconf 75' lang='grc' dir='ltr'><strong><em>πώς</em></strong></span> <span class='ocrx_word' id='word_1_36' title='bbox 1467 516 1558 561; x_wconf 80' lang='grc' dir='ltr'><strong><em>ἐστι</em></strong></span> 
     </span>
     <span class='ocr_line' id='line_1_6' title="bbox 76 583 1560 640; baseline -0.002 -9"><span class='ocrx_word' id='word_1_37' title='bbox 76 587 182 631; x_wconf 69' lang='grc' dir='ltr'><strong><em>ὁκαὶ</em></strong></span> <span class='ocrx_word' id='word_1_38' title='bbox 210 585 266 630; x_wconf 78' lang='grc' dir='ltr'><strong><em>οὐ</em></strong></span> <span class='ocrx_word' id='word_1_39' title='bbox 294 585 467 640; x_wconf 87' lang='grc' dir='ltr'><strong><em>σφόδρα</em></strong></span> <span class='ocrx_word' id='word_1_40' title='bbox 497 589 617 640; x_wconf 87' lang='grc' dir='ltr'><strong><em>σαφῆ</em></strong></span> <span class='ocrx_word' id='word_1_41' title='bbox 647 611 807 624; x_wconf 86' lang='lat'><strong>·······</strong></span> <span class='ocrx_word' id='word_1_42' title='bbox 838 589 1030 636; x_wconf 80' lang='grc' dir='ltr'><strong><em>λοιποῖς,</em></strong></span> <span class='ocrx_word' id='word_1_43' title='bbox 1066 583 1276 640; x_wconf 79' lang='grc' dir='ltr'><strong><em>Τάρχοντί</em></strong></span> <span class='ocrx_word' id='word_1_44' title='bbox 1297 598 1341 626; x_wconf 87' lang='grc' dir='ltr'><strong><em>τε</em></strong></span> <span class='ocrx_word' id='word_1_45' title='bbox 1366 590 1428 638; x_wconf 73' lang='grc' dir='ltr'><strong><em>τῷ</em></strong></span> <span class='ocrx_word' id='word_1_46' title='bbox 1447 589 1560 628; x_wconf 79' lang='grc' dir='ltr'><strong><em>θυο-</em></strong></span> 
     </span>
     <span class='ocr_line' id='line_1_7' title="bbox 108 650 1559 711; baseline -0.006 -13"><span class='ocrx_word' id='word_1_47' title='bbox 108 652 255 710; x_wconf 74' lang='grc' dir='ltr'><strong><em>σκόπῳ</em></strong></span> <span class='ocrx_word' id='word_1_48' title='bbox 285 653 359 696; x_wconf 82' lang='grc' dir='ltr'><strong><em>καὶ</em></strong></span> <span class='ocrx_word' id='word_1_49' title='bbox 390 652 598 711; x_wconf 76' lang='grc' dir='ltr'><strong><em>Ταρκύτῳ</em></strong></span> <span class='ocrx_word' id='word_1_50' title='bbox 626 655 687 710; x_wconf 75' lang='grc' dir='ltr'><strong><em>τῷ</em></strong></span> <span class='ocrx_word' id='word_1_51' title='bbox 714 654 856 703; x_wconf 81' lang='grc' dir='ltr'><strong><em>τελεστῇ</em></strong></span> <span class='ocrx_word' id='word_1_52' title='bbox 884 655 946 691; x_wconf 85' lang='grc' dir='ltr'><strong><em>καὶ</em></strong></span> <span class='ocrx_word' id='word_1_53' title='bbox 974 653 1189 695; x_wconf 61' lang='grc' dir='ltr'><strong><em>Καπίτωνα,</em></strong></span> <span class='ocrx_word' id='word_1_54' title='bbox 1217 653 1344 704; x_wconf 75' lang='grc' dir='ltr'><strong><em>ἱερεῖ,</em></strong></span> <span class='ocrx_word' id='word_1_55' title='bbox 1375 650 1482 695; x_wconf 74' lang='grc' dir='ltr'><strong><em>ὥστε</em></strong></span> <span class='ocrx_word' id='word_1_56' title='bbox 1511 651 1559 695; x_wconf 78' lang='grc' dir='ltr'><strong><em>ἐκ</em></strong></span> 
     </span>
     <span class='ocr_line' id='line_1_8' title="bbox 107 717 1560 777; baseline -0.003 -12"><span class='ocrx_word' id='word_1_57' title='bbox 107 725 198 765; x_wconf 79' lang='grc' dir='ltr'><strong><em>τῶν</em></strong></span> <span class='ocrx_word' id='word_1_58' title='bbox 235 725 342 764; x_wconf 84' lang='grc' dir='ltr'><strong><em>πᾶσι</em></strong></span> <span class='ocrx_word' id='word_1_59' title='bbox 380 718 553 772; x_wconf 83' lang='grc' dir='ltr'><strong><em>τούτοις</em></strong></span> <span class='ocrx_word' id='word_1_60' title='bbox 594 718 815 777; x_wconf 77' lang='grc' dir='ltr'><strong><em>εἰρημένων</em></strong></span> <span class='ocrx_word' id='word_1_61' title='bbox 853 722 1044 768; x_wconf 79' lang='grc' dir='ltr'><strong><em>γλαφυράν</em></strong></span> <span class='ocrx_word' id='word_1_62' title='bbox 1082 735 1180 762; x_wconf 87' lang='grc' dir='ltr'><strong><em>τινα</em></strong></span> <span class='ocrx_word' id='word_1_63' title='bbox 1220 717 1442 771; x_wconf 80' lang='grc' dir='ltr'><strong><em>διαπλέξαι</em></strong></span> <span class='ocrx_word' id='word_1_64' title='bbox 1477 722 1560 762; x_wconf 79' lang='grc' dir='ltr'><strong><em>τοῦ·</em></strong></span> 
     </span>
     <span class='ocr_line' id='line_1_9' title="bbox 108 785 1562 845; baseline -0.002 -12"><span class='ocrx_word' id='word_1_65' title='bbox 108 788 361 845; x_wconf 80' lang='grc' dir='ltr'><strong><em>πράγματος</em></strong></span> <span class='ocrx_word' id='word_1_66' title='bbox 387 786 614 842; x_wconf 81' lang='grc' dir='ltr'><strong><em>ἁρμονίαν.</em></strong></span> <span class='ocrx_word' id='word_1_67' title='bbox 673 790 741 831; x_wconf 86' lang='grc' dir='ltr'><strong><em>δεῖ</em></strong></span> <span class='ocrx_word' id='word_1_68' title='bbox 765 792 890 827; x_wconf 80' lang='grc' dir='ltr'><strong><em>τοίνυν</em></strong></span> <span class='ocrx_word' id='word_1_69' title='bbox 919 785 1217 843; x_wconf 72' lang='grc' dir='ltr'><strong><em>ἀφηγήσασθαι</em></strong></span> <span class='ocrx_word' id='word_1_70' title='bbox 1238 790 1414 840; x_wconf 76' lang='grc' dir='ltr'><strong><em>πρῶτον</em></strong></span> <span class='ocrx_word' id='word_1_71' title='bbox 1432 787 1496 837; x_wconf 88' lang='grc' dir='ltr'><strong><em>τίς</em></strong></span> <span class='ocrx_word' id='word_1_72' title='bbox 1515 802 1562 830; x_wconf 81' lang='grc' dir='ltr'><strong><em>τε</em></strong></span> 
     </span>
     <span class='ocr_line' id='line_1_10' title="bbox 111 852 1560 911; baseline -0.003 -10"><span class='ocrx_word' id='word_1_73' title='bbox 111 852 240 908; x_wconf 78' lang='grc' dir='ltr'><strong><em>οὗτος</em></strong></span> <span class='ocrx_word' id='word_1_74' title='bbox 276 855 300 900; x_wconf 89' lang='grc' dir='ltr'>ὁ</span> <span class='ocrx_word' id='word_1_75' title='bbox 345 854 486 911; x_wconf 79' lang='grc' dir='ltr'><strong><em>Τάγης</em></strong></span> <span class='ocrx_word' id='word_1_76' title='bbox 528 855 602 898; x_wconf 85' lang='grc' dir='ltr'><strong><em>καὶ</em></strong></span> <span class='ocrx_word' id='word_1_77' title='bbox 638 856 750 906; x_wconf 80' lang='grc' dir='ltr'><strong><em>τίνες</em></strong></span> <span class='ocrx_word' id='word_1_78' title='bbox 789 857 832 898; x_wconf 80' lang='grc' dir='ltr'><strong><em>οἱ</em></strong></span> <span class='ocrx_word' id='word_1_79' title='bbox 869 859 1027 902; x_wconf 83' lang='grc' dir='ltr'><strong><em>λοιποί,</em></strong></span> <span class='ocrx_word' id='word_1_80' title='bbox 1075 858 1138 893; x_wconf 80' lang='grc' dir='ltr'><strong><em>καὶ</em></strong></span> <span class='ocrx_word' id='word_1_81' title='bbox 1178 854 1277 898; x_wconf 78' lang='grc' dir='ltr'><strong><em>ὅπως</em></strong></span> <span class='ocrx_word' id='word_1_82' title='bbox 1311 852 1560 910; x_wconf 76' lang='grc' dir='ltr'><strong><em>γράμμασιν</em></strong></span> 
     </span>
     <span class='ocr_line' id='line_1_11' title="bbox 22 919 1447 979; baseline -0.005 -9"><span class='ocrx_word' id='word_1_83' title='bbox 22 919 33 927; x_wconf 65' lang='grc'><strong>’</strong></span> <span class='ocrx_word' id='word_1_84' title='bbox 56 935 100 970; x_wconf 88' lang='grc'><strong><em>10</em></strong></span> <span class='ocrx_word' id='word_1_85' title='bbox 110 922 388 979; x_wconf 76' lang='grc' dir='ltr'><strong><em>ἐνεπιστεύθη</em></strong></span> <span class='ocrx_word' id='word_1_86' title='bbox 415 922 534 977; x_wconf 78' lang='grc' dir='ltr'><strong><em>παρὰ</em></strong></span> <span class='ocrx_word' id='word_1_87' title='bbox 561 922 610 965; x_wconf 87' lang='grc' dir='ltr'>τὸ</span> <span class='ocrx_word' id='word_1_88' title='bbox 640 926 834 977; x_wconf 81' lang='grc' dir='ltr'><strong><em>κρατοῦν</em></strong></span> <span class='ocrx_word' id='word_1_89' title='bbox 861 920 909 964; x_wconf 81' lang='grc' dir='ltr'><strong><em>ἐν</em></strong></span> <span class='ocrx_word' id='word_1_90' title='bbox 937 925 1028 971; x_wconf 89' lang='grc' dir='ltr'><strong><em>τοῖς</em></strong></span> <span class='ocrx_word' id='word_1_91' title='bbox 1055 922 1180 974; x_wconf 82' lang='grc' dir='ltr'><strong><em>ἱεροῖς</em></strong></span> <span class='ocrx_word' id='word_1_92' title='bbox 1202 923 1249 958; x_wconf 75' lang='grc' dir='ltr'><strong><em>τὰ</em></strong></span> <span class='ocrx_word' id='word_1_93' title='bbox 1272 927 1447 964; x_wconf 77' lang='grc' dir='ltr'><strong><em>τοιαῦτα.</em></strong></span> 
     </span>
    </p>

    <p class='ocr_par' dir='ltr' id='par_1_3' title="bbox 105 987 1562 1249">
     <span class='ocr_line' id='line_1_12' title="bbox 219 987 1562 1045; baseline -0.004 -11"><span class='ocrx_word' id='word_1_94' title='bbox 219 996 261 1035; x_wconf 86' lang='grc'><strong><em>3.</em></strong></span> <span class='ocrx_word' id='word_1_95' title='bbox 323 990 516 1045; x_wconf 76' lang='grc' dir='ltr'><strong><em>Τᾰρχων,</em></strong></span> <span class='ocrx_word' id='word_1_96' title='bbox 546 987 682 1045; x_wconf 85' lang='grc' dir='ltr'><strong><em>ταύτῃ</em></strong></span> <span class='ocrx_word' id='word_1_97' title='bbox 711 989 820 1044; x_wconf 73' lang='grc' dir='ltr'><strong><em>ἔχων</em></strong></span> <span class='ocrx_word' id='word_1_98' title='bbox 845 988 924 1044; x_wconf 80' lang='grc' dir='ltr'><strong><em>τὴν</em></strong></span> <span class='ocrx_word' id='word_1_99' title='bbox 953 988 1263 1042; x_wconf 78' lang='grc' dir='ltr'><strong><em>προσηγορίαν,</em></strong></span> <span class='ocrx_word' id='word_1_100' title='bbox 1294 987 1410 1043; x_wconf 71' lang='grc' dir='ltr'><strong><em>ἀνὴρ</em></strong></span> <span class='ocrx_word' id='word_1_101' title='bbox 1433 991 1562 1044; x_wconf 70' lang='grc' dir='ltr'><strong><em>γέγονε</em></strong></span> 
     </span>
     <span class='ocr_line' id='line_1_13' title="bbox 106 1054 1562 1112; baseline 0.001 -14"><span class='ocrx_word' id='word_1_102' title='bbox 106 1061 172 1112; x_wconf 63' lang='grc' dir='ltr'><strong><em>μὲν</em></strong></span> <span class='ocrx_word' id='word_1_103' title='bbox 198 1057 470 1109; x_wconf 75' lang='grc' dir='ltr'><strong><em>θυοσκόπος,</em></strong></span> <span class='ocrx_word' id='word_1_104' title='bbox 501 1056 560 1109; x_wconf 77' lang='grc' dir='ltr'><strong><em>ὥς</em></strong></span> <span class='ocrx_word' id='word_1_105' title='bbox 589 1055 721 1107; x_wconf 82' lang='grc' dir='ltr'><strong><em>αὐτὸς</em></strong></span> <span class='ocrx_word' id='word_1_106' title='bbox 749 1055 816 1099; x_wconf 82' lang='grc' dir='ltr'><strong><em>ἐπὶ</em></strong></span> <span class='ocrx_word' id='word_1_107' title='bbox 847 1059 923 1110; x_wconf 83' lang='grc' dir='ltr'><strong><em>τῆς</em></strong></span> <span class='ocrx_word' id='word_1_108' title='bbox 953 1058 1126 1109; x_wconf 78' lang='grc' dir='ltr'><strong><em>γραφῆς</em></strong></span> <span class='ocrx_word' id='word_1_109' title='bbox 1156 1055 1465 1110; x_wconf 81' lang='grc' dir='ltr'><strong><em>εἰσενήνεκται,</em></strong></span> <span class='ocrx_word' id='word_1_110' title='bbox 1499 1054 1562 1106; x_wconf 85' lang='grc' dir='ltr'><strong><em>εἷς</em></strong></span> 
     </span>
     <span class='ocr_line' id='line_1_14' title="bbox 106 1122 1559 1180; baseline 0 -14"><span class='ocrx_word' id='word_1_111' title='bbox 106 1131 181 1166; x_wconf 76' lang='grc' dir='ltr'><strong><em>τῶν</em></strong></span> <span class='ocrx_word' id='word_1_112' title='bbox 213 1127 288 1164; x_wconf 72' lang='grc' dir='ltr'><strong><em>ὑπὸ</em></strong></span> <span class='ocrx_word' id='word_1_113' title='bbox 332 1128 565 1180; x_wconf 87' lang='grc' dir='ltr'><strong><em>Τυρρηνοῦ</em></strong></span> <span class='ocrx_word' id='word_1_114' title='bbox 604 1126 684 1167; x_wconf 87' lang='grc' dir='ltr'><strong><em>τοῦ</em></strong></span> <span class='ocrx_word' id='word_1_115' title='bbox 722 1123 874 1165; x_wconf 84' lang='grc' dir='ltr'><strong><em>Λυδοῦ</em></strong></span> <span class='ocrx_word' id='word_1_116' title='bbox 914 1122 1223 1177; x_wconf 83' lang='grc' dir='ltr'><strong><em>διδαχθέντων.</em></strong></span> <span class='ocrx_word' id='word_1_117' title='bbox 1279 1122 1354 1166; x_wconf 83' lang='grc' dir='ltr'><strong><em>καὶ</em></strong></span> <span class='ocrx_word' id='word_1_118' title='bbox 1391 1123 1475 1178; x_wconf 81' lang='grc' dir='ltr'><strong><em>γὰρ</em></strong></span> <span class='ocrx_word' id='word_1_119' title='bbox 1506 1124 1559 1178; x_wconf 82' lang='grc' dir='ltr'><strong><em>δὴ</em></strong></span> 
     </span>
     <span class='ocr_line' id='line_1_15' title="bbox 105 1189 1562 1249; baseline 0.002 -20"><span class='ocrx_word' id='word_1_120' title='bbox 105 1197 200 1244; x_wconf 69' lang='grc' dir='ltr'><strong><em>τοῖς</em></strong></span> <span class='ocrx_word' id='word_1_121' title='bbox 240 1191 438 1235; x_wconf 80' lang='grc' dir='ltr'><strong><em>Θούσκων</em></strong></span> <span class='ocrx_word' id='word_1_122' title='bbox 474 1193 666 1238; x_wconf 78' lang='grc' dir='ltr'><strong><em>γράμμασι</em></strong></span> <span class='ocrx_word' id='word_1_123' title='bbox 703 1192 839 1231; x_wconf 88' lang='grc' dir='ltr'><strong><em>ταῦτα</em></strong></span> <span class='ocrx_word' id='word_1_124' title='bbox 877 1190 1113 1244; x_wconf 85' lang='grc' dir='ltr'><strong><em>δηλοῦται,</em></strong></span> <span class='ocrx_word' id='word_1_125' title='bbox 1162 1189 1284 1232; x_wconf 84' lang='grc' dir='ltr'><strong><em>οὔπω</em></strong></span> <span class='ocrx_word' id='word_1_126' title='bbox 1322 1194 1562 1249; x_wconf 76' lang='grc' dir='ltr'><strong><em>τηνικαῦτα</em></strong></span> 
     </span>
    </p>

    <p class='ocr_par' dir='ltr' id='par_1_4' title="bbox 54 1254 1564 1925">
     <span class='ocr_line' id='line_1_16' title="bbox 54 1254 1560 1311; baseline -0.003 -6"><span class='ocrx_word' id='word_1_127' title='bbox 54 1266 202 1311; x_wconf 85' lang='grc' dir='ltr'><strong><em>15τοῖς</em></strong></span> <span class='ocrx_word' id='word_1_128' title='bbox 238 1259 389 1310; x_wconf 84' lang='grc' dir='ltr'><strong><em>τόποις</em></strong></span> <span class='ocrx_word' id='word_1_129' title='bbox 426 1257 606 1308; x_wconf 80' lang='grc' dir='ltr'><strong><em>ἐκείνοις</em></strong></span> <span class='ocrx_word' id='word_1_130' title='bbox 642 1255 881 1309; x_wconf 82' lang='grc' dir='ltr'><strong><em>Εὐάνδρου</em></strong></span> <span class='ocrx_word' id='word_1_131' title='bbox 920 1259 1000 1298; x_wconf 88' lang='grc' dir='ltr'><strong><em>τοῦ</em></strong></span> <span class='ocrx_word' id='word_1_132' title='bbox 1027 1254 1234 1310; x_wconf 78' lang='grc' dir='ltr'><strong><em>Ἀρκάδος</em></strong></span> <span class='ocrx_word' id='word_1_133' title='bbox 1263 1255 1560 1310; x_wconf 83' lang='grc' dir='ltr'><strong><em>ἐπιφανέντος.</em></strong></span> 
     </span>
     <span class='ocr_line' id='line_1_17' title="bbox 105 1321 1563 1384; baseline -0.003 -13"><span class='ocrx_word' id='word_1_134' title='bbox 105 1324 164 1384; x_wconf 79' lang='grc' dir='ltr'><strong><em>ἦν</em></strong></span> <span class='ocrx_word' id='word_1_135' title='bbox 192 1327 238 1370; x_wconf 77' lang='grc' dir='ltr'><strong><em>δὲ</em></strong></span> <span class='ocrx_word' id='word_1_136' title='bbox 266 1324 441 1376; x_wconf 82' lang='grc' dir='ltr'><strong><em>ἀλλοῖός</em></strong></span> <span class='ocrx_word' id='word_1_137' title='bbox 469 1341 533 1376; x_wconf 90' lang='grc' dir='ltr'><strong><em>τις</em></strong></span> <span class='ocrx_word' id='word_1_138' title='bbox 564 1323 588 1368; x_wconf 88' lang='grc' dir='ltr'><strong>ὁ</strong></span> <span class='ocrx_word' id='word_1_139' title='bbox 617 1327 704 1367; x_wconf 79' lang='grc' dir='ltr'><strong><em>τῶν</em></strong></span> <span class='ocrx_word' id='word_1_140' title='bbox 730 1322 995 1379; x_wconf 81' lang='grc' dir='ltr'><strong><em>γραμμάτων</em></strong></span> <span class='ocrx_word' id='word_1_141' title='bbox 1023 1322 1177 1375; x_wconf 83' lang='grc' dir='ltr'><strong><em>τύπος,</em></strong></span> <span class='ocrx_word' id='word_1_142' title='bbox 1209 1323 1284 1366; x_wconf 89' lang='grc' dir='ltr'><strong><em>καὶ</em></strong></span> <span class='ocrx_word' id='word_1_143' title='bbox 1314 1321 1419 1367; x_wconf 81' lang='grc' dir='ltr'><strong><em>ου’δὲ</em></strong></span> <span class='ocrx_word' id='word_1_144' title='bbox 1449 1323 1563 1375; x_wconf 81' lang='grc' dir='ltr'><strong><em>ὅλως</em></strong></span> 
     </span>
     <span class='ocr_line' id='line_1_18' title="bbox 107 1382 1563 1450; baseline -0.003 -11"><span class='ocrx_word' id='word_1_145' title='bbox 107 1393 488 1450; x_wconf 80' lang='grc' dir='ltr'><strong><em>καθημαξευμένος</em></strong></span> <span class='ocrx_word' id='word_1_146' title='bbox 525 1390 651 1448; x_wconf 85' lang='grc' dir='ltr'><strong><em>ἡμῖν·</em></strong></span> <span class='ocrx_word' id='word_1_147' title='bbox 697 1386 725 1447; x_wconf 83' lang='grc' dir='ltr'><strong><em>ἦ</em></strong></span> <span class='ocrx_word' id='word_1_148' title='bbox 765 1391 848 1447; x_wconf 73' lang='grc' dir='ltr'><strong><em>γάρ</em></strong></span> <span class='ocrx_word' id='word_1_149' title='bbox 889 1390 1070 1440; x_wconf 79' lang='grc' dir='ltr'><strong><em>ἂν,τῶν</em></strong></span> <span class='ocrx_word' id='word_1_150' title='bbox 1110 1389 1370 1446; x_wconf 75' lang='grc' dir='ltr'><strong><em>ἀπορρήτων</em></strong></span> <span class='ocrx_word' id='word_1_151' title='bbox 1407 1407 1451 1434; x_wconf 86' lang='grc' dir='ltr'><strong><em>τε</em></strong></span> <span class='ocrx_word' id='word_1_152' title='bbox 1489 1382 1563 1435; x_wconf 81' lang='grc' dir='ltr'><strong><em>καὶ</em></strong></span> 
     </span>
     <span class='ocr_line' id='line_1_19' title="bbox 110 1455 1561 1517; baseline -0.004 -10"><span class='ocrx_word' id='word_1_153' title='bbox 110 1461 464 1517; x_wconf 79' lang='grc' dir='ltr'><strong><em>ἀναγκαιοτέρων</em></strong></span> <span class='ocrx_word' id='word_1_154' title='bbox 494 1460 623 1504; x_wconf 77' lang='grc' dir='ltr'><strong><em>οὐδὲν</em></strong></span> <span class='ocrx_word' id='word_1_155' title='bbox 652 1459 817 1513; x_wconf 75' lang='grc' dir='ltr'><strong><em>ἔμεινεν</em></strong></span> <span class='ocrx_word' id='word_1_156' title='bbox 849 1455 949 1512; x_wconf 76' lang='grc' dir='ltr'><strong><em>ἄχρι</em></strong></span> <span class='ocrx_word' id='word_1_157' title='bbox 977 1463 1055 1502; x_wconf 87' lang='grc' dir='ltr'><strong><em>τοῦ</em></strong></span> <span class='ocrx_word' id='word_1_158' title='bbox 1077 1458 1295 1512; x_wconf 87' lang='grc' dir='ltr'><strong><em>παρόντος</em></strong></span> <span class='ocrx_word' id='word_1_159' title='bbox 1323 1458 1561 1505; x_wconf 73' lang='grc' dir='ltr'><strong><em>λανθάνον,</em></strong></span> 
     </span>
     <span class='ocr_line' id='line_1_20' title="bbox 110 1524 1564 1586; baseline -0.003 -13"><span class='ocrx_word' id='word_1_160' title='bbox 110 1531 218 1586; x_wconf 83' lang='grc' dir='ltr'><strong><em>φησὶ</em></strong></span> <span class='ocrx_word' id='word_1_161' title='bbox 255 1530 406 1573; x_wconf 87' lang='grc' dir='ltr'><strong><em>τοίνυν</em></strong></span> <span class='ocrx_word' id='word_1_162' title='bbox 444 1528 468 1572; x_wconf 89' lang='grc' dir='ltr'>ὁ</span> <span class='ocrx_word' id='word_1_163' title='bbox 509 1526 688 1583; x_wconf 80' lang='grc' dir='ltr'><strong><em>Τάρχων</em></strong></span> <span class='ocrx_word' id='word_1_164' title='bbox 716 1526 784 1569; x_wconf 73' lang='grc' dir='ltr'><strong><em>ἐπὶ</em></strong></span> <span class='ocrx_word' id='word_1_165' title='bbox 813 1529 893 1568; x_wconf 86' lang='grc' dir='ltr'><strong><em>τοῦ</em></strong></span> <span class='ocrx_word' id='word_1_166' title='bbox 922 1525 1274 1581; x_wconf 81' lang='grc' dir='ltr'><strong><em>συγγράμματος,</em></strong></span> <span class='ocrx_word' id='word_1_167' title='bbox 1316 1525 1421 1581; x_wconf 84' lang='grc' dir='ltr'><strong><em>ὅπερ</em></strong></span> <span class='ocrx_word' id='word_1_168' title='bbox 1452 1524 1564 1570; x_wconf 82' lang='grc' dir='ltr'><strong><em>εἷναί</em></strong></span> 
     </span>
     <span class='ocr_line' id='line_1_21' title="bbox 54 1592 1564 1653; baseline -0.006 -9"><span class='ocrx_word' id='word_1_169' title='bbox 54 1610 221 1649; x_wconf 73' lang='grc' dir='ltr'><strong><em>Ξοτινες</em></strong></span> <span class='ocrx_word' id='word_1_170' title='bbox 253 1595 443 1653; x_wconf 84' lang='grc' dir='ltr'><strong><em>Τάγητος</em></strong></span> <span class='ocrx_word' id='word_1_171' title='bbox 471 1593 805 1644; x_wconf 79' lang='grc' dir='ltr'><strong><em>ὑποπτεύουσιν,</em></strong></span> <span class='ocrx_word' id='word_1_172' title='bbox 836 1592 1062 1648; x_wconf 81' lang='grc' dir='ltr'><strong><em>ἐπειδήπερ</em></strong></span> <span class='ocrx_word' id='word_1_173' title='bbox 1093 1593 1182 1636; x_wconf 80' lang='grc' dir='ltr'><strong><em>ἐκεῖ</em></strong></span> <span class='ocrx_word' id='word_1_174' title='bbox 1207 1592 1315 1637; x_wconf 79' lang='grc' dir='ltr'><strong><em>κατά</em></strong></span> <span class='ocrx_word' id='word_1_175' title='bbox 1344 1609 1440 1636; x_wconf 89' lang='grc' dir='ltr'><strong><em>τινα</em></strong></span> <span class='ocrx_word' id='word_1_176' title='bbox 1470 1596 1564 1635; x_wconf 86' lang='grc' dir='ltr'><strong><em>δια-</em></strong></span> 
     </span>
     <span class='ocr_line' id='line_1_22' title="bbox 54 1657 1564 1723; baseline -0.006 -13"><span class='ocrx_word' id='word_1_177' title='bbox 54 1692 58 1694; x_wconf 78' lang='grc'><strong>-</strong></span> <span class='ocrx_word' id='word_1_178' title='bbox 109 1665 291 1723; x_wconf 80' lang='grc' dir='ltr'><strong><em>λογικήν</em></strong></span> <span class='ocrx_word' id='word_1_179' title='bbox 328 1663 503 1719; x_wconf 78' lang='grc' dir='ltr'><strong><em>ὁμιλίαν</em></strong></span> <span class='ocrx_word' id='word_1_180' title='bbox 538 1663 678 1719; x_wconf 80' lang='grc' dir='ltr'><strong><em>ἐρωτᾷ</em></strong></span> <span class='ocrx_word' id='word_1_181' title='bbox 705 1662 784 1718; x_wconf 77' lang='grc' dir='ltr'><strong><em>μὲν</em></strong></span> <span class='ocrx_word' id='word_1_182' title='bbox 814 1663 949 1716; x_wconf 80' lang='grc' dir='ltr'><strong><em>δῆθεν</em></strong></span> <span class='ocrx_word' id='word_1_183' title='bbox 977 1658 1001 1703; x_wconf 91' lang='grc' dir='ltr'>ὁ</span> <span class='ocrx_word' id='word_1_184' title='bbox 1035 1659 1240 1715; x_wconf 81' lang='grc' dir='ltr'><strong><em>Τάρχων,</em></strong></span> <span class='ocrx_word' id='word_1_185' title='bbox 1281 1657 1564 1712; x_wconf 77' lang='grc' dir='ltr'><strong><em>ἀποκρίνεται</em></strong></span> 
     </span>
     <span class='ocr_line' id='line_1_23' title="bbox 111 1724 1563 1788; baseline -0.008 -9"><span class='ocrx_word' id='word_1_186' title='bbox 111 1734 159 1779; x_wconf 76' lang='grc' dir='ltr'><strong><em>δὲ</em></strong></span> <span class='ocrx_word' id='word_1_187' title='bbox 186 1732 212 1779; x_wconf 82' lang='grc' dir='ltr'><strong>ὁ</strong></span> <span class='ocrx_word' id='word_1_188' title='bbox 244 1732 388 1788; x_wconf 80' lang='grc' dir='ltr'><strong><em>Τοίγης</em></strong></span> <span class='ocrx_word' id='word_1_189' title='bbox 415 1730 473 1781; x_wconf 79' lang='grc' dir='ltr'><strong><em>ὠς</em></strong></span> <span class='ocrx_word' id='word_1_190' title='bbox 500 1733 836 1786; x_wconf 76' lang='grc' dir='ltr'><strong><em>προσκαρτερῶν</em></strong></span> <span class='ocrx_word' id='word_1_191' title='bbox 861 1727 1060 1772; x_wconf 78' lang='grc' dir='ltr'><strong><em>ἑκάστοτε</em></strong></span> <span class='ocrx_word' id='word_1_192' title='bbox 1087 1732 1177 1778; x_wconf 85' lang='grc' dir='ltr'><strong><em>τοῖς</em></strong></span> <span class='ocrx_word' id='word_1_193' title='bbox 1199 1729 1343 1782; x_wconf 83' lang='grc' dir='ltr'><strong><em>ἱεροῖς,</em></strong></span> <span class='ocrx_word' id='word_1_194' title='bbox 1374 1724 1432 1776; x_wconf 80' lang='grc' dir='ltr'><strong><em>ὡς</em></strong></span> <span class='ocrx_word' id='word_1_195' title='bbox 1453 1729 1563 1774; x_wconf 83' lang='grc' dir='ltr'><strong><em>τυχὸν</em></strong></span> 
     </span>
     <span class='ocr_line' id='line_1_24' title="bbox 110 1791 1564 1858; baseline -0.007 -13"><span class='ocrx_word' id='word_1_196' title='bbox 110 1800 383 1858; x_wconf 78' lang='grc' dir='ltr'><strong><em>συμβέβηκεν</em></strong></span> <span class='ocrx_word' id='word_1_197' title='bbox 415 1797 533 1854; x_wconf 76' lang='grc' dir='ltr'><strong><em>αὐτῷ</em></strong></span> <span class='ocrx_word' id='word_1_198' title='bbox 562 1796 673 1842; x_wconf 79' lang='grc' dir='ltr'><strong><em>κατά</em></strong></span> <span class='ocrx_word' id='word_1_199' title='bbox 701 1813 798 1841; x_wconf 91' lang='grc' dir='ltr'><strong><em>τινα</em></strong></span> <span class='ocrx_word' id='word_1_200' title='bbox 825 1794 988 1852; x_wconf 82' lang='grc' dir='ltr'><strong><em>χρόνον</em></strong></span> <span class='ocrx_word' id='word_1_201' title='bbox 1019 1792 1278 1849; x_wconf 79' lang='grc' dir='ltr'><strong><em>ἀροτριῶντι</em></strong></span> <span class='ocrx_word' id='word_1_202' title='bbox 1309 1791 1564 1848; x_wconf 78' lang='grc' dir='ltr'><strong><em>θαυμάσιόν</em></strong></span> 
     </span>
     <span class='ocr_line' id='line_1_25' title="bbox 110 1859 1562 1925; baseline -0.007 -12"><span class='ocrx_word' id='word_1_203' title='bbox 110 1885 172 1925; x_wconf 89' lang='grc' dir='ltr'><strong><em>τι,</em></strong></span> <span class='ocrx_word' id='word_1_204' title='bbox 213 1865 310 1913; x_wconf 87' lang='grc' dir='ltr'><strong><em>οἷον</em></strong></span> <span class='ocrx_word' id='word_1_205' title='bbox 349 1864 455 1911; x_wconf 78' lang='grc' dir='ltr'><strong><em>οὐδὲ</em></strong></span> <span class='ocrx_word' id='word_1_206' title='bbox 492 1863 649 1923; x_wconf 80' lang='grc' dir='ltr'><strong><em>οἶκήκοέ</em></strong></span> <span class='ocrx_word' id='word_1_207' title='bbox 686 1882 750 1916; x_wconf 90' lang='grc' dir='ltr'><strong><em>τις</em></strong></span> <span class='ocrx_word' id='word_1_208' title='bbox 788 1863 834 1908; x_wconf 75' lang='grc' dir='ltr'><strong><em>ἓν</em></strong></span> <span class='ocrx_word' id='word_1_209' title='bbox 870 1866 932 1921; x_wconf 77' lang='grc' dir='ltr'><strong><em>τῷ</em></strong></span> <span class='ocrx_word' id='word_1_210' title='bbox 967 1863 1096 1907; x_wconf 86' lang='grc' dir='ltr'><strong><em>παντὶ</em></strong></span> <span class='ocrx_word' id='word_1_211' title='bbox 1134 1861 1276 1919; x_wconf 86' lang='grc' dir='ltr'><strong><em>χρόνῳ</em></strong></span> <span class='ocrx_word' id='word_1_212' title='bbox 1304 1859 1562 1917; x_wconf 86' lang='grc' dir='ltr'><strong><em>γενόμενον·</em></strong></span> 
     </span>
    </p>
   </div>
   <div class='ocr_carea' id='block_1_3' title="bbox 203 1975 1063 2023">
    <p class='ocr_par' dir='ltr' id='par_1_5' title="bbox 203 1975 1063 2023">
     <span class='ocr_line' id='line_1_26' title="bbox 203 1975 1063 2023; baseline -0.01 -4"><span class='ocrx_word' id='word_1_213' title='bbox 203 1985 222 2019; x_wconf 89' lang='grc'>1</span> <span class='ocrx_word' id='word_1_214' title='bbox 246 1983 326 2022; x_wconf 84' lang='grc' dir='ltr'><strong><em>τοῖς</em></strong></span> <span class='ocrx_word' id='word_1_215' title='bbox 347 1980 474 2016; x_wconf 80' lang='lat' dir='ltr'>malim.</span> <span class='ocrx_word' id='word_1_216' title='bbox 615 1983 657 2017; x_wconf 86' lang='lat'><strong><em>17</em></strong></span> <span class='ocrx_word' id='word_1_217' title='bbox 679 1975 997 2023; x_wconf 81' lang='grc' dir='ltr'><strong><em>κατημαξευμένος</em></strong></span> <span class='ocrx_word' id='word_1_218' title='bbox 1019 1976 1063 2011; x_wconf 88' lang='lat' dir='ltr'><strong><em>C.</em></strong></span> 
     </span>
    </p>
   </div>
   <div class='ocr_carea' id='block_1_4' title="bbox 109 2077 1575 2902">
    <p class='ocr_par' dir='ltr' id='par_1_6' title="bbox 111 2077 1570 2444">
     <span class='ocr_line' id='line_1_27' title="bbox 111 2077 1567 2127; baseline -0.005 -8"><span class='ocrx_word' id='word_1_219' title='bbox 111 2095 218 2127; x_wconf 81' lang='lat' dir='ltr'>vero,</span> <span class='ocrx_word' id='word_1_220' title='bbox 249 2083 316 2117; x_wconf 88' lang='lat' dir='ltr'>hoc</span> <span class='ocrx_word' id='word_1_221' title='bbox 337 2087 392 2117; x_wconf 87' lang='lat' dir='ltr'><strong><em>est</em></strong></span> <span class='ocrx_word' id='word_1_222' title='bbox 413 2081 510 2116; x_wconf 86' lang='lat' dir='ltr'>Italis</span> <span class='ocrx_word' id='word_1_223' title='bbox 528 2081 744 2124; x_wconf 87' lang='lat' dir='ltr'>hominibus,</span> <span class='ocrx_word' id='word_1_224' title='bbox 779 2079 1055 2125; x_wconf 84' lang='lat' dir='ltr'>quandoquidem</span> <span class='ocrx_word' id='word_1_225' title='bbox 1079 2077 1197 2122; x_wconf 83' lang='lat' dir='ltr'>Tages</span> <span class='ocrx_word' id='word_1_226' title='bbox 1220 2080 1341 2112; x_wconf 78' lang='lat' dir='ltr'>auctor</span> <span class='ocrx_word' id='word_1_227' title='bbox 1362 2077 1567 2121; x_wconf 83' lang='lat' dir='ltr'>disciplinae</span> 
     </span>
     <span class='ocr_line' id='line_1_28' title="bbox 112 2124 1566 2174; baseline -0.006 -10"><span class='ocrx_word' id='word_1_228' title='bbox 112 2131 202 2174; x_wconf 83' lang='lat' dir='ltr'>fuit,</span> <span class='ocrx_word' id='word_1_229' title='bbox 227 2136 495 2163; x_wconf 87' lang='lat' dir='ltr'>consentaneum</span> <span class='ocrx_word' id='word_1_230' title='bbox 521 2133 575 2161; x_wconf 84' lang='lat' dir='ltr'><strong><em>est</em></strong></span> <span class='ocrx_word' id='word_1_231' title='bbox 601 2127 703 2160; x_wconf 84' lang='lat' dir='ltr'>dictis</span> <span class='ocrx_word' id='word_1_232' title='bbox 724 2126 797 2160; x_wconf 87' lang='lat' dir='ltr'>eins</span> <span class='ocrx_word' id='word_1_233' title='bbox 816 2127 871 2160; x_wconf 87' lang='lat' dir='ltr'><strong><em>vel</em></strong></span> <span class='ocrx_word' id='word_1_234' title='bbox 896 2126 1011 2170; x_wconf 84' lang='lat' dir='ltr'>potius</span> <span class='ocrx_word' id='word_1_235' title='bbox 1035 2124 1208 2158; x_wconf 84' lang='lat' dir='ltr'>sententia</span> <span class='ocrx_word' id='word_1_236' title='bbox 1225 2130 1409 2168; x_wconf 76' lang='lat' dir='ltr'>menteque</span> <span class='ocrx_word' id='word_1_237' title='bbox 1432 2124 1566 2157; x_wconf 80' lang='lat' dir='ltr'>illorum</span> 
     </span>
     <span class='ocr_line' id='line_1_29' title="bbox 111 2169 1565 2218; baseline -0.006 -8"><span class='ocrx_word' id='word_1_238' title='bbox 111 2176 176 2210; x_wconf 84' lang='lat' dir='ltr'>nti.</span> <span class='ocrx_word' id='word_1_239' title='bbox 225 2175 352 2209; x_wconf 83' lang='lat' dir='ltr'><strong>etenim</strong></span> <span class='ocrx_word' id='word_1_240' title='bbox 370 2174 487 2208; x_wconf 86' lang='lat' dir='ltr'>verbis</span> <span class='ocrx_word' id='word_1_241' title='bbox 510 2172 635 2218; x_wconf 85' lang='lat' dir='ltr'><strong>priscis</strong></span> <span class='ocrx_word' id='word_1_242' title='bbox 663 2178 830 2216; x_wconf 86' lang='lat' dir='ltr'>concepta</span> <span class='ocrx_word' id='word_1_243' title='bbox 855 2183 896 2205; x_wconf 85' lang='lat' dir='ltr'><strong><em>ea</em></strong></span> <span class='ocrx_word' id='word_1_244' title='bbox 920 2170 1077 2204; x_wconf 83' lang='lat' dir='ltr'>difficilia</span> <span class='ocrx_word' id='word_1_245' title='bbox 1100 2170 1277 2203; x_wconf 87' lang='lat' dir='ltr'>intellectu</span> <span class='ocrx_word' id='word_1_246' title='bbox 1299 2181 1412 2213; x_wconf 85' lang='lat' dir='ltr'>neque</span> <span class='ocrx_word' id='word_1_247' title='bbox 1436 2169 1486 2202; x_wconf 78' lang='lat' dir='ltr'><strong><em>ita</em></strong></span> <span class='ocrx_word' id='word_1_248' title='bbox 1509 2170 1565 2203; x_wconf 87' lang='lat' dir='ltr'>di-</span> 
     </span>
     <span class='ocr_line' id='line_1_30' title="bbox 111 2215 1570 2263; baseline -0.005 -9"><span class='ocrx_word' id='word_1_249' title='bbox 111 2221 226 2255; x_wconf 81' lang='lat' dir='ltr'>lucida</span> <span class='ocrx_word' id='word_1_250' title='bbox 249 2226 341 2253; x_wconf 85' lang='lat' dir='ltr'>sunt.</span> <span class='ocrx_word' id='word_1_251' title='bbox 390 2231 503 2263; x_wconf 85' lang='lat' dir='ltr'>neque</span> <span class='ocrx_word' id='word_1_252' title='bbox 528 2218 638 2252; x_wconf 85' lang='lat' dir='ltr'>minus</span> <span class='ocrx_word' id='word_1_253' title='bbox 665 2224 799 2251; x_wconf 85' lang='lat' dir='ltr'>utemur</span> <span class='ocrx_word' id='word_1_254' title='bbox 822 2217 987 2261; x_wconf 76' lang='lat' dir='ltr'>reliquiS,</span> <span class='ocrx_word' id='word_1_255' title='bbox 1015 2215 1215 2250; x_wconf 77' lang='lat' dir='ltr'><strong>Tarchonte</strong></span> <span class='ocrx_word' id='word_1_256' title='bbox 1238 2216 1417 2259; x_wconf 79' lang='lat' dir='ltr'>aruspice,</span> <span class='ocrx_word' id='word_1_257' title='bbox 1440 2215 1570 2248; x_wconf 68' lang='lat' dir='ltr'>LTar—</span> 
     </span>
     <span class='ocr_line' id='line_1_31' title="bbox 114 2261 1569 2311; baseline -0.005 -12"><span class='ocrx_word' id='word_1_258' title='bbox 114 2266 225 2311; x_wconf 77' lang='lat' dir='ltr'>quitio</span> <span class='ocrx_word' id='word_1_259' title='bbox 252 2277 336 2309; x_wconf 81' lang='lat' dir='ltr'>rege</span> <span class='ocrx_word' id='word_1_260' title='bbox 365 2275 564 2307; x_wconf 84' lang='lat' dir='ltr'>sacrorum,</span> <span class='ocrx_word' id='word_1_261' title='bbox 599 2262 771 2307; x_wconf 81' lang='lat' dir='ltr'>Capitone</span> <span class='ocrx_word' id='word_1_262' title='bbox 794 2264 982 2307; x_wconf 85' lang='lat' dir='ltr'>pontifice,</span> <span class='ocrx_word' id='word_1_263' title='bbox 1017 2266 1056 2295; x_wconf 83' lang='lat' dir='ltr'><strong><em>ut</em></strong></span> <span class='ocrx_word' id='word_1_264' title='bbox 1085 2274 1129 2295; x_wconf 88' lang='lat' dir='ltr'><strong><em>ex</em></strong></span> <span class='ocrx_word' id='word_1_265' title='bbox 1151 2261 1298 2294; x_wconf 88' lang='lat' dir='ltr'>omnium</span> <span class='ocrx_word' id='word_1_266' title='bbox 1324 2262 1442 2295; x_wconf 81' lang='lat' dir='ltr'>horum</span> <span class='ocrx_word' id='word_1_267' title='bbox 1466 2261 1569 2294; x_wconf 80' lang='lat' dir='ltr'>dictis</span> 
     </span>
     <span class='ocr_line' id='line_1_32' title="bbox 114 2306 1570 2353; baseline -0.005 -8"><span class='ocrx_word' id='word_1_268' title='bbox 114 2311 315 2346; x_wconf 79' lang='lat' dir='ltr'>concinnam</span> <span class='ocrx_word' id='word_1_269' title='bbox 339 2311 527 2344; x_wconf 84' lang='lat' dir='ltr'>efficiamus</span> <span class='ocrx_word' id='word_1_270' title='bbox 551 2308 740 2352; x_wconf 79' lang='lat' dir='ltr'>argumenti</span> <span class='ocrx_word' id='word_1_271' title='bbox 764 2308 1059 2353; x_wconf 81' lang='lat' dir='ltr'>compositionem.</span> <span class='ocrx_word' id='word_1_272' title='bbox 1107 2313 1245 2352; x_wconf 81' lang='lat' dir='ltr'>oportet</span> <span class='ocrx_word' id='word_1_273' title='bbox 1272 2306 1378 2350; x_wconf 81' lang='lat' dir='ltr'>igitur</span> <span class='ocrx_word' id='word_1_274' title='bbox 1404 2318 1570 2339; x_wconf 72' lang='lat' dir='ltr'>enarrare</span> 
     </span>
     <span class='ocr_line' id='line_1_33' title="bbox 113 2352 1570 2411; baseline -0.004 -21"><span class='ocrx_word' id='word_1_275' title='bbox 113 2357 259 2411; x_wconf 78' lang='lat' dir='ltr'>primum</span> <span class='ocrx_word' id='word_1_276' title='bbox 283 2357 360 2401; x_wconf 88' lang='lat' dir='ltr'>quis</span> <span class='ocrx_word' id='word_1_277' title='bbox 391 2356 500 2389; x_wconf 86' lang='lat' dir='ltr'>fuerit</span> <span class='ocrx_word' id='word_1_278' title='bbox 522 2355 552 2388; x_wconf 87' lang='lat' dir='ltr'><strong><em>is</em></strong></span> <span class='ocrx_word' id='word_1_279' title='bbox 575 2355 712 2398; x_wconf 80' lang='lat' dir='ltr'>Tages,</span> <span class='ocrx_word' id='word_1_280' title='bbox 743 2354 802 2398; x_wconf 87' lang='lat' dir='ltr'><strong><em>qni</em></strong></span> <span class='ocrx_word' id='word_1_281' title='bbox 831 2353 976 2398; x_wconf 84' lang='lat' dir='ltr'>reliqui,</span> <span class='ocrx_word' id='word_1_282' title='bbox 1009 2363 1146 2397; x_wconf 90' lang='lat' dir='ltr'>quoque</span> <span class='ocrx_word' id='word_1_283' title='bbox 1170 2353 1289 2394; x_wconf 89' lang='lat' dir='ltr'>modo,</span> <span class='ocrx_word' id='word_1_284' title='bbox 1319 2352 1417 2385; x_wconf 89' lang='lat' dir='ltr'>iuxta</span> <span class='ocrx_word' id='word_1_285' title='bbox 1439 2363 1570 2385; x_wconf 84' lang='lat' dir='ltr'>morem</span> 
     </span>
     <span class='ocr_line' id='line_1_34' title="bbox 113 2398 1350 2444; baseline -0.006 -7"><span class='ocrx_word' id='word_1_286' title='bbox 113 2414 149 2436; x_wconf 86' lang='lat' dir='ltr'>m</span> <span class='ocrx_word' id='word_1_287' title='bbox 170 2402 280 2437; x_wconf 74' lang='lat' dir='ltr'>sacris</span> <span class='ocrx_word' id='word_1_288' title='bbox 302 2407 478 2435; x_wconf 82' lang='lat' dir='ltr'>servatum</span> <span class='ocrx_word' id='word_1_289' title='bbox 491 2428 500 2444; x_wconf 89' lang='lat'>‚</span> <span class='ocrx_word' id='word_1_290' title='bbox 525 2400 561 2434; x_wconf 89' lang='lat' dir='ltr'>id</span> <span class='ocrx_word' id='word_1_291' title='bbox 585 2412 691 2444; x_wconf 84' lang='lat' dir='ltr'>genus</span> <span class='ocrx_word' id='word_1_292' title='bbox 715 2399 919 2444; x_wconf 86' lang='lat' dir='ltr'>disciplinae</span> <span class='ocrx_word' id='word_1_293' title='bbox 943 2398 1052 2431; x_wconf 88' lang='lat' dir='ltr'>literis</span> <span class='ocrx_word' id='word_1_294' title='bbox 1074 2399 1121 2431; x_wconf 91' lang='lat' dir='ltr'><strong><em>sit</em></strong></span> <span class='ocrx_word' id='word_1_295' title='bbox 1141 2398 1350 2431; x_wconf 83' lang='lat' dir='ltr'>mandatum.</span> 
     </span>
    </p>

    <p class='ocr_par' dir='ltr' id='par_1_7' title="bbox 109 2441 1575 2902">
     <span class='ocr_line' id='line_1_35' title="bbox 205 2441 1571 2490; baseline -0.005 -9"><span class='ocrx_word' id='word_1_296' title='bbox 205 2449 240 2483; x_wconf 83' lang='lat'><strong><em>3.</em></strong></span> <span class='ocrx_word' id='word_1_297' title='bbox 290 2447 454 2480; x_wconf 86' lang='lat' dir='ltr'>Tarchon</span> <span class='ocrx_word' id='word_1_298' title='bbox 474 2446 536 2490; x_wconf 93' lang='lat' dir='ltr'>(id</span> <span class='ocrx_word' id='word_1_299' title='bbox 560 2446 593 2479; x_wconf 88' lang='lat' dir='ltr'><strong><em>ei</em></strong></span> <span class='ocrx_word' id='word_1_300' title='bbox 615 2447 759 2488; x_wconf 87' lang='lat' dir='ltr'>nomen)</span> <span class='ocrx_word' id='word_1_301' title='bbox 785 2457 935 2490; x_wconf 86' lang='lat' dir='ltr'>aruspex</span> <span class='ocrx_word' id='word_1_302' title='bbox 959 2444 1045 2487; x_wconf 86' lang='lat' dir='ltr'>fuit,</span> <span class='ocrx_word' id='word_1_303' title='bbox 1078 2448 1115 2476; x_wconf 86' lang='lat' dir='ltr'><strong><em>ut</em></strong></span> <span class='ocrx_word' id='word_1_304' title='bbox 1138 2443 1214 2487; x_wconf 87' lang='lat' dir='ltr'>ipse</span> <span class='ocrx_word' id='word_1_305' title='bbox 1239 2443 1275 2475; x_wconf 88' lang='lat' dir='ltr'><strong><em>in</em></strong></span> <span class='ocrx_word' id='word_1_306' title='bbox 1299 2441 1428 2486; x_wconf 87' lang='lat' dir='ltr'>scripto</span> <span class='ocrx_word' id='word_1_307' title='bbox 1454 2442 1571 2485; x_wconf 78' lang='lat' dir='ltr'>affert,</span> 
     </span>
     <span class='ocr_line' id='line_1_36' title="bbox 115 2486 1572 2537; baseline -0.005 -10"><span class='ocrx_word' id='word_1_308' title='bbox 115 2504 202 2528; x_wconf 82' lang='lat' dir='ltr'>unus</span> <span class='ocrx_word' id='word_1_309' title='bbox 233 2493 276 2527; x_wconf 87' lang='lat' dir='ltr'><strong><em>de</em></strong></span> <span class='ocrx_word' id='word_1_310' title='bbox 308 2493 375 2526; x_wconf 87' lang='lat' dir='ltr'>illis</span> <span class='ocrx_word' id='word_1_311' title='bbox 409 2492 469 2537; x_wconf 89' lang='lat' dir='ltr'><strong><em>qui</em></strong></span> <span class='ocrx_word' id='word_1_312' title='bbox 501 2503 522 2525; x_wconf 82' lang='lat' dir='ltr'>a</span> <span class='ocrx_word' id='word_1_313' title='bbox 552 2491 738 2535; x_wconf 82' lang='lat' dir='ltr'>Tyrrheno</span> <span class='ocrx_word' id='word_1_314' title='bbox 769 2491 870 2533; x_wconf 84' lang='lat' dir='ltr'>Lydo</span> <span class='ocrx_word' id='word_1_315' title='bbox 902 2489 1018 2524; x_wconf 80' lang='lat' dir='ltr'>edocti</span> <span class='ocrx_word' id='word_1_316' title='bbox 1049 2493 1141 2522; x_wconf 84' lang='lat' dir='ltr'>sunt.</span> <span class='ocrx_word' id='word_1_317' title='bbox 1200 2488 1428 2521; x_wconf 84' lang='lat' dir='ltr'>Etruscorum</span> <span class='ocrx_word' id='word_1_318' title='bbox 1459 2486 1572 2520; x_wconf 82' lang='lat' dir='ltr'>literis</span> 
     </span>
     <span class='ocr_line' id='line_1_37' title="bbox 115 2533 1569 2584; baseline -0.005 -12"><span class='ocrx_word' id='word_1_319' title='bbox 115 2538 318 2584; x_wconf 85' lang='lat' dir='ltr'>aperiuntur</span> <span class='ocrx_word' id='word_1_320' title='bbox 348 2538 454 2581; x_wconf 84' lang='lat' dir='ltr'><strong><em>haec⁷</em></strong></span> <span class='ocrx_word' id='word_1_321' title='bbox 491 2549 604 2581; x_wconf 88' lang='lat' dir='ltr'>neque</span> <span class='ocrx_word' id='word_1_322' title='bbox 638 2537 716 2570; x_wconf 89' lang='lat' dir='ltr'><strong><em>dum</em></strong></span> <span class='ocrx_word' id='word_1_323' title='bbox 745 2535 781 2569; x_wconf 90' lang='lat' dir='ltr'><strong><em>in</em></strong></span> <span class='ocrx_word' id='word_1_324' title='bbox 810 2536 894 2570; x_wconf 83' lang='lat' dir='ltr'>loeis</span> <span class='ocrx_word' id='word_1_325' title='bbox 925 2535 993 2568; x_wconf 86' lang='lat' dir='ltr'>illis</span> <span class='ocrx_word' id='word_1_326' title='bbox 1026 2535 1191 2568; x_wconf 85' lang='lat' dir='ltr'>Evander</span> <span class='ocrx_word' id='word_1_327' title='bbox 1213 2533 1320 2566; x_wconf 80' lang='lat' dir='ltr'>Arcas</span> <span class='ocrx_word' id='word_1_328' title='bbox 1347 2536 1569 2577; x_wconf 83' lang='lat' dir='ltr'>apparuerat.</span> 
     </span>
     <span class='ocr_line' id='line_1_38' title="bbox 117 2580 1570 2625; baseline -0.006 -7"><span class='ocrx_word' id='word_1_329' title='bbox 117 2588 193 2618; x_wconf 79' lang='lat' dir='ltr'>erat</span> <span class='ocrx_word' id='word_1_330' title='bbox 213 2589 326 2618; x_wconf 82' lang='lat' dir='ltr'>autem</span> <span class='ocrx_word' id='word_1_331' title='bbox 347 2588 429 2617; x_wconf 87' lang='lat' dir='ltr'>tunc</span> <span class='ocrx_word' id='word_1_332' title='bbox 451 2583 518 2617; x_wconf 87' lang='lat' dir='ltr'>alia</span> <span class='ocrx_word' id='word_1_333' title='bbox 541 2582 717 2616; x_wconf 88' lang='lat' dir='ltr'>literarum</span> <span class='ocrx_word' id='word_1_334' title='bbox 744 2582 877 2624; x_wconf 83' lang='lat' dir='ltr'>figura,</span> <span class='ocrx_word' id='word_1_335' title='bbox 912 2593 977 2614; x_wconf 89' lang='lat' dir='ltr'><strong><em>nec</em></strong></span> <span class='ocrx_word' id='word_1_336' title='bbox 999 2591 1139 2625; x_wconf 88' lang='lat' dir='ltr'>prorsus</span> <span class='ocrx_word' id='word_1_337' title='bbox 1164 2583 1356 2623; x_wconf 80' lang='lat' dir='ltr'>pervagata</span> <span class='ocrx_word' id='word_1_338' title='bbox 1377 2580 1467 2621; x_wconf 85' lang='lat' dir='ltr'>apud</span> <span class='ocrx_word' id='word_1_339' title='bbox 1487 2589 1570 2610; x_wconf 86' lang='lat' dir='ltr'>nos:</span> 
     </span>
     <span class='ocr_line' id='line_1_39' title="bbox 117 2624 1571 2671; baseline -0.006 -8"><span class='ocrx_word' id='word_1_340' title='bbox 117 2629 219 2663; x_wconf 76' lang='lat' dir='ltr'>aliter</span> <span class='ocrx_word' id='word_1_341' title='bbox 240 2629 329 2662; x_wconf 88' lang='lat' dir='ltr'>enim</span> <span class='ocrx_word' id='word_1_342' title='bbox 352 2641 394 2663; x_wconf 87' lang='lat' dir='ltr'><strong><em>ex</em></strong></span> <span class='ocrx_word' id='word_1_343' title='bbox 418 2628 563 2662; x_wconf 85' lang='lat' dir='ltr'>secretis</span> <span class='ocrx_word' id='word_1_344' title='bbox 595 2627 871 2671; x_wconf 85' lang='lat' dir='ltr'>necessariisque</span> <span class='ocrx_word' id='word_1_345' title='bbox 902 2626 988 2660; x_wconf 82' lang='lat' dir='ltr'>nihil</span> <span class='ocrx_word' id='word_1_346' title='bbox 1012 2627 1053 2659; x_wconf 86' lang='lat' dir='ltr'>ad</span> <span class='ocrx_word' id='word_1_347' title='bbox 1079 2625 1167 2658; x_wconf 88' lang='lat' dir='ltr'>hanc</span> <span class='ocrx_word' id='word_1_348' title='bbox 1190 2624 1280 2658; x_wconf 87' lang='lat' dir='ltr'>diem</span> <span class='ocrx_word' id='word_1_349' title='bbox 1303 2624 1487 2657; x_wconf 82' lang='lat' dir='ltr'>mansisset</span> <span class='ocrx_word' id='word_1_350' title='bbox 1511 2635 1571 2656; x_wconf 81' lang='lat' dir='ltr'>oc-</span> 
     </span>
     <span class='ocr_line' id='line_1_40' title="bbox 118 2668 1571 2718; baseline -0.005 -10"><span class='ocrx_word' id='word_1_351' title='bbox 118 2674 256 2708; x_wconf 78' lang='lat' dir='ltr'><strong><em>cultum.</em></strong></span> <span class='ocrx_word' id='word_1_352' title='bbox 303 2675 354 2709; x_wconf 83' lang='lat' dir='ltr'><strong><em>ait</em></strong></span> <span class='ocrx_word' id='word_1_353' title='bbox 371 2674 478 2718; x_wconf 78' lang='lat' dir='ltr'>igitur</span> <span class='ocrx_word' id='word_1_354' title='bbox 497 2674 661 2708; x_wconf 84' lang='lat' dir='ltr'>Tarchon</span> <span class='ocrx_word' id='word_1_355' title='bbox 682 2673 718 2706; x_wconf 90' lang='lat' dir='ltr'><strong><em>in</em></strong></span> <span class='ocrx_word' id='word_1_356' title='bbox 742 2672 893 2716; x_wconf 86' lang='lat' dir='ltr'>scripto,</span> <span class='ocrx_word' id='word_1_357' title='bbox 918 2672 1011 2716; x_wconf 90' lang='lat' dir='ltr'>quod</span> <span class='ocrx_word' id='word_1_358' title='bbox 1035 2671 1157 2714; x_wconf 81' lang='lat' dir='ltr'>Tagae</span> <span class='ocrx_word' id='word_1_359' title='bbox 1181 2681 1259 2704; x_wconf 87' lang='lat' dir='ltr'>esse</span> <span class='ocrx_word' id='word_1_360' title='bbox 1280 2675 1360 2702; x_wconf 88' lang='lat' dir='ltr'>sunt</span> <span class='ocrx_word' id='word_1_361' title='bbox 1378 2668 1438 2712; x_wconf 88' lang='lat' dir='ltr'><strong><em>qui</em></strong></span> <span class='ocrx_word' id='word_1_362' title='bbox 1457 2669 1571 2712; x_wconf 84' lang='lat' dir='ltr'>suspi-</span> 
     </span>
     <span class='ocr_line' id='line_1_41' title="bbox 118 2713 1575 2764; baseline -0.005 -10"><span class='ocrx_word' id='word_1_363' title='bbox 118 2726 258 2762; x_wconf 85' lang='lat' dir='ltr'>centur,</span> <span class='ocrx_word' id='word_1_364' title='bbox 293 2720 385 2764; x_wconf 88' lang='lat' dir='ltr'>quod</span> <span class='ocrx_word' id='word_1_365' title='bbox 408 2719 480 2762; x_wconf 90' lang='lat' dir='ltr'>ibi,</span> <span class='ocrx_word' id='word_1_366' title='bbox 514 2719 551 2754; x_wconf 85' lang='lat' dir='ltr'><strong><em>in</em></strong></span> <span class='ocrx_word' id='word_1_367' title='bbox 573 2730 739 2764; x_wconf 83' lang='lat' dir='ltr'>personas</span> <span class='ocrx_word' id='word_1_368' title='bbox 765 2717 952 2752; x_wconf 80' lang='lat' dir='ltr'>distributo</span> <span class='ocrx_word' id='word_1_369' title='bbox 977 2728 1156 2759; x_wconf 85' lang='lat' dir='ltr'>sermone,</span> <span class='ocrx_word' id='word_1_370' title='bbox 1191 2715 1386 2758; x_wconf 80' lang='lat' dir='ltr'>interrogat</span> <span class='ocrx_word' id='word_1_371' title='bbox 1410 2713 1575 2747; x_wconf 77' lang='lat' dir='ltr'>videlicet</span> 
     </span>
     <span class='ocr_line' id='line_1_42' title="bbox 109 2759 1575 2809; baseline -0.005 -10"><span class='ocrx_word' id='word_1_372' title='bbox 109 2765 303 2807; x_wconf 75' lang='lat' dir='ltr'>,Tar-chon,</span> <span class='ocrx_word' id='word_1_373' title='bbox 331 2766 522 2809; x_wconf 84' lang='lat' dir='ltr'>respondet</span> <span class='ocrx_word' id='word_1_374' title='bbox 548 2765 666 2809; x_wconf 87' lang='lat' dir='ltr'>Tages</span> <span class='ocrx_word' id='word_1_375' title='bbox 694 2768 816 2808; x_wconf 81' lang='lat' dir='ltr'>utpote</span> <span class='ocrx_word' id='word_1_376' title='bbox 843 2762 982 2796; x_wconf 83' lang='lat' dir='ltr'>assidue</span> <span class='ocrx_word' id='word_1_377' title='bbox 1006 2773 1146 2807; x_wconf 87' lang='lat' dir='ltr'>operam</span> <span class='ocrx_word' id='word_1_378' title='bbox 1166 2761 1251 2794; x_wconf 89' lang='lat' dir='ltr'>dans</span> <span class='ocrx_word' id='word_1_379' title='bbox 1276 2759 1404 2794; x_wconf 83' lang='lat' dir='ltr'>sacris:</span> <span class='ocrx_word' id='word_1_380' title='bbox 1435 2761 1497 2793; x_wconf 87' lang='lat' dir='ltr'><strong><em>sed</em></strong></span> <span class='ocrx_word' id='word_1_381' title='bbox 1524 2759 1575 2793; x_wconf 76' lang='lat' dir='ltr'><strong><em>ait</em></strong></span> 
     </span>
     <span class='ocr_line' id='line_1_43' title="bbox 116 2805 1572 2854; baseline -0.004 -10"><span class='ocrx_word' id='word_1_382' title='bbox 116 2811 209 2844; x_wconf 81' lang='lat' dir='ltr'>forte</span> <span class='ocrx_word' id='word_1_383' title='bbox 239 2809 407 2844; x_wconf 79' lang='lat' dir='ltr'>accidisse</span> <span class='ocrx_word' id='word_1_384' title='bbox 439 2810 506 2845; x_wconf 87' lang='lat' dir='ltr'>sibi</span> <span class='ocrx_word' id='word_1_385' title='bbox 536 2822 611 2845; x_wconf 88' lang='lat' dir='ltr'><strong><em>cum</em></strong></span> <span class='ocrx_word' id='word_1_386' title='bbox 645 2815 763 2844; x_wconf 84' lang='lat' dir='ltr'>araret</span> <span class='ocrx_word' id='word_1_387' title='bbox 785 2809 932 2854; x_wconf 87' lang='lat' dir='ltr'>quodam</span> <span class='ocrx_word' id='word_1_388' title='bbox 959 2808 1016 2842; x_wconf 86' lang='lat' dir='ltr'><strong><em>die</em></strong></span> <span class='ocrx_word' id='word_1_389' title='bbox 1040 2819 1112 2842; x_wconf 87' lang='lat' dir='ltr'><strong><em>rem</em></strong></span> <span class='ocrx_word' id='word_1_390' title='bbox 1135 2806 1346 2847; x_wconf 82' lang='lat' dir='ltr'>mirabilem,</span> <span class='ocrx_word' id='word_1_391' title='bbox 1381 2811 1417 2839; x_wconf 91' lang='lat' dir='ltr'><strong><em>et</em></strong></span> <span class='ocrx_word' id='word_1_392' title='bbox 1439 2805 1572 2849; x_wconf 76' lang='lat' dir='ltr'>qualem</span> 
     </span>
     <span class='ocr_line' id='line_1_44' title="bbox 117 2850 1573 2902; baseline -0.005 -10"><span class='ocrx_word' id='word_1_393' title='bbox 117 2867 216 2893; x_wconf 84' lang='lat' dir='ltr'>nemo</span> <span class='ocrx_word' id='word_1_394' title='bbox 239 2855 390 2891; x_wconf 74' lang='lat' dir='ltr'>audierit</span> <span class='ocrx_word' id='word_1_395' title='bbox 412 2866 559 2902; x_wconf 77' lang='lat' dir='ltr'>unquam</span> <span class='ocrx_word' id='word_1_396' title='bbox 583 2856 676 2891; x_wconf 88' lang='lat' dir='ltr'>omni</span> <span class='ocrx_word' id='word_1_397' title='bbox 697 2854 862 2891; x_wconf 84' lang='lat' dir='ltr'>memoria</span> <span class='ocrx_word' id='word_1_398' title='bbox 886 2854 1060 2890; x_wconf 83' lang='lat' dir='ltr'>evenisse.</span> <span class='ocrx_word' id='word_1_399' title='bbox 1109 2852 1286 2889; x_wconf 85' lang='lat' dir='ltr'>exstitisse</span> <span class='ocrx_word' id='word_1_400' title='bbox 1317 2850 1408 2886; x_wconf 85' lang='lat' dir='ltr'>enim</span> <span class='ocrx_word' id='word_1_401' title='bbox 1437 2862 1456 2886; x_wconf 89' lang='lat' dir='ltr'><strong><em>e</em></strong></span> <span class='ocrx_word' id='word_1_402' title='bbox 1480 2851 1573 2886; x_wconf 85' lang='lat' dir='ltr'>sulco</span> 
     </span>
    </p>
   </div>
  </div>
 </body>
</html>
