<?xml version="1.0" encoding="UTF-8"?>
<!DOCTYPE html PUBLIC "-//W3C//DTD XHTML 1.0 Transitional//EN"
    "http://www.w3.org/TR/xhtml1/DTD/xhtml1-transitional.dtd">
<html xmlns="http://www.w3.org/1999/xhtml" xml:lang="en" lang="en">
 <head>
  <title>
</title>
<meta http-equiv="Content-Type" content="text/html;charset=utf-8" />
  <meta name='ocr-system' content='tesseract 3.04.00' />
  <meta name='ocr-capabilities' content='ocr_page ocr_carea ocr_par ocr_line ocrx_word'/>
</head>
<body>
  <div class='ocr_page' id='page_1' title='image "./corpusscriptorum27niebuoft/corpusscriptorum27niebuoft_0295.png"; bbox 0 0 1748 3210; ppageno 0'>
   <div class='ocr_carea' id='block_1_1' title="bbox 381 168 1591 242">
    <p class='ocr_par' dir='ltr' id='par_1_1' title="bbox 381 168 1591 242">
     <span class='ocr_line' id='line_1_1' title="bbox 381 168 1591 242; baseline 0.003 -4"><span class='ocrx_word' id='word_1_1' title='bbox 381 195 456 238; x_wconf 85' lang='lat' dir='ltr'><strong>DE</strong></span> <span class='ocrx_word' id='word_1_2' title='bbox 488 192 934 238; x_wconf 70' lang='lat' dir='ltr'><strong>mcls’mflrssus</strong></span> <span class='ocrx_word' id='word_1_3' title='bbox 967 193 1014 236; x_wconf 88' lang='lat' dir='ltr'><strong>P.</strong></span> <span class='ocrx_word' id='word_1_4' title='bbox 1046 192 1100 236; x_wconf 87' lang='lat' dir='ltr'><strong>R.</strong></span> <span class='ocrx_word' id='word_1_5' title='bbox 1135 191 1239 235; x_wconf 77' lang='lat' dir='ltr'><strong>Lm.</strong></span> <span class='ocrx_word' id='word_1_6' title='bbox 1265 168 1341 237; x_wconf 84' lang='lat'>111.</span> <span class='ocrx_word' id='word_1_7' title='bbox 1494 197 1591 242; x_wconf 78' lang='lat'><strong>225</strong></span> 
     </span>
    </p>
   </div>
   <div class='ocr_carea' id='block_1_2' title="bbox 66 306 1599 1874">
    <p class='ocr_par' dir='ltr' id='par_1_2' title="bbox 72 306 1594 1051">
     <span class='ocr_line' id='line_1_2' title="bbox 135 306 1589 366; baseline -0.001 -13"><span class='ocrx_word' id='word_1_8' title='bbox 135 309 207 355; x_wconf 70' lang='grc' dir='ltr'><strong><em>οὔκ</em></strong></span> <span class='ocrx_word' id='word_1_9' title='bbox 235 306 317 353; x_wconf 67' lang='grc' dir='ltr'><strong><em>οἶδε</em></strong></span> <span class='ocrx_word' id='word_1_10' title='bbox 344 309 420 364; x_wconf 66' lang='grc' dir='ltr'><strong>μέν</strong></span> <span class='ocrx_word' id='word_1_11' title='bbox 451 307 599 360; x_wconf 74' lang='grc' dir='ltr'><strong><em>αὐτοὺς</em></strong></span> <span class='ocrx_word' id='word_1_12' title='bbox 626 307 822 351; x_wconf 68' lang='grc' dir='ltr'><strong><em>ἀνέκαθεν</em></strong></span> <span class='ocrx_word' id='word_1_13' title='bbox 840 308 887 350; x_wconf 79' lang='grc' dir='ltr'><strong>τὸ</strong></span> <span class='ocrx_word' id='word_1_14' title='bbox 907 309 1146 362; x_wconf 82' lang='grc' dir='ltr'><strong><em>πολίτευμα,</em></strong></span> <span class='ocrx_word' id='word_1_15' title='bbox 1181 306 1274 350; x_wconf 72' lang='grc' dir='ltr'><strong><em>οὐδ’</em></strong></span> <span class='ocrx_word' id='word_1_16' title='bbox 1299 308 1374 350; x_wconf 77' lang='grc' dir='ltr'><strong><em>εἶσὶ</em></strong></span> <span class='ocrx_word' id='word_1_17' title='bbox 1396 307 1519 366; x_wconf 70' lang='grc' dir='ltr'><strong><em>μέρος</em></strong></span> <span class='ocrx_word' id='word_1_18' title='bbox 1538 309 1589 352; x_wconf 80' lang='grc' dir='ltr'><strong><em>οὗ</em></strong></span> 
     </span>
     <span class='ocr_line' id='line_1_3' title="bbox 133 375 1591 436; baseline -0.003 -13"><span class='ocrx_word' id='word_1_19' title='bbox 133 384 207 436; x_wconf 80' lang='grc' dir='ltr'><strong>τῆς</strong></span> <span class='ocrx_word' id='word_1_20' title='bbox 225 383 296 422; x_wconf 80' lang='grc' dir='ltr'><strong>τοῦ</strong></span> <span class='ocrx_word' id='word_1_21' title='bbox 319 376 521 435; x_wconf 77' lang='grc' dir='ltr'><em>ἱππάρχου</em></span> <span class='ocrx_word' id='word_1_22' title='bbox 542 379 638 421; x_wconf 75' lang='grc' dir='ltr'><strong><em>οὐδὲ</em></strong></span> <span class='ocrx_word' id='word_1_23' title='bbox 654 378 738 433; x_wconf 86' lang='grc' dir='ltr'><strong>μὴν</strong></span> <span class='ocrx_word' id='word_1_24' title='bbox 757 382 829 432; x_wconf 82' lang='grc' dir='ltr'><strong>τῆς</strong></span> <span class='ocrx_word' id='word_1_25' title='bbox 847 382 928 420; x_wconf 83' lang='grc' dir='ltr'><strong>τῶν</strong></span> <span class='ocrx_word' id='word_1_26' title='bbox 946 375 1132 434; x_wconf 78' lang='grc' dir='ltr'><strong><em>ἐπάρχων</em></strong></span> <span class='ocrx_word' id='word_1_27' title='bbox 1152 375 1322 430; x_wconf 79' lang='grc' dir='ltr'><strong><em>τάξεως,</em></strong></span> <span class='ocrx_word' id='word_1_28' title='bbox 1362 376 1591 420; x_wconf 78' lang='grc' dir='ltr'><strong><em>ἴδιωτεύον-</em></strong></span> 
     </span>
     <span class='ocr_line' id='line_1_4' title="bbox 133 444 1592 504; baseline -0.002 -14"><span class='ocrx_word' id='word_1_29' title='bbox 133 464 198 498; x_wconf 82' lang='grc' dir='ltr'><strong>τες</strong></span> <span class='ocrx_word' id='word_1_30' title='bbox 216 447 260 490; x_wconf 80' lang='grc' dir='ltr'><strong>δὲ</strong></span> <span class='ocrx_word' id='word_1_31' title='bbox 278 451 492 504; x_wconf 80' lang='grc' dir='ltr'><strong><em>παρῆλθον</em></strong></span> <span class='ocrx_word' id='word_1_32' title='bbox 511 447 616 489; x_wconf 85' lang='grc' dir='ltr'><strong><em>κατὰ</em></strong></span> <span class='ocrx_word' id='word_1_33' title='bbox 635 447 680 489; x_wconf 86' lang='grc' dir='ltr'><strong>τὸ</strong></span> <span class='ocrx_word' id='word_1_34' title='bbox 706 446 923 502; x_wconf 78' lang='grc' dir='ltr'><strong><em>ἀναγκαῖον</em></strong></span> <span class='ocrx_word' id='word_1_35' title='bbox 944 448 1007 488; x_wconf 79' lang='grc' dir='ltr'><strong><em>ε’πὶ</em></strong></span> <span class='ocrx_word' id='word_1_36' title='bbox 1026 446 1077 489; x_wconf 84' lang='grc' dir='ltr'><strong>τὰ</strong></span> <span class='ocrx_word' id='word_1_37' title='bbox 1098 444 1330 503; x_wconf 79' lang='grc' dir='ltr'><strong><em>πράγματα.</em></strong></span> <span class='ocrx_word' id='word_1_38' title='bbox 1395 447 1462 488; x_wconf 79' lang='grc' dir='ltr'><strong>καὶ</strong></span> <span class='ocrx_word' id='word_1_39' title='bbox 1482 445 1592 495; x_wconf 79' lang='grc' dir='ltr'><strong><em>ὅπως</em></strong></span> 
     </span>
     <span class='ocr_line' id='line_1_5' title="bbox 131 513 1592 574; baseline -0.001 -16"><span class='ocrx_word' id='word_1_40' title='bbox 131 516 224 574; x_wconf 73' lang='grc' dir='ltr'><strong><em>ἐρῶ.</em></strong></span> <span class='ocrx_word' id='word_1_41' title='bbox 291 517 598 566; x_wconf 86' lang='grc' dir='ltr'><strong><em>Κωνσταντῖνος</em></strong></span> <span class='ocrx_word' id='word_1_42' title='bbox 628 519 808 573; x_wconf 81' lang='grc' dir='ltr'><strong><em>πρῶτος,</em></strong></span> <span class='ocrx_word' id='word_1_43' title='bbox 854 513 909 565; x_wconf 80' lang='grc' dir='ltr'><strong><em>ὥς</em></strong></span> <span class='ocrx_word' id='word_1_44' title='bbox 942 514 1172 571; x_wconf 64' lang='grc' dir='ltr'><strong><em>ἔμπροσθεν</em></strong></span> <span class='ocrx_word' id='word_1_45' title='bbox 1197 515 1349 571; x_wconf 75' lang='grc' dir='ltr'><strong><em>εἴρηται</em></strong></span> <span class='ocrx_word' id='word_1_46' title='bbox 1357 544 1372 565; x_wconf 91' lang='grc'><strong><em>,</em></strong></span> <span class='ocrx_word' id='word_1_47' title='bbox 1406 515 1592 557; x_wconf 72' lang='grc' dir='ltr'><strong><em>Σκυθίαν</em></strong></span> 
     </span>
     <span class='ocr_line' id='line_1_6' title="bbox 98 582 1592 640; baseline -0.003 -11"><span class='ocrx_word' id='word_1_48' title='bbox 98 591 173 629; x_wconf 68' lang='grc' dir='ltr'><strong>ὅτε</strong></span> <span class='ocrx_word' id='word_1_49' title='bbox 194 585 261 627; x_wconf 83' lang='grc' dir='ltr'><strong>καὶ</strong></span> <span class='ocrx_word' id='word_1_50' title='bbox 284 587 457 628; x_wconf 70' lang='grc' dir='ltr'><strong><em>ΙΙῚυσίαν</em></strong></span> <span class='ocrx_word' id='word_1_51' title='bbox 489 586 557 626; x_wconf 80' lang='grc' dir='ltr'><strong>καὶ</strong></span> <span class='ocrx_word' id='word_1_52' title='bbox 585 583 680 634; x_wconf 79' lang='grc' dir='ltr'><strong><em>τοὺς</em></strong></span> <span class='ocrx_word' id='word_1_53' title='bbox 714 585 758 635; x_wconf 77' lang='grc' dir='ltr'><strong>ἐξ</strong></span> <span class='ocrx_word' id='word_1_54' title='bbox 788 586 944 626; x_wconf 75' lang='grc' dir='ltr'>ἐκείνων</span> <span class='ocrx_word' id='word_1_55' title='bbox 977 583 1132 640; x_wconf 83' lang='grc' dir='ltr'><strong><em>φόρους</em></strong></span> <span class='ocrx_word' id='word_1_56' title='bbox 1160 582 1269 626; x_wconf 77' lang='grc' dir='ltr'><strong><em>ἄκων</em></strong></span> <span class='ocrx_word' id='word_1_57' title='bbox 1301 583 1492 637; x_wconf 74' lang='grc' dir='ltr'><strong><em>ἐζημίωσε</em></strong></span> <span class='ocrx_word' id='word_1_58' title='bbox 1517 583 1592 638; x_wconf 83' lang='grc' dir='ltr'><strong>τὴν</strong></span> 
     </span>
     <span class='ocr_line' id='line_1_7' title="bbox 122 650 1594 710; baseline -0.001 -14"><span class='ocrx_word' id='word_1_59' title='bbox 122 650 351 708; x_wconf 74' lang='grc' dir='ltr'><strong><em>Ῥωμαὶκὴν</em></strong></span> <span class='ocrx_word' id='word_1_60' title='bbox 379 654 602 705; x_wconf 89' lang='grc' dir='ltr'><strong><em>πολιτειάν,</em></strong></span> <span class='ocrx_word' id='word_1_61' title='bbox 635 653 710 703; x_wconf 83' lang='grc' dir='ltr'><strong>τὰς</strong></span> <span class='ocrx_word' id='word_1_62' title='bbox 743 651 1006 710; x_wconf 70' lang='grc' dir='ltr'><strong><em>φρουροῦσας</em></strong></span> <span class='ocrx_word' id='word_1_63' title='bbox 1039 652 1230 705; x_wconf 79' lang='grc' dir='ltr'><strong><em>δυνάμεις</em></strong></span> <span class='ocrx_word' id='word_1_64' title='bbox 1260 652 1334 707; x_wconf 83' lang='grc' dir='ltr'><strong>τὴν</strong></span> <span class='ocrx_word' id='word_1_65' title='bbox 1365 650 1494 706; x_wconf 74' lang='grc' dir='ltr'><strong><em>ὄχθην</em></strong></span> <span class='ocrx_word' id='word_1_66' title='bbox 1520 654 1594 694; x_wconf 79' lang='grc' dir='ltr'><strong>τοῦ</strong></span> 
     </span>
     <span class='ocr_line' id='line_1_8' title="bbox 127 720 1593 778; baseline -0.001 -15"><span class='ocrx_word' id='word_1_67' title='bbox 127 721 232 778; x_wconf 82' lang='grc' dir='ltr'><strong><em>πρὸς</em></strong></span> <span class='ocrx_word' id='word_1_68' title='bbox 254 722 404 778; x_wconf 79' lang='grc' dir='ltr'><em>βορέαν</em></span> <span class='ocrx_word' id='word_1_69' title='bbox 422 720 583 778; x_wconf 83' lang='grc' dir='ltr'><strong><em>Ἴστρου</em></strong></span> <span class='ocrx_word' id='word_1_70' title='bbox 608 720 672 762; x_wconf 72' lang='grc' dir='ltr'><strong><em>ἐπὶ</em></strong></span> <span class='ocrx_word' id='word_1_71' title='bbox 693 721 767 776; x_wconf 82' lang='grc' dir='ltr'><strong>τὴν</strong></span> <span class='ocrx_word' id='word_1_72' title='bbox 785 720 894 764; x_wconf 80' lang='grc' dir='ltr'><strong><em>κάτω</em></strong></span> <span class='ocrx_word' id='word_1_73' title='bbox 919 721 1058 763; x_wconf 81' lang='grc' dir='ltr'><strong><em>Ἀσίαν</em></strong></span> <span class='ocrx_word' id='word_1_74' title='bbox 1079 722 1156 764; x_wconf 76' lang='grc' dir='ltr'><strong><em>δέει</em></strong></span> <span class='ocrx_word' id='word_1_75' title='bbox 1176 721 1412 778; x_wconf 76' lang='grc' dir='ltr'><strong><em>τυραννίδος</em></strong></span> <span class='ocrx_word' id='word_1_76' title='bbox 1433 722 1593 763; x_wconf 84' lang='grc' dir='ltr'><strong><em>διασκε-</em></strong></span> 
     </span>
     <span class='ocr_line' id='line_1_9' title="bbox 129 788 1592 847; baseline -0.001 -15"><span class='ocrx_word' id='word_1_77' title='bbox 129 788 367 844; x_wconf 82' lang='grc' dir='ltr'><strong><em>δασάμενος.</em></strong></span> <span class='ocrx_word' id='word_1_78' title='bbox 435 790 524 844; x_wconf 71' lang='grc' dir='ltr'><strong><em>ἐμοὶ</em></strong></span> <span class='ocrx_word' id='word_1_79' title='bbox 557 790 601 832; x_wconf 80' lang='grc' dir='ltr'><strong>δὲ</strong></span> <span class='ocrx_word' id='word_1_80' title='bbox 635 791 750 833; x_wconf 81' lang='grc' dir='ltr'><strong><em>δοκεῖ</em></strong></span> <span class='ocrx_word' id='word_1_81' title='bbox 751 822 765 841; x_wconf 91' lang='grc'><strong><em>,</em></strong></span> <span class='ocrx_word' id='word_1_82' title='bbox 811 790 946 847; x_wconf 79' lang='grc' dir='ltr'><strong><em>βραχὺ</em></strong></span> <span class='ocrx_word' id='word_1_83' title='bbox 978 790 1279 846; x_wconf 77' lang='grc' dir='ltr'><strong><em>παρατραπέντι</em></strong></span> <span class='ocrx_word' id='word_1_84' title='bbox 1314 794 1387 832; x_wconf 79' lang='grc' dir='ltr'><strong>τοῦ</strong></span> <span class='ocrx_word' id='word_1_85' title='bbox 1425 794 1592 840; x_wconf 80' lang='grc' dir='ltr'><strong><em>σκοποῦ,</em></strong></span> 
     </span>
     <span class='ocr_line' id='line_1_10' title="bbox 129 858 1594 917; baseline 0 -17"><span class='ocrx_word' id='word_1_86' title='bbox 129 860 219 916; x_wconf 79' lang='grc' dir='ltr'><strong><em>περὶ</em></strong></span> <span class='ocrx_word' id='word_1_87' title='bbox 241 863 314 914; x_wconf 83' lang='grc' dir='ltr'><strong>τῆς</strong></span> <span class='ocrx_word' id='word_1_88' title='bbox 336 859 607 917; x_wconf 85' lang='grc' dir='ltr'><strong><em>προσηγορίας</em></strong></span> <span class='ocrx_word' id='word_1_89' title='bbox 631 863 706 902; x_wconf 79' lang='grc' dir='ltr'><strong>τοῦ</strong></span> <span class='ocrx_word' id='word_1_90' title='bbox 725 863 913 913; x_wconf 78' lang='grc' dir='ltr'><strong><em>ποταμοῦ</em></strong></span> <span class='ocrx_word' id='word_1_91' title='bbox 943 858 1011 900; x_wconf 79' lang='grc' dir='ltr'><strong>διὰ</strong></span> <span class='ocrx_word' id='word_1_92' title='bbox 1037 858 1224 914; x_wconf 80' lang='grc' dir='ltr'><strong><em>βραχέων</em></strong></span> <span class='ocrx_word' id='word_1_93' title='bbox 1252 860 1393 900; x_wconf 73' lang='grc' dir='ltr'><strong><em>εἰπεῖν·</em></strong></span> <span class='ocrx_word' id='word_1_94' title='bbox 1427 862 1499 900; x_wconf 85' lang='grc' dir='ltr'><strong>νῦν</strong></span> <span class='ocrx_word' id='word_1_95' title='bbox 1518 858 1594 912; x_wconf 68' lang='grc' dir='ltr'><strong>μὲν</strong></span> 
     </span>
     <span class='ocr_line' id='line_1_11' title="bbox 72 923 1592 984; baseline -0.001 -14"><span class='ocrx_word' id='word_1_96' title='bbox 72 934 119 970; x_wconf 83' lang='grc'><strong>10</strong></span> <span class='ocrx_word' id='word_1_97' title='bbox 129 925 208 983; x_wconf 78' lang='grc' dir='ltr'><strong>γὰρ</strong></span> <span class='ocrx_word' id='word_1_98' title='bbox 220 926 377 984; x_wconf 82' lang='grc' dir='ltr'><strong><em>Ἴστρον</em></strong></span> <span class='ocrx_word' id='word_1_99' title='bbox 399 931 471 970; x_wconf 80' lang='grc' dir='ltr'><strong>νῦν</strong></span> <span class='ocrx_word' id='word_1_100' title='bbox 491 927 535 969; x_wconf 78' lang='grc' dir='ltr'><strong>δὲ</strong></span> <span class='ocrx_word' id='word_1_101' title='bbox 551 925 784 980; x_wconf 76' lang='grc' dir='ltr'><strong><em>Λανούβιον</em></strong></span> <span class='ocrx_word' id='word_1_102' title='bbox 802 926 873 970; x_wconf 79' lang='grc' dir='ltr'><strong>τὸν</strong></span> <span class='ocrx_word' id='word_1_103' title='bbox 894 925 1017 970; x_wconf 77' lang='grc' dir='ltr'><strong><em>αὐτὸν</em></strong></span> <span class='ocrx_word' id='word_1_104' title='bbox 1035 923 1269 983; x_wconf 69' lang='grc' dir='ltr'><strong><em>εὑρίσκομεν</em></strong></span> <span class='ocrx_word' id='word_1_105' title='bbox 1286 923 1592 980; x_wconf 78' lang='grc' dir='ltr'><strong><em>ὀνομαζόμενον,</em></strong></span> 
     </span>
     <span class='ocr_line' id='line_1_12' title="bbox 126 993 681 1051; baseline -0.004 -13"><span class='ocrx_word' id='word_1_106' title='bbox 126 995 229 1039; x_wconf 81' lang='grc' dir='ltr'><strong><em>ὥστε</em></strong></span> <span class='ocrx_word' id='word_1_107' title='bbox 250 993 380 1051; x_wconf 81' lang='grc' dir='ltr'><em>δεήσει</em></span> <span class='ocrx_word' id='word_1_108' title='bbox 407 997 681 1045; x_wconf 80' lang='grc' dir='ltr'><strong><em>διδασκαλίας.</em></strong></span> 
     </span>
    </p>

    <p class='ocr_par' dir='ltr' id='par_1_3' title="bbox 124 1054 1599 1258">
     <span class='ocr_line' id='line_1_13' title="bbox 264 1054 1599 1120; baseline -0.004 -11"><span class='ocrx_word' id='word_1_109' title='bbox 264 1064 343 1109; x_wconf 81' lang='lat'><strong>32.</strong></span> <span class='ocrx_word' id='word_1_110' title='bbox 408 1063 476 1106; x_wconf 85' lang='grc' dir='ltr'><strong>Ἕκ</strong></span> <span class='ocrx_word' id='word_1_111' title='bbox 493 1068 575 1106; x_wconf 83' lang='grc' dir='ltr'><strong>τῶν</strong></span> <span class='ocrx_word' id='word_1_112' title='bbox 586 1061 794 1106; x_wconf 79' lang='grc' dir='ltr'><strong><em>Ῥαιτικῶν</em></strong></span> <span class='ocrx_word' id='word_1_113' title='bbox 817 1061 938 1120; x_wconf 79' lang='grc' dir='ltr'><strong><em>ὀρῶν,</em></strong></span> <span class='ocrx_word' id='word_1_114' title='bbox 962 1059 990 1104; x_wconf 75' lang='grc' dir='ltr'><em>ἃ</em></span> <span class='ocrx_word' id='word_1_115' title='bbox 1009 1065 1083 1117; x_wconf 81' lang='grc' dir='ltr'><strong>τῆς</strong></span> <span class='ocrx_word' id='word_1_116' title='bbox 1099 1054 1300 1117; x_wconf 78' lang='grc' dir='ltr'><strong><em>Κελτικῆς</em></strong></span> <span class='ocrx_word' id='word_1_117' title='bbox 1320 1060 1476 1118; x_wconf 80' lang='grc' dir='ltr'><strong><em>ὀρεινῆς</em></strong></span> <span class='ocrx_word' id='word_1_118' title='bbox 1494 1059 1599 1104; x_wconf 79' lang='grc' dir='ltr'><strong><em>εἶναι’</em></strong></span> 
     </span>
     <span class='ocr_line' id='line_1_14' title="bbox 125 1130 1594 1190; baseline -0.001 -16"><span class='ocrx_word' id='word_1_119' title='bbox 125 1147 250 1190; x_wconf 83' lang='grc' dir='ltr'><strong><em>φησιν</em></strong></span> <span class='ocrx_word' id='word_1_120' title='bbox 272 1130 294 1174; x_wconf 84' lang='grc' dir='ltr'><strong>ὅ</strong></span> <span class='ocrx_word' id='word_1_121' title='bbox 316 1133 482 1189; x_wconf 81' lang='grc' dir='ltr'><strong><em>Καῖσαρ</em></strong></span> <span class='ocrx_word' id='word_1_122' title='bbox 506 1132 548 1174; x_wconf 72' lang='grc' dir='ltr'><strong>ἓν</strong></span> <span class='ocrx_word' id='word_1_123' title='bbox 569 1133 716 1190; x_wconf 81' lang='grc' dir='ltr'><strong><em>βιβλίῳ</em></strong></span> <span class='ocrx_word' id='word_1_124' title='bbox 747 1135 805 1189; x_wconf 80' lang='grc' dir='ltr'><strong>τῷ</strong></span> <span class='ocrx_word' id='word_1_125' title='bbox 836 1130 983 1188; x_wconf 83' lang='grc' dir='ltr'><strong><em>πρώτῳ</em></strong></span> <span class='ocrx_word' id='word_1_126' title='bbox 1012 1135 1085 1185; x_wconf 80' lang='grc' dir='ltr'><strong>τῆς</strong></span> <span class='ocrx_word' id='word_1_127' title='bbox 1110 1130 1205 1173; x_wconf 78' lang='grc' dir='ltr'><strong><em>κατ’</em></strong></span> <span class='ocrx_word' id='word_1_128' title='bbox 1242 1130 1365 1173; x_wconf 77' lang='grc' dir='ltr'><strong><em>αὐτὸν</em></strong></span> <span class='ocrx_word' id='word_1_129' title='bbox 1387 1131 1429 1171; x_wconf 96' lang='grc' dir='ltr'><strong><em>Γ</em></strong></span> <span class='ocrx_word' id='word_1_130' title='bbox 1426 1133 1594 1185; x_wconf 79' lang='grc' dir='ltr'><strong><em>αλλικῆς</em></strong></span> 
     </span>
     <span class='ocr_line' id='line_1_15' title="bbox 124 1197 1593 1258; baseline 0 -17"><span class='ocrx_word' id='word_1_131' title='bbox 124 1199 387 1258; x_wconf 77' lang='grc' dir='ltr'><strong><em>ἐφημερίδος,</em></strong></span> <span class='ocrx_word' id='word_1_132' title='bbox 421 1201 464 1243; x_wconf 74' lang='grc' dir='ltr'><strong>ἐκ</strong></span> <span class='ocrx_word' id='word_1_133' title='bbox 487 1203 586 1254; x_wconf 83' lang='grc' dir='ltr'><strong><em>μιᾶς</em></strong></span> <span class='ocrx_word' id='word_1_134' title='bbox 606 1204 735 1255; x_wconf 81' lang='grc' dir='ltr'><strong><em>πηγῆς</em></strong></span> <span class='ocrx_word' id='word_1_135' title='bbox 768 1199 791 1241; x_wconf 82' lang='grc' dir='ltr'>ὅ</span> <span class='ocrx_word' id='word_1_136' title='bbox 825 1216 867 1242; x_wconf 88' lang='grc' dir='ltr'><strong>τε</strong></span> <span class='ocrx_word' id='word_1_137' title='bbox 893 1198 1032 1256; x_wconf 83' lang='grc' dir='ltr'><strong><em>Ῥῆνος</em></strong></span> <span class='ocrx_word' id='word_1_138' title='bbox 1062 1198 1085 1241; x_wconf 82' lang='grc' dir='ltr'>ὅ</span> <span class='ocrx_word' id='word_1_139' title='bbox 1109 1216 1150 1242; x_wconf 93' lang='grc' dir='ltr'><strong>τε</strong></span> <span class='ocrx_word' id='word_1_140' title='bbox 1168 1197 1346 1256; x_wconf 80' lang='grc' dir='ltr'><strong><em>Ἴστρος,</em></strong></span> <span class='ocrx_word' id='word_1_141' title='bbox 1382 1199 1593 1254; x_wconf 77' lang='grc' dir='ltr'><strong><em>οὐδέτερος</em></strong></span> 
     </span>
    </p>

    <p class='ocr_par' dir='ltr' id='par_1_4' title="bbox 70 1265 1591 1599">
     <span class='ocr_line' id='line_1_16' title="bbox 70 1265 1591 1324; baseline -0.001 -11"><span class='ocrx_word' id='word_1_142' title='bbox 70 1278 113 1314; x_wconf 82' lang='lat'><strong>15</strong></span> <span class='ocrx_word' id='word_1_143' title='bbox 126 1269 170 1311; x_wconf 77' lang='grc' dir='ltr'><strong>δὲ</strong></span> <span class='ocrx_word' id='word_1_144' title='bbox 192 1269 326 1311; x_wconf 74' lang='grc' dir='ltr'><strong><em>αὐτῶν</em></strong></span> <span class='ocrx_word' id='word_1_145' title='bbox 342 1268 400 1324; x_wconf 86' lang='grc' dir='ltr'><strong>μὴ</strong></span> <span class='ocrx_word' id='word_1_146' title='bbox 418 1268 491 1323; x_wconf 85' lang='grc' dir='ltr'><strong>τὴν</strong></span> <span class='ocrx_word' id='word_1_147' title='bbox 511 1270 739 1322; x_wconf 73' lang='grc' dir='ltr'><strong><em>ἐπωνυμίαν</em></strong></span> <span class='ocrx_word' id='word_1_148' title='bbox 760 1267 941 1322; x_wconf 79' lang='grc' dir='ltr'><strong><em>ἀμείψας</em></strong></span> <span class='ocrx_word' id='word_1_149' title='bbox 957 1268 1020 1308; x_wconf 79' lang='grc' dir='ltr'><strong><em>ε’πὶ</em></strong></span> <span class='ocrx_word' id='word_1_150' title='bbox 1039 1267 1112 1322; x_wconf 81' lang='grc' dir='ltr'><strong>τὴν</strong></span> <span class='ocrx_word' id='word_1_151' title='bbox 1129 1265 1347 1309; x_wconf 75' lang='grc' dir='ltr'><strong><em>θάλασσαν</em></strong></span> <span class='ocrx_word' id='word_1_152' title='bbox 1363 1269 1591 1317; x_wconf 72' lang='grc' dir='ltr'><strong><em>ἐξωθεῖται.</em></strong></span> 
     </span>
     <span class='ocr_line' id='line_1_17' title="bbox 124 1333 1591 1394; baseline -0.001 -15"><span class='ocrx_word' id='word_1_153' title='bbox 124 1333 147 1379; x_wconf 83' lang='grc' dir='ltr'><strong><em>ὃ</em></strong></span> <span class='ocrx_word' id='word_1_154' title='bbox 169 1337 242 1390; x_wconf 70' lang='grc' dir='ltr'><strong>μὲν</strong></span> <span class='ocrx_word' id='word_1_155' title='bbox 261 1337 340 1394; x_wconf 77' lang='grc' dir='ltr'><strong><em>γὰρ</em></strong></span> <span class='ocrx_word' id='word_1_156' title='bbox 356 1335 495 1392; x_wconf 85' lang='grc' dir='ltr'><strong><em>Ῥῆνος</em></strong></span> <span class='ocrx_word' id='word_1_157' title='bbox 514 1341 648 1379; x_wconf 82' lang='grc' dir='ltr'><strong><em>πᾶσαν</em></strong></span> <span class='ocrx_word' id='word_1_158' title='bbox 669 1336 740 1391; x_wconf 85' lang='grc' dir='ltr'><strong>τὴν</strong></span> <span class='ocrx_word' id='word_1_159' title='bbox 759 1335 990 1392; x_wconf 81' lang='grc' dir='ltr'><strong><em>Γαλατικὴν</em></strong></span> <span class='ocrx_word' id='word_1_160' title='bbox 1009 1334 1228 1391; x_wconf 80' lang='grc' dir='ltr'><strong><em>μεσόγειον,</em></strong></span> <span class='ocrx_word' id='word_1_161' title='bbox 1254 1339 1374 1393; x_wconf 78' lang='grc' dir='ltr'><strong><em>τριχῇ</em></strong></span> <span class='ocrx_word' id='word_1_162' title='bbox 1394 1336 1591 1393; x_wconf 76' lang='grc' dir='ltr'><strong><em>διῃρημέ-</em></strong></span> 
     </span>
     <span class='ocr_line' id='line_1_18' title="bbox 123 1403 1589 1461; baseline 0 -15"><span class='ocrx_word' id='word_1_163' title='bbox 123 1422 196 1460; x_wconf 86' lang='grc' dir='ltr'><strong>νην</strong></span> <span class='ocrx_word' id='word_1_164' title='bbox 217 1405 273 1455; x_wconf 76' lang='grc' dir='ltr'><strong>εῗς</strong></span> <span class='ocrx_word' id='word_1_165' title='bbox 290 1405 488 1460; x_wconf 79' lang='grc' dir='ltr'><strong><em>Κελτικὴν</em></strong></span> <span class='ocrx_word' id='word_1_166' title='bbox 506 1407 547 1446; x_wconf 94' lang='grc' dir='ltr'>Γ</span> <span class='ocrx_word' id='word_1_167' title='bbox 544 1406 761 1461; x_wconf 81' lang='grc' dir='ltr'><strong><em>ερμανικὴν</em></strong></span> <span class='ocrx_word' id='word_1_168' title='bbox 783 1407 849 1447; x_wconf 85' lang='grc' dir='ltr'><strong>καὶ</strong></span> <span class='ocrx_word' id='word_1_169' title='bbox 869 1403 1115 1460; x_wconf 79' lang='grc' dir='ltr'><strong><em>Γαλατικήν,</em></strong></span> <span class='ocrx_word' id='word_1_170' title='bbox 1140 1405 1360 1461; x_wconf 72' lang='grc' dir='ltr'><strong><em>διατρίχων</em></strong></span> <span class='ocrx_word' id='word_1_171' title='bbox 1382 1404 1455 1447; x_wconf 80' lang='grc' dir='ltr'><strong><em>οὐκ</em></strong></span> <span class='ocrx_word' id='word_1_172' title='bbox 1472 1403 1589 1461; x_wconf 77' lang='grc' dir='ltr'><strong><em>ἄρδει</em></strong></span> 
     </span>
     <span class='ocr_line' id='line_1_19' title="bbox 122 1471 1588 1530; baseline 0 -15"><span class='ocrx_word' id='word_1_173' title='bbox 122 1471 247 1527; x_wconf 86' lang='grc' dir='ltr'><strong><em>μόνον</em></strong></span> <span class='ocrx_word' id='word_1_174' title='bbox 264 1473 388 1528; x_wconf 77' lang='grc' dir='ltr'><strong><em>αὐτὴν</em></strong></span> <span class='ocrx_word' id='word_1_175' title='bbox 406 1473 509 1527; x_wconf 80' lang='grc' dir='ltr'><strong><em>μετὰ</em></strong></span> <span class='ocrx_word' id='word_1_176' title='bbox 523 1472 725 1525; x_wconf 86' lang='grc' dir='ltr'><strong><em>Ῥοδανόν,</em></strong></span> <span class='ocrx_word' id='word_1_177' title='bbox 760 1473 865 1515; x_wconf 76' lang='grc' dir='ltr'><strong><em>ἀλλὰ</em></strong></span> <span class='ocrx_word' id='word_1_178' title='bbox 881 1476 947 1516; x_wconf 86' lang='grc' dir='ltr'><strong>καὶ</strong></span> <span class='ocrx_word' id='word_1_179' title='bbox 972 1480 1161 1530; x_wconf 73' lang='grc' dir='ltr'><strong><em>φρουρεῖ,</em></strong></span> <span class='ocrx_word' id='word_1_180' title='bbox 1198 1471 1413 1529; x_wconf 80' lang='grc' dir='ltr'><strong><em>φυλάττων</em></strong></span> <span class='ocrx_word' id='word_1_181' title='bbox 1437 1473 1588 1530; x_wconf 79' lang='grc' dir='ltr'><strong><em>ἀνέφυ-</em></strong></span> 
     </span>
     <span class='ocr_line' id='line_1_20' title="bbox 123 1540 1586 1599; baseline 0 -15"><span class='ocrx_word' id='word_1_182' title='bbox 123 1543 219 1584; x_wconf 91' lang='grc' dir='ltr'><strong><em>δον·</em></strong></span> <span class='ocrx_word' id='word_1_183' title='bbox 253 1542 355 1598; x_wconf 84' lang='grc' dir='ltr'><strong><em>πρὸς</em></strong></span> <span class='ocrx_word' id='word_1_184' title='bbox 383 1543 427 1587; x_wconf 78' lang='grc' dir='ltr'><strong>δὲ</strong></span> <span class='ocrx_word' id='word_1_185' title='bbox 453 1541 499 1585; x_wconf 79' lang='grc' dir='ltr'><strong>τὸ</strong></span> <span class='ocrx_word' id='word_1_186' title='bbox 532 1542 658 1599; x_wconf 72' lang='grc' dir='ltr'><strong><em>πέρας</em></strong></span> <span class='ocrx_word' id='word_1_187' title='bbox 684 1541 828 1595; x_wconf 78' lang='grc' dir='ltr'><strong><em>σχεδὸν</em></strong></span> <span class='ocrx_word' id='word_1_188' title='bbox 858 1547 931 1597; x_wconf 81' lang='grc' dir='ltr'><strong>τῆς</strong></span> <span class='ocrx_word' id='word_1_189' title='bbox 954 1540 1106 1598; x_wconf 77' lang='grc' dir='ltr'><strong><em>ῥύσεως</em></strong></span> <span class='ocrx_word' id='word_1_190' title='bbox 1127 1543 1182 1593; x_wconf 76' lang='grc' dir='ltr'><strong>εἰς</strong></span> <span class='ocrx_word' id='word_1_191' title='bbox 1197 1540 1349 1584; x_wconf 65' lang='grc' dir='ltr'><strong><em>,ΖΡΙόσον</em></strong></span> <span class='ocrx_word' id='word_1_192' title='bbox 1369 1541 1438 1584; x_wconf 80' lang='grc' dir='ltr'><strong>τὸν</strong></span> <span class='ocrx_word' id='word_1_193' title='bbox 1456 1559 1586 1584; x_wconf 88' lang='grc' dir='ltr'><strong><em>ποτα-</em></strong></span> 
     </span>
    </p>

    <p class='ocr_par' dir='ltr' id='par_1_5' title="bbox 66 1608 1586 1874">
     <span class='ocr_line' id='line_1_21' title="bbox 66 1608 1579 1667; baseline 0.001 -16"><span class='ocrx_word' id='word_1_194' title='bbox 66 1608 220 1664; x_wconf 72' lang='grc' dir='ltr'><strong><em>Ξθμόν,</em></strong></span> <span class='ocrx_word' id='word_1_195' title='bbox 253 1612 409 1666; x_wconf 79' lang='grc' dir='ltr'><strong><em>γείτονα</em></strong></span> <span class='ocrx_word' id='word_1_196' title='bbox 429 1614 502 1652; x_wconf 79' lang='grc' dir='ltr'><strong>τοῦ</strong></span> <span class='ocrx_word' id='word_1_197' title='bbox 516 1612 679 1667; x_wconf 89' lang='grc' dir='ltr'><strong><em>βορείου</em></strong></span> <span class='ocrx_word' id='word_1_198' title='bbox 702 1609 803 1667; x_wconf 82' lang='grc' dir='ltr'><strong><em>πρὸς</em></strong></span> <span class='ocrx_word' id='word_1_199' title='bbox 825 1609 939 1653; x_wconf 75' lang='grc' dir='ltr'><strong><em>δύσιν</em></strong></span> <span class='ocrx_word' id='word_1_200' title='bbox 964 1610 1164 1662; x_wconf 81' lang='grc' dir='ltr'><strong><em>ὠκεανοῦ,</em></strong></span> <span class='ocrx_word' id='word_1_201' title='bbox 1211 1610 1457 1652; x_wconf 72' lang='grc' dir='ltr'><strong><em>ὄλισθαίνων</em></strong></span> <span class='ocrx_word' id='word_1_202' title='bbox 1479 1610 1579 1652; x_wconf 75' lang='grc' dir='ltr'><strong><em>α’πο-</em></strong></span> 
     </span>
     <span class='ocr_line' id='line_1_22' title="bbox 120 1673 1583 1736; baseline 0.001 -16"><span class='ocrx_word' id='word_1_203' title='bbox 120 1677 259 1732; x_wconf 79' lang='grc' dir='ltr'><strong><em>βάλλει</em></strong></span> <span class='ocrx_word' id='word_1_204' title='bbox 286 1680 361 1733; x_wconf 76' lang='grc' dir='ltr'><strong>μὲν</strong></span> <span class='ocrx_word' id='word_1_205' title='bbox 382 1678 454 1733; x_wconf 77' lang='grc' dir='ltr'><strong>τὴν</strong></span> <span class='ocrx_word' id='word_1_206' title='bbox 475 1673 601 1721; x_wconf 71' lang='grc' dir='ltr'><strong><em>οὖσαν</em></strong></span> <span class='ocrx_word' id='word_1_207' title='bbox 623 1678 731 1736; x_wconf 76' lang='grc' dir='ltr'><strong><em>αὐτῷ</em></strong></span> <span class='ocrx_word' id='word_1_208' title='bbox 753 1679 848 1721; x_wconf 71' lang='grc' dir='ltr'><strong><em>κατ’</em></strong></span> <span class='ocrx_word' id='word_1_209' title='bbox 874 1678 1004 1735; x_wconf 75' lang='grc' dir='ltr'><strong><em>ἀρχὰς</em></strong></span> <span class='ocrx_word' id='word_1_210' title='bbox 1027 1679 1280 1732; x_wconf 73' lang='grc' dir='ltr'><strong><em>ἐπωνυμίαν,</em></strong></span> <span class='ocrx_word' id='word_1_211' title='bbox 1313 1678 1406 1732; x_wconf 75' lang='grc' dir='ltr'><strong><em>μετ’</em></strong></span> <span class='ocrx_word' id='word_1_212' title='bbox 1433 1680 1583 1721; x_wconf 74' lang='grc' dir='ltr'><strong><em>ἐκείνου</em></strong></span> 
     </span>
     <span class='ocr_line' id='line_1_23' title="bbox 122 1745 1586 1804; baseline -0.001 -15"><span class='ocrx_word' id='word_1_213' title='bbox 122 1747 166 1789; x_wconf 76' lang='grc' dir='ltr'><strong>δὲ</strong></span> <span class='ocrx_word' id='word_1_214' title='bbox 183 1754 266 1798; x_wconf 80' lang='grc' dir='ltr'><strong><em>τοῖς</em></strong></span> <span class='ocrx_word' id='word_1_215' title='bbox 286 1752 358 1802; x_wconf 85' lang='grc' dir='ltr'><strong>τῆς</strong></span> <span class='ocrx_word' id='word_1_216' title='bbox 370 1750 640 1804; x_wconf 77' lang='grc' dir='ltr'><strong><em>Βρεττανικῆς</em></strong></span> <span class='ocrx_word' id='word_1_217' title='bbox 659 1745 870 1802; x_wconf 73' lang='grc' dir='ltr'><strong><em>θαλάττης</em></strong></span> <span class='ocrx_word' id='word_1_218' title='bbox 886 1746 1113 1803; x_wconf 78' lang='grc' dir='ltr'><strong><em>ἕπισύρεται</em></strong></span> <span class='ocrx_word' id='word_1_219' title='bbox 1131 1745 1306 1798; x_wconf 86' lang='grc' dir='ltr'><strong><em>κόλποις.</em></strong></span> <span class='ocrx_word' id='word_1_220' title='bbox 1336 1745 1357 1790; x_wconf 82' lang='grc' dir='ltr'><strong>ὅ</strong></span> <span class='ocrx_word' id='word_1_221' title='bbox 1373 1748 1416 1789; x_wconf 77' lang='grc' dir='ltr'><strong>δὲ</strong></span> <span class='ocrx_word' id='word_1_222' title='bbox 1428 1746 1586 1804; x_wconf 81' lang='grc' dir='ltr'><strong><em>Ἴστρος</em></strong></span> 
     </span>
     <span class='ocr_line' id='line_1_24' title="bbox 119 1814 1584 1874; baseline 0 -16"><span class='ocrx_word' id='word_1_223' title='bbox 119 1814 244 1867; x_wconf 73' lang='grc' dir='ltr'><strong><em>ἐάσας</em></strong></span> <span class='ocrx_word' id='word_1_224' title='bbox 259 1816 330 1859; x_wconf 82' lang='grc' dir='ltr'><strong>τὸν</strong></span> <span class='ocrx_word' id='word_1_225' title='bbox 349 1815 525 1873; x_wconf 81' lang='grc' dir='ltr'><strong><em>ἀδελφὸν</em></strong></span> <span class='ocrx_word' id='word_1_226' title='bbox 546 1816 647 1873; x_wconf 82' lang='grc' dir='ltr'><strong><em>πρὸς</em></strong></span> <span class='ocrx_word' id='word_1_227' title='bbox 669 1814 839 1860; x_wconf 77' lang='grc' dir='ltr'><strong><em>δύνοντα</em></strong></span> <span class='ocrx_word' id='word_1_228' title='bbox 858 1815 972 1872; x_wconf 78' lang='grc' dir='ltr'><strong><em>ἥλιον</em></strong></span> <span class='ocrx_word' id='word_1_229' title='bbox 993 1816 1213 1874; x_wconf 81' lang='grc' dir='ltr'><strong><em>ἀναχωρεῖν</em></strong></span> <span class='ocrx_word' id='word_1_230' title='bbox 1221 1848 1235 1867; x_wconf 91' lang='grc'><strong><em>,</em></strong></span> <span class='ocrx_word' id='word_1_231' title='bbox 1283 1815 1404 1867; x_wconf 76' lang='grc' dir='ltr'><strong><em>αὐτὸς</em></strong></span> <span class='ocrx_word' id='word_1_232' title='bbox 1422 1816 1485 1858; x_wconf 77' lang='grc' dir='ltr'><strong><em>ε’πὶ</em></strong></span> <span class='ocrx_word' id='word_1_233' title='bbox 1511 1816 1584 1870; x_wconf 81' lang='grc' dir='ltr'><strong>τὴν</strong></span> 
     </span>
    </p>
   </div>
   <div class='ocr_carea' id='block_1_3' title="bbox 210 1951 1622 2047">
    <p class='ocr_par' dir='ltr' id='par_1_6' title="bbox 210 1951 1622 2047">
     <span class='ocr_line' id='line_1_25' title="bbox 212 1951 1622 2001; baseline -0.001 -9"><span class='ocrx_word' id='word_1_234' title='bbox 212 1956 256 1992; x_wconf 77' lang='lat'><strong>12</strong></span> <span class='ocrx_word' id='word_1_235' title='bbox 279 1953 484 1999; x_wconf 76' lang='grc' dir='ltr'><strong><em>ῥητορικῶν</em></strong></span> <span class='ocrx_word' id='word_1_236' title='bbox 505 1956 550 1990; x_wconf 86' lang='lat' dir='ltr'><strong>C.</strong></span> <span class='ocrx_word' id='word_1_237' title='bbox 691 1957 734 1991; x_wconf 90' lang='lat'><strong>16</strong></span> <span class='ocrx_word' id='word_1_238' title='bbox 757 1953 988 2000; x_wconf 83' lang='grc' dir='ltr'><strong><em>διειρημένην</em></strong></span> <span class='ocrx_word' id='word_1_239' title='bbox 1007 1955 1051 1989; x_wconf 88' lang='lat' dir='ltr'><strong>C.</strong></span> <span class='ocrx_word' id='word_1_240' title='bbox 1164 1956 1211 1990; x_wconf 76' lang='lat'><strong>20</strong></span> <span class='ocrx_word' id='word_1_241' title='bbox 1232 1951 1440 1990; x_wconf 75' lang='grc' dir='ltr'><strong><em>ὄλισθεῠων</em></strong></span> <span class='ocrx_word' id='word_1_242' title='bbox 1461 1955 1580 2001; x_wconf 84' lang='lat' dir='ltr'><strong>vulgo.</strong></span> <span class='ocrx_word' id='word_1_243' title='bbox 1619 1969 1622 1973; x_wconf 80' lang='grc'>’</span> 
     </span>
     <span class='ocr_line' id='line_1_26' title="bbox 210 1997 1279 2047; baseline 0 -12"><span class='ocrx_word' id='word_1_244' title='bbox 210 2002 259 2036; x_wconf 83' lang='lat' dir='ltr'><strong>cf.</strong></span> <span class='ocrx_word' id='word_1_245' title='bbox 282 2013 321 2047; x_wconf 86' lang='lat' dir='ltr'><strong>p.</strong></span> <span class='ocrx_word' id='word_1_246' title='bbox 342 2002 412 2037; x_wconf 74' lang='lat'><strong>232</strong></span> <span class='ocrx_word' id='word_1_247' title='bbox 445 2004 488 2037; x_wconf 85' lang='lat'><strong>10</strong></span> <span class='ocrx_word' id='word_1_248' title='bbox 511 1999 788 2044; x_wconf 80' lang='grc' dir='ltr'><strong><em>ὀλισθενούσης.</em></strong></span> <span class='ocrx_word' id='word_1_249' title='bbox 925 2001 972 2035; x_wconf 75' lang='grc'><strong>23</strong></span> <span class='ocrx_word' id='word_1_250' title='bbox 992 1997 1213 2044; x_wconf 71' lang='grc' dir='ltr'><strong><em>ἀναχωροῦν</em></strong></span> <span class='ocrx_word' id='word_1_251' title='bbox 1235 2001 1279 2035; x_wconf 89' lang='lat' dir='ltr'><strong>C.</strong></span> 
     </span>
    </p>
   </div>
   <div class='ocr_carea' id='block_1_4' title="bbox 117 2122 1581 2904">
    <p class='ocr_par' dir='ltr' id='par_1_7' title="bbox 117 2122 1581 2490">
     <span class='ocr_line' id='line_1_27' title="bbox 118 2122 1581 2170; baseline -0.001 -11"><span class='ocrx_word' id='word_1_252' title='bbox 118 2136 188 2170; x_wconf 88' lang='lat' dir='ltr'><strong>que</strong></span> <span class='ocrx_word' id='word_1_253' title='bbox 208 2135 290 2170; x_wconf 87' lang='lat' dir='ltr'><strong>pars</strong></span> <span class='ocrx_word' id='word_1_254' title='bbox 317 2129 398 2158; x_wconf 86' lang='lat' dir='ltr'><strong>sunt</strong></span> <span class='ocrx_word' id='word_1_255' title='bbox 418 2123 576 2169; x_wconf 78' lang='lat' dir='ltr'>magistri</span> <span class='ocrx_word' id='word_1_256' title='bbox 599 2122 751 2168; x_wconf 86' lang='lat' dir='ltr'><strong>equitum</strong></span> <span class='ocrx_word' id='word_1_257' title='bbox 775 2133 889 2167; x_wconf 89' lang='lat' dir='ltr'><strong>neque</strong></span> <span class='ocrx_word' id='word_1_258' title='bbox 916 2133 1002 2156; x_wconf 85' lang='lat' dir='ltr'><strong>vcro</strong></span> <span class='ocrx_word' id='word_1_259' title='bbox 1020 2123 1276 2167; x_wconf 84' lang='lat' dir='ltr'><strong>praefectorum</strong></span> <span class='ocrx_word' id='word_1_260' title='bbox 1295 2123 1475 2168; x_wconf 83' lang='lat' dir='ltr'><strong>praetorio</strong></span> <span class='ocrx_word' id='word_1_261' title='bbox 1497 2124 1581 2159; x_wconf 86' lang='lat' dir='ltr'><strong>offi-</strong></span> 
     </span>
     <span class='ocr_line' id='line_1_28' title="bbox 119 2168 1580 2216; baseline 0 -11"><span class='ocrx_word' id='word_1_262' title='bbox 119 2171 180 2206; x_wconf 83' lang='lat' dir='ltr'><strong>cii.</strong></span> <span class='ocrx_word' id='word_1_263' title='bbox 210 2170 342 2216; x_wconf 85' lang='lat' dir='ltr'><strong>privati</strong></span> <span class='ocrx_word' id='word_1_264' title='bbox 361 2176 474 2205; x_wconf 87' lang='lat' dir='ltr'><strong>autem</strong></span> <span class='ocrx_word' id='word_1_265' title='bbox 495 2175 643 2214; x_wconf 82' lang='lat' dir='ltr'><strong>cogente</strong></span> <span class='ocrx_word' id='word_1_266' title='bbox 667 2168 876 2202; x_wconf 84' lang='lat' dir='ltr'><strong>necessitate</strong></span> <span class='ocrx_word' id='word_1_267' title='bbox 898 2169 942 2202; x_wconf 91' lang='lat' dir='ltr'><strong>ad</strong></span> <span class='ocrx_word' id='word_1_268' title='bbox 960 2180 1031 2202; x_wconf 88' lang='lat' dir='ltr'><strong>rem</strong></span> <span class='ocrx_word' id='word_1_269' title='bbox 1050 2168 1222 2213; x_wconf 85' lang='lat' dir='ltr'>publicam</span> <span class='ocrx_word' id='word_1_270' title='bbox 1240 2180 1447 2214; x_wconf 87' lang='lat' dir='ltr'><strong>pervenere,</strong></span> <span class='ocrx_word' id='word_1_271' title='bbox 1472 2175 1580 2216; x_wconf 88' lang='lat' dir='ltr'><strong>atque</strong></span> 
     </span>
     <span class='ocr_line' id='line_1_29' title="bbox 117 2214 1580 2261; baseline 0 -11"><span class='ocrx_word' id='word_1_272' title='bbox 117 2222 160 2251; x_wconf 78' lang='lat' dir='ltr'><strong>ut</strong></span> <span class='ocrx_word' id='word_1_273' title='bbox 179 2227 361 2261; x_wconf 83' lang='lat' dir='ltr'><strong>exponam.</strong></span> <span class='ocrx_word' id='word_1_274' title='bbox 409 2215 657 2249; x_wconf 83' lang='lat' dir='ltr'><strong>Constantinus</strong></span> <span class='ocrx_word' id='word_1_275' title='bbox 675 2214 826 2259; x_wconf 86' lang='lat' dir='ltr'><strong>primus,</strong></span> <span class='ocrx_word' id='word_1_276' title='bbox 854 2214 905 2247; x_wconf 81' lang='lat' dir='ltr'><strong>uti</strong></span> <span class='ocrx_word' id='word_1_277' title='bbox 925 2226 1031 2259; x_wconf 87' lang='lat' dir='ltr'><strong>supra</strong></span> <span class='ocrx_word' id='word_1_278' title='bbox 1052 2214 1197 2258; x_wconf 89' lang='lat' dir='ltr'><strong>dictum,</strong></span> <span class='ocrx_word' id='word_1_279' title='bbox 1220 2214 1370 2258; x_wconf 85' lang='lat' dir='ltr'><strong>Scythia</strong></span> <span class='ocrx_word' id='word_1_280' title='bbox 1392 2215 1580 2261; x_wconf 83' lang='lat' dir='ltr'><strong>Mysiaque</strong></span> 
     </span>
     <span class='ocr_line' id='line_1_30' title="bbox 120 2259 1579 2306; baseline 0 -10"><span class='ocrx_word' id='word_1_281' title='bbox 120 2266 158 2296; x_wconf 83' lang='lat' dir='ltr'><strong>et</strong></span> <span class='ocrx_word' id='word_1_282' title='bbox 178 2273 295 2296; x_wconf 85' lang='lat' dir='ltr'><strong>earum</strong></span> <span class='ocrx_word' id='word_1_283' title='bbox 313 2261 455 2296; x_wconf 85' lang='lat' dir='ltr'><strong>tributis</strong></span> <span class='ocrx_word' id='word_1_284' title='bbox 477 2261 608 2295; x_wconf 80' lang='lat' dir='ltr'><strong>invitus</strong></span> <span class='ocrx_word' id='word_1_285' title='bbox 630 2272 702 2294; x_wconf 90' lang='lat' dir='ltr'><strong>rem</strong></span> <span class='ocrx_word' id='word_1_286' title='bbox 719 2259 892 2304; x_wconf 88' lang='lat' dir='ltr'><strong>publicam</strong></span> <span class='ocrx_word' id='word_1_287' title='bbox 913 2260 1104 2294; x_wconf 84' lang='lat' dir='ltr'><strong>Romanam</strong></span> <span class='ocrx_word' id='word_1_288' title='bbox 1123 2261 1296 2305; x_wconf 84' lang='lat' dir='ltr'><strong>privavit,</strong></span> <span class='ocrx_word' id='word_1_289' title='bbox 1329 2260 1448 2306; x_wconf 85' lang='lat' dir='ltr'><strong>copias</strong></span> <span class='ocrx_word' id='word_1_290' title='bbox 1466 2262 1579 2306; x_wconf 83' lang='lat' dir='ltr'><strong>ripam</strong></span> 
     </span>
     <span class='ocr_line' id='line_1_31' title="bbox 118 2306 1579 2352; baseline 0 -11"><span class='ocrx_word' id='word_1_291' title='bbox 118 2307 272 2342; x_wconf 85' lang='lat' dir='ltr'><strong>borealis</strong></span> <span class='ocrx_word' id='word_1_292' title='bbox 289 2307 373 2340; x_wconf 84' lang='lat' dir='ltr'><strong>Istri</strong></span> <span class='ocrx_word' id='word_1_293' title='bbox 397 2307 631 2341; x_wconf 85' lang='lat' dir='ltr'><strong>custodientes</strong></span> <span class='ocrx_word' id='word_1_294' title='bbox 653 2318 717 2352; x_wconf 90' lang='lat' dir='ltr'><strong>per</strong></span> <span class='ocrx_word' id='word_1_295' title='bbox 737 2306 854 2339; x_wconf 85' lang='lat' dir='ltr'><strong>Asiam</strong></span> <span class='ocrx_word' id='word_1_296' title='bbox 876 2306 1079 2340; x_wconf 82' lang='lat' dir='ltr'><strong>inferiorem</strong></span> <span class='ocrx_word' id='word_1_297' title='bbox 1098 2312 1192 2340; x_wconf 89' lang='lat' dir='ltr'><strong>metu</strong></span> <span class='ocrx_word' id='word_1_298' title='bbox 1214 2306 1412 2350; x_wconf 85' lang='lat' dir='ltr'><strong>tyrannidis</strong></span> <span class='ocrx_word' id='word_1_299' title='bbox 1439 2308 1579 2352; x_wconf 88' lang='lat' dir='ltr'><strong>disper-</strong></span> 
     </span>
     <span class='ocr_line' id='line_1_32' title="bbox 119 2351 1580 2398; baseline 0 -11"><span class='ocrx_word' id='word_1_300' title='bbox 119 2364 220 2398; x_wconf 80' lang='lat' dir='ltr'><strong>gens.</strong></span> <span class='ocrx_word' id='word_1_301' title='bbox 264 2352 348 2387; x_wconf 86' lang='lat' dir='ltr'><strong>mihi</strong></span> <span class='ocrx_word' id='word_1_302' title='bbox 374 2359 488 2387; x_wconf 88' lang='lat' dir='ltr'><strong>autem</strong></span> <span class='ocrx_word' id='word_1_303' title='bbox 521 2365 543 2387; x_wconf 83' lang='lat' dir='ltr'><strong>a</strong></span> <span class='ocrx_word' id='word_1_304' title='bbox 572 2352 753 2398; x_wconf 89' lang='lat' dir='ltr'><strong>proposito</strong></span> <span class='ocrx_word' id='word_1_305' title='bbox 784 2351 957 2397; x_wconf 86' lang='lat' dir='ltr'><strong>paululum</strong></span> <span class='ocrx_word' id='word_1_306' title='bbox 985 2352 1163 2386; x_wconf 83' lang='lat' dir='ltr'><strong>aberranti</strong></span> <span class='ocrx_word' id='word_1_307' title='bbox 1198 2354 1242 2387; x_wconf 89' lang='lat' dir='ltr'><strong>de</strong></span> <span class='ocrx_word' id='word_1_308' title='bbox 1266 2353 1403 2386; x_wconf 89' lang='lat' dir='ltr'><strong>nomine</strong></span> <span class='ocrx_word' id='word_1_309' title='bbox 1427 2353 1580 2388; x_wconf 84' lang='lat' dir='ltr'><strong>fluminis</strong></span> 
     </span>
     <span class='ocr_line' id='line_1_33' title="bbox 119 2398 1579 2445; baseline -0.001 -12"><span class='ocrx_word' id='word_1_310' title='bbox 119 2398 240 2444; x_wconf 85' lang='lat' dir='ltr'><strong>paucis</strong></span> <span class='ocrx_word' id='word_1_311' title='bbox 259 2398 434 2443; x_wconf 85' lang='lat' dir='ltr'><strong>explicare</strong></span> <span class='ocrx_word' id='word_1_312' title='bbox 451 2399 610 2434; x_wconf 81' lang='lat' dir='ltr'><strong>videtur:</strong></span> <span class='ocrx_word' id='word_1_313' title='bbox 645 2409 734 2432; x_wconf 92' lang='lat' dir='ltr'><strong>nunc</strong></span> <span class='ocrx_word' id='word_1_314' title='bbox 755 2398 846 2432; x_wconf 88' lang='lat' dir='ltr'><strong>enim</strong></span> <span class='ocrx_word' id='word_1_315' title='bbox 865 2398 993 2432; x_wconf 88' lang='lat' dir='ltr'><strong>Istrum</strong></span> <span class='ocrx_word' id='word_1_316' title='bbox 1016 2409 1107 2432; x_wconf 87' lang='lat' dir='ltr'><strong>nunc</strong></span> <span class='ocrx_word' id='word_1_317' title='bbox 1127 2398 1323 2433; x_wconf 89' lang='lat' dir='ltr'><strong>Danubium</strong></span> <span class='ocrx_word' id='word_1_318' title='bbox 1345 2399 1491 2434; x_wconf 89' lang='lat' dir='ltr'><strong>eundem</strong></span> <span class='ocrx_word' id='word_1_319' title='bbox 1514 2411 1579 2445; x_wconf 88' lang='lat' dir='ltr'><strong>ap-</strong></span> 
     </span>
     <span class='ocr_line' id='line_1_34' title="bbox 119 2442 1107 2490; baseline -0.002 -11"><span class='ocrx_word' id='word_1_320' title='bbox 119 2444 280 2490; x_wconf 83' lang='lat' dir='ltr'><strong>pellatum</strong></span> <span class='ocrx_word' id='word_1_321' title='bbox 300 2444 514 2487; x_wconf 90' lang='lat' dir='ltr'><strong>invenimus;</strong></span> <span class='ocrx_word' id='word_1_322' title='bbox 539 2455 648 2490; x_wconf 88' lang='lat' dir='ltr'><strong>quare</strong></span> <span class='ocrx_word' id='word_1_323' title='bbox 671 2442 902 2488; x_wconf 85' lang='lat' dir='ltr'><strong>explicatione</strong></span> <span class='ocrx_word' id='word_1_324' title='bbox 921 2455 1007 2488; x_wconf 91' lang='lat' dir='ltr'><strong>opus</strong></span> <span class='ocrx_word' id='word_1_325' title='bbox 1026 2444 1107 2478; x_wconf 83' lang='lat' dir='ltr'><strong>erit.</strong></span> 
     </span>
    </p>

    <p class='ocr_par' dir='ltr' id='par_1_8' title="bbox 117 2488 1580 2890">
     <span class='ocr_line' id='line_1_35' title="bbox 208 2488 1578 2534; baseline -0.002 -9"><span class='ocrx_word' id='word_1_326' title='bbox 208 2490 267 2525; x_wconf 77' lang='lat'><strong>32.</strong></span> <span class='ocrx_word' id='word_1_327' title='bbox 312 2490 344 2524; x_wconf 90' lang='grc' dir='ltr'><strong>Ε</strong></span> <span class='ocrx_word' id='word_1_328' title='bbox 367 2490 523 2525; x_wconf 83' lang='lat' dir='ltr'><strong>Raeticis</strong></span> <span class='ocrx_word' id='word_1_329' title='bbox 546 2490 732 2533; x_wconf 89' lang='lat' dir='ltr'><strong>montibus,</strong></span> <span class='ocrx_word' id='word_1_330' title='bbox 755 2501 841 2534; x_wconf 84' lang='lat' dir='ltr'><strong>quos</strong></span> <span class='ocrx_word' id='word_1_331' title='bbox 860 2498 1039 2524; x_wconf 84' lang='lat' dir='ltr'><strong>montosae</strong></span> <span class='ocrx_word' id='word_1_332' title='bbox 1059 2489 1196 2523; x_wconf 87' lang='lat' dir='ltr'><strong>Galliae</strong></span> <span class='ocrx_word' id='word_1_333' title='bbox 1215 2501 1293 2523; x_wconf 86' lang='lat' dir='ltr'><strong>esse</strong></span> <span class='ocrx_word' id='word_1_334' title='bbox 1316 2489 1367 2523; x_wconf 81' lang='lat' dir='ltr'><strong>ait</strong></span> <span class='ocrx_word' id='word_1_335' title='bbox 1385 2489 1520 2522; x_wconf 87' lang='lat' dir='ltr'><strong>Caesar</strong></span> <span class='ocrx_word' id='word_1_336' title='bbox 1540 2488 1578 2523; x_wconf 90' lang='lat' dir='ltr'><strong>in</strong></span> 
     </span>
     <span class='ocr_line' id='line_1_36' title="bbox 117 2534 1578 2581; baseline 0 -13"><span class='ocrx_word' id='word_1_337' title='bbox 117 2534 206 2570; x_wconf 85' lang='lat' dir='ltr'><strong>libro</strong></span> <span class='ocrx_word' id='word_1_338' title='bbox 227 2535 338 2581; x_wconf 84' lang='lat' dir='ltr'><strong>primo</strong></span> <span class='ocrx_word' id='word_1_339' title='bbox 358 2547 442 2571; x_wconf 89' lang='lat' dir='ltr'><strong>suae</strong></span> <span class='ocrx_word' id='word_1_340' title='bbox 461 2537 506 2571; x_wconf 86' lang='lat' dir='ltr'><strong>de</strong></span> <span class='ocrx_word' id='word_1_341' title='bbox 526 2535 643 2570; x_wconf 87' lang='lat' dir='ltr'><strong>Gallia</strong></span> <span class='ocrx_word' id='word_1_342' title='bbox 662 2535 907 2580; x_wconf 79' lang='lat' dir='ltr'><strong>ephemeridiS,</strong></span> <span class='ocrx_word' id='word_1_343' title='bbox 930 2547 973 2569; x_wconf 86' lang='lat' dir='ltr'><strong>ex</strong></span> <span class='ocrx_word' id='word_1_344' title='bbox 992 2546 1059 2569; x_wconf 92' lang='lat' dir='ltr'><strong>uno</strong></span> <span class='ocrx_word' id='word_1_345' title='bbox 1081 2536 1179 2569; x_wconf 87' lang='lat' dir='ltr'><strong>fonte</strong></span> <span class='ocrx_word' id='word_1_346' title='bbox 1199 2541 1235 2569; x_wconf 88' lang='lat' dir='ltr'><strong>et</strong></span> <span class='ocrx_word' id='word_1_347' title='bbox 1251 2535 1394 2569; x_wconf 86' lang='lat' dir='ltr'><strong>Rhenus</strong></span> <span class='ocrx_word' id='word_1_348' title='bbox 1414 2539 1450 2568; x_wconf 88' lang='lat' dir='ltr'><strong>et</strong></span> <span class='ocrx_word' id='word_1_349' title='bbox 1464 2535 1578 2577; x_wconf 81' lang='lat' dir='ltr'><strong>Ister3</strong></span> 
     </span>
     <span class='ocr_line' id='line_1_37' title="bbox 119 2580 1578 2616; baseline -0.001 -1"><span class='ocrx_word' id='word_1_350' title='bbox 119 2586 244 2616; x_wconf 88' lang='lat' dir='ltr'><strong>neuter</strong></span> <span class='ocrx_word' id='word_1_351' title='bbox 273 2593 358 2616; x_wconf 82' lang='lat' dir='ltr'><strong>vero</strong></span> <span class='ocrx_word' id='word_1_352' title='bbox 382 2594 452 2616; x_wconf 89' lang='lat' dir='ltr'><strong>non</strong></span> <span class='ocrx_word' id='word_1_353' title='bbox 473 2587 604 2616; x_wconf 87' lang='lat' dir='ltr'><strong>mutato</strong></span> <span class='ocrx_word' id='word_1_354' title='bbox 629 2582 767 2616; x_wconf 84' lang='lat' dir='ltr'><strong>nomine</strong></span> <span class='ocrx_word' id='word_1_355' title='bbox 794 2581 833 2615; x_wconf 89' lang='lat' dir='ltr'><strong>in</strong></span> <span class='ocrx_word' id='word_1_356' title='bbox 855 2593 950 2615; x_wconf 76' lang='lat' dir='ltr'><strong>mare</strong></span> <span class='ocrx_word' id='word_1_357' title='bbox 975 2580 1185 2615; x_wconf 88' lang='lat' dir='ltr'><strong>devolvitur.</strong></span> <span class='ocrx_word' id='word_1_358' title='bbox 1234 2592 1311 2614; x_wconf 87' lang='lat' dir='ltr'><strong>nam</strong></span> <span class='ocrx_word' id='word_1_359' title='bbox 1334 2580 1477 2614; x_wconf 88' lang='lat' dir='ltr'><strong>Rhenus</strong></span> <span class='ocrx_word' id='word_1_360' title='bbox 1503 2592 1578 2614; x_wconf 84' lang='lat' dir='ltr'><strong>om·-</strong></span> 
     </span>
     <span class='ocr_line' id='line_1_38' title="bbox 118 2625 1580 2671; baseline -0.001 -10"><span class='ocrx_word' id='word_1_361' title='bbox 118 2638 197 2661; x_wconf 86' lang='lat' dir='ltr'><strong>nem</strong></span> <span class='ocrx_word' id='word_1_362' title='bbox 220 2626 357 2661; x_wconf 81' lang='lat' dir='ltr'><strong>Galliae</strong></span> <span class='ocrx_word' id='word_1_363' title='bbox 377 2627 578 2662; x_wconf 88' lang='lat' dir='ltr'><strong>interiorem</strong></span> <span class='ocrx_word' id='word_1_364' title='bbox 596 2633 736 2671; x_wconf 86' lang='lat' dir='ltr'><strong>terram,</strong></span> <span class='ocrx_word' id='word_1_365' title='bbox 759 2627 930 2661; x_wconf 82' lang='lat' dir='ltr'><strong>trifariam</strong></span> <span class='ocrx_word' id='word_1_366' title='bbox 953 2626 1114 2671; x_wconf 84' lang='lat' dir='ltr'><strong>divisam,</strong></span> <span class='ocrx_word' id='word_1_367' title='bbox 1137 2627 1174 2661; x_wconf 89' lang='lat' dir='ltr'><strong>in</strong></span> <span class='ocrx_word' id='word_1_368' title='bbox 1198 2625 1365 2660; x_wconf 87' lang='lat' dir='ltr'><strong>Celticam</strong></span> <span class='ocrx_word' id='word_1_369' title='bbox 1390 2626 1580 2660; x_wconf 86' lang='lat' dir='ltr'><strong>Germani-</strong></span> 
     </span>
     <span class='ocr_line' id='line_1_39' title="bbox 119 2672 1578 2719; baseline 0.001 -13"><span class='ocrx_word' id='word_1_370' title='bbox 119 2684 195 2707; x_wconf 84' lang='lat' dir='ltr'><strong>cam</strong></span> <span class='ocrx_word' id='word_1_371' title='bbox 219 2678 255 2707; x_wconf 90' lang='lat' dir='ltr'><strong>et</strong></span> <span class='ocrx_word' id='word_1_372' title='bbox 273 2672 454 2717; x_wconf 87' lang='lat' dir='ltr'><strong>Gallicam,</strong></span> <span class='ocrx_word' id='word_1_373' title='bbox 480 2685 707 2719; x_wconf 87' lang='lat' dir='ltr'><strong>percurrens,</strong></span> <span class='ocrx_word' id='word_1_374' title='bbox 740 2685 809 2707; x_wconf 92' lang='lat' dir='ltr'><strong>non</strong></span> <span class='ocrx_word' id='word_1_375' title='bbox 826 2672 952 2717; x_wconf 87' lang='lat' dir='ltr'><strong>irrigat</strong></span> <span class='ocrx_word' id='word_1_376' title='bbox 970 2672 1079 2707; x_wconf 90' lang='lat' dir='ltr'><strong>solum</strong></span> <span class='ocrx_word' id='word_1_377' title='bbox 1098 2684 1173 2707; x_wconf 86' lang='lat' dir='ltr'><strong>eam</strong></span> <span class='ocrx_word' id='word_1_378' title='bbox 1195 2684 1272 2706; x_wconf 88' lang='lat' dir='ltr'><strong>cum</strong></span> <span class='ocrx_word' id='word_1_379' title='bbox 1288 2672 1459 2706; x_wconf 89' lang='lat' dir='ltr'><strong>Rhodano</strong></span> <span class='ocrx_word' id='word_1_380' title='bbox 1471 2698 1481 2715; x_wconf 87' lang='lat'>‚</span> <span class='ocrx_word' id='word_1_381' title='bbox 1514 2673 1578 2707; x_wconf 90' lang='lat' dir='ltr'><strong>sed</strong></span> 
     </span>
     <span class='ocr_line' id='line_1_40' title="bbox 118 2717 1576 2763; baseline -0.001 -10"><span class='ocrx_word' id='word_1_382' title='bbox 118 2718 272 2753; x_wconf 85' lang='lat' dir='ltr'><strong>custodit</strong></span> <span class='ocrx_word' id='word_1_383' title='bbox 292 2718 408 2763; x_wconf 85' lang='lat' dir='ltr'><strong>etiam,</strong></span> <span class='ocrx_word' id='word_1_384' title='bbox 429 2718 640 2755; x_wconf 85' lang='lat' dir='ltr'><strong>inaccessam</strong></span> <span class='ocrx_word' id='word_1_385' title='bbox 663 2731 822 2754; x_wconf 84' lang='lat' dir='ltr'><strong>servans.</strong></span> <span class='ocrx_word' id='word_1_386' title='bbox 857 2720 901 2753; x_wconf 82' lang='lat' dir='ltr'><strong>ad</strong></span> <span class='ocrx_word' id='word_1_387' title='bbox 923 2719 1026 2753; x_wconf 89' lang='lat' dir='ltr'><strong>finem</strong></span> <span class='ocrx_word' id='word_1_388' title='bbox 1049 2724 1164 2753; x_wconf 85' lang='lat' dir='ltr'><strong>autem</strong></span> <span class='ocrx_word' id='word_1_389' title='bbox 1186 2719 1262 2753; x_wconf 89' lang='lat' dir='ltr'><strong>fere</strong></span> <span class='ocrx_word' id='word_1_390' title='bbox 1281 2729 1414 2761; x_wconf 90' lang='lat' dir='ltr'><strong>cursus,</strong></span> <span class='ocrx_word' id='word_1_391' title='bbox 1437 2717 1474 2751; x_wconf 90' lang='lat' dir='ltr'><strong>in</strong></span> <span class='ocrx_word' id='word_1_392' title='bbox 1495 2717 1576 2751; x_wconf 89' lang='lat' dir='ltr'><strong>Mo-</strong></span> 
     </span>
     <span class='ocr_line' id='line_1_41' title="bbox 117 2763 1578 2808; baseline 0 -10"><span class='ocrx_word' id='word_1_393' title='bbox 117 2775 191 2799; x_wconf 78' lang='lat' dir='ltr'><strong>sam</strong></span> <span class='ocrx_word' id='word_1_394' title='bbox 207 2765 353 2808; x_wconf 77' lang='lat' dir='ltr'><strong>flumen,</strong></span> <span class='ocrx_word' id='word_1_395' title='bbox 389 2764 540 2800; x_wconf 84' lang='lat' dir='ltr'><strong>vicinum</strong></span> <span class='ocrx_word' id='word_1_396' title='bbox 565 2765 699 2800; x_wconf 84' lang='lat' dir='ltr'><strong>boreali</strong></span> <span class='ocrx_word' id='word_1_397' title='bbox 720 2765 946 2799; x_wconf 86' lang='lat' dir='ltr'><strong>Occidentem</strong></span> <span class='ocrx_word' id='word_1_398' title='bbox 970 2776 1091 2800; x_wconf 87' lang='lat' dir='ltr'><strong>versus</strong></span> <span class='ocrx_word' id='word_1_399' title='bbox 1114 2776 1264 2808; x_wconf 85' lang='lat' dir='ltr'><strong>oceano,</strong></span> <span class='ocrx_word' id='word_1_400' title='bbox 1287 2763 1453 2807; x_wconf 78' lang='lat' dir='ltr'><strong>illabens,</strong></span> <span class='ocrx_word' id='word_1_401' title='bbox 1477 2764 1578 2808; x_wconf 82' lang='lat' dir='ltr'><strong>ponit</strong></span> 
     </span>
     <span class='ocr_line' id='line_1_42' title="bbox 117 2810 1575 2890; baseline -0.001 -45"><span class='ocrx_word' id='word_1_402' title='bbox 117 2811 212 2890; x_wconf 55' lang='lat' dir='ltr'><strong>ffimd</strong></span> <span class='ocrx_word' id='word_1_403' title='bbox 232 2810 334 2845; x_wconf 85' lang='lat' dir='ltr'><strong>initio</strong></span> <span class='ocrx_word' id='word_1_404' title='bbox 359 2810 452 2855; x_wconf 84' lang='lat' dir='ltr'><strong>gerit</strong></span> <span class='ocrx_word' id='word_1_405' title='bbox 471 2823 613 2856; x_wconf 87' lang='lat' dir='ltr'><strong>nomen,</strong></span> <span class='ocrx_word' id='word_1_406' title='bbox 636 2823 782 2857; x_wconf 91' lang='lat' dir='ltr'><strong>cumque</strong></span> <span class='ocrx_word' id='word_1_407' title='bbox 802 2810 860 2845; x_wconf 91' lang='lat' dir='ltr'><strong>illo</strong></span> <span class='ocrx_word' id='word_1_408' title='bbox 885 2811 921 2845; x_wconf 88' lang='lat' dir='ltr'><strong>in</strong></span> <span class='ocrx_word' id='word_1_409' title='bbox 943 2811 1138 2846; x_wconf 88' lang='lat' dir='ltr'><strong>Britannici</strong></span> <span class='ocrx_word' id='word_1_410' title='bbox 1158 2810 1264 2845; x_wconf 84' lang='lat' dir='ltr'><strong>maris</strong></span> <span class='ocrx_word' id='word_1_411' title='bbox 1285 2810 1381 2844; x_wconf 90' lang='lat' dir='ltr'><strong>sinus</strong></span> <span class='ocrx_word' id='word_1_412' title='bbox 1404 2810 1575 2844; x_wconf 83' lang='lat' dir='ltr'><strong>defertur.</strong></span> 
     </span>
    </p>

    <p class='ocr_par' dir='ltr' id='par_1_9' title="bbox 155 2855 1574 2904">
     <span class='ocr_line' id='line_1_43' title="bbox 155 2855 1574 2904; baseline 0 -14"><span class='ocrx_word' id='word_1_413' title='bbox 155 2861 210 2890; x_wconf 75' lang='lat' dir='ltr'><strong>ter</strong></span> <span class='ocrx_word' id='word_1_414' title='bbox 230 2867 332 2900; x_wconf 84' lang='lat' dir='ltr'><strong>vero,</strong></span> <span class='ocrx_word' id='word_1_415' title='bbox 356 2857 498 2892; x_wconf 80' lang='lat' dir='ltr'><strong>fratrem</strong></span> <span class='ocrx_word' id='word_1_416' title='bbox 520 2858 564 2894; x_wconf 86' lang='lat' dir='ltr'><strong>ad</strong></span> <span class='ocrx_word' id='word_1_417' title='bbox 588 2858 801 2894; x_wconf 86' lang='lat' dir='ltr'><strong>occidentem</strong></span> <span class='ocrx_word' id='word_1_418' title='bbox 822 2856 929 2893; x_wconf 87' lang='lat' dir='ltr'><strong>solem</strong></span> <span class='ocrx_word' id='word_1_419' title='bbox 949 2869 1072 2904; x_wconf 82' lang='lat' dir='ltr'><strong>passus</strong></span> <span class='ocrx_word' id='word_1_420' title='bbox 1089 2858 1269 2900; x_wconf 81' lang='lat' dir='ltr'><strong>recedere,</strong></span> <span class='ocrx_word' id='word_1_421' title='bbox 1292 2855 1369 2903; x_wconf 82' lang='lat' dir='ltr'><strong>ipse</strong></span> <span class='ocrx_word' id='word_1_422' title='bbox 1387 2855 1425 2890; x_wconf 91' lang='lat' dir='ltr'><strong>in</strong></span> <span class='ocrx_word' id='word_1_423' title='bbox 1445 2855 1574 2892; x_wconf 82' lang='lat' dir='ltr'><strong>Orien-</strong></span> 
     </span>
    </p>
   </div>
   <div class='ocr_carea' id='block_1_5' title="bbox 177 2904 1301 2955">
    <p class='ocr_par' dir='ltr' id='par_1_10' title="bbox 177 2904 1301 2955">
     <span class='ocr_line' id='line_1_44' title="bbox 177 2904 1301 2955; baseline 0.003 -12"><span class='ocrx_word' id='word_1_424' title='bbox 177 2909 323 2946; x_wconf 70' lang='grc' dir='ltr'><strong><em>Ιοαιιιιεε</em></strong></span> <span class='ocrx_word' id='word_1_425' title='bbox 350 2909 479 2955; x_wconf 73' lang='lat' dir='ltr'><strong>Lydus.</strong></span> <span class='ocrx_word' id='word_1_426' title='bbox 1250 2904 1301 2946; x_wconf 83' lang='grc'><strong>15</strong></span> 
     </span>
    </p>
   </div>
  </div>
 </body>
</html>
