1748 3210
209 165 304 209 390
571 167 713 209 HASH
738 166 1253 209 ANIMADVERSIONES

206 279 312 310 statu
337 273 546 310 assumtivo
573 285 656 309 rem
683 272 834 308 crimini
856 270 987 308 datam
1002 272 1125 309 fatere
1145 285 1228 310 esse
1246 274 1412 322 malam,
1441 274 1509 312 sed
1526 288 1620 325 pur-

207 341 276 378 gas
298 335 335 364 te
356 329 431 364 alia
448 330 617 374 ratione,
648 339 747 377 quae
763 333 890 377 potest
906 340 990 364 esse
1012 327 1268 378 quadruplex.
1322 331 1446 379 prima
1467 337 1524 367 est
1553 329 1620 380 (de

206 384 328 420 tribus
346 384 431 420 aliis
451 383 543 418 alibi
561 381 715 418 dicendi
737 383 808 419 erit
828 381 953 432 locus)
982 396 1052 433 per
1073 385 1433 430 recrimfflationem,
1459 386 1528 422 ubi
1551 385 1622 422 de-

205 439 330 475 fensio
359 445 423 474 tua
453 443 599 473 constat
626 438 708 474 eius
739 439 979 474 accusatione
1000 439 1067 489 qui
1085 437 1313 475 vindicatur.
1369 439 1623 490 quemadmo-

207 492 301 530 dum
328 494 380 528 M.
399 492 554 528 Tullius
582 504 652 542 pro
679 493 825 529 Milone
848 505 975 544 neque
1001 500 1118 543 negat
1135 495 1304 531 occisum
1327 506 1410 531 esse
1431 494 1621 543 Clodium,

203 561 331 598 neque
351 548 507 583 omnino
529 556 688 584 excusat
706 546 980 595 homicidium,
1010 548 1080 585 sed
1098 556 1254 599 propter
1276 549 1422 586 scelera
1442 549 1566 587 clodii
1585 557 1623 588 et

204 602 364 639 insidias
391 608 428 637 et
450 603 532 638 vim
553 603 704 639 illatam
721 601 826 639 hunc
854 604 907 640 ait
929 604 1013 639 iure
1037 616 1204 641 caesum.
1263 605 1515 655 quamobrem
1535 618 1623 642 ver-

203 665 283 694 tere
303 656 497 693 debuisset
513 659 720 695 Kusterus:
747 654 1078 710 Ἀντεγκλημοὶτων
1100 658 1506 711 (reeriminationam),
1526 673 1625 710 quae

199 713 395 761 peltinent
421 712 477 748 ad
499 719 623 748 status
650 713 853 762 qualitatis
881 715 1134 761 assumti1035
1176 714 1294 765 idque
1329 714 1470 752 addere
1501 716 1624 765 possis

203 770 259 804 10.
289 766 428 804 Christ.
459 768 613 804 Ernesti
639 769 785 805 Lexico
814 767 1034 819 technolog.
1056 770 1190 807 Graec.
1213 769 1355 807 rhetor.
1379 773 1431 811 27
1451 771 1497 806 Β.
1553 782 1626 806 nec

203 823 328 871 magis
354 821 452 859 vidit
476 821 682 859 Federicus
702 823 885 860 Morellus
906 797 1019 874 quido
1025 832 1124 861 esset
1143 819 1371 875 οἷντίληψιςε
1400 823 1498 862 haec
1521 826 1627 892 enim⁸

202 878 245 913 in
263 877 426 914 Libanio
448 878 622 914 Declam.
641 877 688 914 de
706 891 819 915 avaro
837 886 934 928 patr.
958 878 1149 917 abdicant.
1173 883 1192 920 1
1224 882 1300 921 801
1320 881 1374 927 A,
1403 878 1431 932 ἦ
1450 875 1581 926 στάσις
1598 876 1626 931 ἢ

204 927 351 982 ζητημα
383 929 612 982 αντίληψις,
652 940 777 970 statas
808 934 870 970 vel
901 936 1070 984 quaestio
1102 942 1157 972 est
1184 935 1387 985 qualitatis
1410 935 1626 979 absolutae,

202 989 318 1025 vertit
346 987 527 1035 ridicule,
558 989 729 1037 quaestio
750 996 806 1024 est
820 989 1122 1038 reprehensionis
1141 1004 1258 1035 ansa,
1287 991 1428 1027 oblitus
1460 992 1627 1027 Hermo-

202 1044 312 1092 genis
348 1049 523 1079 accurate
553 1045 783 1092 explicantis
814 1043 1028 1080 doctrinam
1053 1044 1100 1081 de
1123 1046 1284 1082 statibus
1302 1046 1497 1093 oratoriis,
1527 1057 1627 1096 quae

201 1110 344 1147 magno
363 1104 560 1134 momento
583 1105 640 1135 est
660 1097 710 1135 ad
727 1097 952 1135 iudicialem
973 1106 1148 1136 veterum
1175 1099 1493 1138 consuetudinem
1514 1101 1627 1150 peni-

202 1159 264 1189 tus
287 1152 607 1201 cognoscendam.
665 1151 734 1190 sed
752 1153 867 1190 redeo
889 1153 939 1190 ad
957 1153 1135 1205 Lydum,
1166 1156 1233 1206 qui
1250 1154 1315 1191 hic
1333 1157 1525 1206 expressit
1541 1156 1628 1192 Pli-

201 1210 312 1244 nium
331 1209 378 1244 H.
398 1210 444 1244 N.
465 1210 491 1246 2
520 1210 585 1247 31.

311 1285 351 1323 p.
371 1273 449 1312 278
471 1286 508 1310 v.
527 1275 564 1313 1.
621 1274 699 1311 τῶν
724 1269 888 1312 ὖποῖτων
912 1270 1117 1326 ἄντικρυς]
1145 1275 1199 1311 ita
1223 1273 1328 1312 cod.:
1358 1274 1428 1312 sed
1446 1275 1523 1324 leg.
1543 1276 1627 1312 for-

202 1334 325 1375 tasse,
358 1329 501 1367 Γναίου
522 1328 710 1378 Δομιτίου
739 1327 803 1366 καὶ
827 1331 867 1368 Γ.
897 1330 1072 1368 Φαννίου
1093 1331 1172 1369 τῶν
1191 1326 1376 1369 ὑπάτων·
1405 1326 1462 1370 δι’
1481 1326 1535 1370 ὧν
1557 1329 1629 1370 ἅν-

201 1394 352 1433 τικρυς·
382 1385 435 1420 ita
454 1390 554 1420 certe
571 1384 681 1420 verti.
725 1384 825 1421 conf.
846 1385 947 1422 Plin.
970 1386 1019 1422 H.
1037 1387 1084 1422 N.
1103 1387 1131 1424 2
1159 1388 1234 1434 31,
1264 1392 1302 1422 et
1325 1386 1469 1422 Iulium
1486 1386 1626 1437 Obseq-

204 1439 284 1478 100
301 1440 350 1475 A.

313 1517 353 1554 p.
390 1505 470 1544 279
508 1515 546 1542 v.
586 1502 626 1543 4.
681 1500 756 1556 τήν
792 1502 1034 1557 λεγομένην]
1081 1505 1262 1554 fortasse,
1309 1502 1384 1558 τήν
1417 1505 1630 1559 λεγομένην

200 1557 370 1610 Ἑλένην.

316 1624 370 1661 ib.
394 1637 430 1661 v.
456 1627 517 1665 11.
573 1625 639 1665 καὶ
662 1629 742 1672 τοῖς
762 1620 834 1664 ’ὑπ’
858 1620 1025 1675 αὐτούς]
1056 1626 1224 1662 Graecae
1253 1625 1410 1674 linguae
1436 1626 1533 1663 ratio
1561 1638 1630 1662 ae-

205 1692 281 1731 que
304 1678 471 1716 admittit
491 1676 566 1719 v‘nz'
588 1677 739 1726 αὐτοῖς·
769 1682 896 1730 recepi
915 1679 1033 1727 illud,
1059 1681 1106 1717 ob
1124 1692 1290 1730 sequens
1309 1679 1520 1732 ἐσομένοις.

316 1745 367 1781 ih.
388 1758 425 1782 v.
447 1745 508 1786 14.
567 1745 608 1785 ἐν
623 1743 747 1798 ”Amy
773 1743 845 1795 τήν
865 1741 1154 1797 μητρυιάν...]
1184 1746 1334 1797 reliqua
1353 1761 1486 1784 versus
1504 1749 1630 1785 maio-

206 1813 364 1852 remque
395 1807 546 1850 partem
573 1803 769 1851 sequentis
799 1799 998 1850 supersedi
1026 1803 1245 1847 restituere,
1275 1803 1452 1851 quamvis
1474 1802 1629 1840 adiutus

206 1854 291 1903 his,
329 1857 441 1892 litera
471 1857 616 1892 unciali
646 1857 796 1892 minuta
827 1857 869 1891 in
899 1857 1093 1905 margine,
1130 1858 1256 1923 prima
1281 1869 1419 1905 manu,
1455 1859 1628 1908 scriptis.

203 1906 405 1957 Ἀσκάνιος
420 1914 475 1964 τῇ
497 1913 665 1964 μητρυιᾷ
687 1913 884 1961 συνῆλθεν
906 1911 962 1958 εἰς
983 1913 1207 1950 κοινωνίαν.

315 1976 367 2012 ib.
382 1989 418 2013 v.
432 1979 497 2017 22.
541 1974 777 2026 δισκωθείς.]
803 1977 858 2013 sic
878 1975 1023 2023 codex3
1052 1989 1180 2027 neque
1197 1989 1355 2014 necesse
1377 1983 1434 2014 est
1456 1974 1628 2028 (opinor)

208 2037 252 2067 ut
273 2032 483 2068 scribamus
506 2029 747 2082 δισκοειδής,
782 2033 936 2068 tametsi
957 2031 1120 2069 verbum
1140 2027 1283 2071 δισκόω
1304 2031 1432 2069 adhuc
1452 2033 1585 2068 exulet
1606 2045 1630 2069 a

206 2086 359 2122 lexicis.
418 2086 555 2125 ὃισκέω
586 2093 624 2123 et
654 2082 821 2126 δισκεύω
850 2087 1004 2136 saepius
1031 2093 1252 2134 occurrunt,
1293 2093 1408 2138 atque
1433 2086 1630 2124 interdum

209 2154 327 2177 sensu
345 2143 593 2190 exquisitiore
616 2140 692 2178 de
682 2143 729 2178 115
754 2142 820 2192 qui
838 2143 952 2178 rotati
981 2141 998 2192 (
1009 2138 1344 2192 σφενδονοῦμεναι
1362 2141 1479 2179 habet
1495 2141 1628 2193 Lydus

208 2208 249 2245 p.
264 2195 341 2234 114
370 2195 444 2245 15)
475 2198 515 2231 111
534 2197 655 2232 altum
670 2197 870 2232 iactantur.
928 2197 983 2233 sic
1002 2197 1191 2234 Eusebius
1210 2199 1627 2238 Hist.eccles.181D:

209 2249 279 2288 καὶ
316 2251 570 2290 δισκευθέντα
610 2253 741 2297 κακῶς
777 2253 1010 2316 τελευτῆσαι.
1065 2253 1259 2302 Diogenes
1289 2254 1465 2290 Laertius
1490 2255 1542 2293 31
1569 2254 1628 2288 1)·

211 2301 288 2344 από
305 2308 376 2344 τοῦ
397 2306 622 2355 Κωρυκείου
643 2303 758 2357 ὄρους
778 2300 899 2344 αὖτον
919 2308 1109 2356 δισκῆσαι.
1141 2281 1262 2344 ξ11111113
1281 2309 1492 2344 Eusebium
1510 2309 1630 2344 Prae-

209 2366 331 2409 parat.
355 2373 491 2410 evang.
511 2361 590 2401 268
607 2361 648 2397 C.
706 2358 775 2397 sed
803 2359 877 2396 hae
906 2360 1005 2398 duae
1030 2362 1178 2399 formae
1205 2362 1436 2412 iampridem
1454 2369 1629 2412 receptae

211 2421 301 2451 sunt
316 2416 357 2450 in
374 2416 522 2452 lexica:
554 2428 598 2453 eo
615 2414 790 2452 nondum
808 2416 947 2453 relatas
969 2417 1130 2454 arbitror
1149 2425 1186 2454 et
1206 2413 1495 2465 οἷντιδίσκωσις,
1525 2415 1630 2467 quod

213 2476 270 2506 est
288 2483 402 2519 supra
418 2484 455 2520 p.
472 2473 549 2511 277
575 2470 637 2517 15,
663 2477 700 2506 et
718 2483 852 2507 vocem
871 2470 1184 2525 δισκοποτήριον,
1203 2473 1306 2509 calix
1317 2472 1496 2522 patulas,
1529 2484 1628 2523 quae

213 2527 375 2561 occurrit
394 2527 480 2562 Vita
502 2525 542 2562 S.
561 2527 640 2562 Nili
655 2526 814 2562 iunioris
839 2525 915 2565 140
931 2528 980 2563 A.

319 2592 358 2628 p-
383 2583 463 2620 280
486 2593 522 2616 v.
545 2582 582 2619 6.
639 2577 868 2629 καθάψαιτο
903 2581 1055 2622 ἐκείνου
1074 2584 1148 2621 τοῦ
1168 2577 1366 2631 σώματος]
1399 2581 1529 2618 confer
1549 2581 1629 2618 Va-

211 2635 350 2670 lerium
370 2637 532 2671 Maxim.
559 2638 572 2674 1
606 2634 657 2675 43
679 2637 710 2671 Β
732 2634 910 2673 editionis
930 2650 1061 2685 meae,
1090 2639 1260 2687 itemque
1276 2635 1561 2686 Lycosthenem
1580 2633 1629 2672 ad

211 2690 283 2725 Iul.
306 2690 538 2740 Obsequent.
557 2691 635 2730 267
652 2691 693 2726 C.

319 2757 358 2794 P·
375 2747 453 2785 281
472 2759 509 2783 v.
527 2747 566 2785 9.
621 2740 901 2798 Ἀναξαγόρας]
931 2744 1126 2783 Plutarch.
1143 2744 1333 2797 Lysandr.
1358 2745 1436 2786 439
1456 2747 1504 2782 D.
