1748 3210
155 1002 165 1013 ι
192 990 230 1014 n·

167 2392 176 2402 ι
203 2378 224 2401 V

253 251 320 280 1211
694 235 837 278 HASII
867 236 942 278 DE
975 235 1240 278 OSTENTIS

254 368 393 416 manis,
425 381 465 418 p.
482 379 552 404 mn
565 389 614 394 —
626 379 782 404 Lxxvn.
836 377 909 402 nec
926 365 1133 416 quicquam
1149 365 1230 402 fere
1248 363 1345 402 mihi
1360 363 1437 402 huc
1454 362 1678 401 addendum

253 451 334 492 est,
362 445 438 481 nisi
466 443 588 492 illud,
617 457 695 481 non
720 444 840 480 multo
860 449 948 493 post
968 441 1176 478 editionem
1197 442 1288 478 libri
1307 444 1365 478 De
1389 441 1678 491 magistratibus

253 533 514 570 possessorem
535 520 677 558 codicis
691 549 701 567 ,
730 521 859 556 virum
879 519 1069 555 illustrem
1086 519 1132 554 G.
1149 518 1197 553 A.
1219 516 1266 553 de
1284 515 1674 563 choiseul-Gouffier,

255 610 344 633 cum
374 593 618 634 valetudinis
643 609 758 633 causa
786 595 1074 646 Aquisgrauum
1100 595 1340 642 secessisset,
1385 594 1511 630 subito
1541 592 1675 628 morbo

255 686 482 723 oppressum
499 674 611 711 bonis
633 674 831 720 omnibus,
864 679 902 709 et
920 674 1148 722 praesertim
1164 674 1212 709 iis
1234 674 1301 723 qui
1319 671 1440 708 literis
1457 669 1676 725 mitioribus

254 751 366 800 politi
394 757 505 798 sunt,
534 750 797 786 tristissimum
823 750 883 786 sui
910 748 1145 786 desiderium
1163 751 1380 801 reliquisse.
1438 730 1676 784 commemo-

253 828 391 864 rabant
424 828 550 864 cuncti
579 834 616 863 et
644 828 739 864 olim
762 827 966 876 contigisse
990 828 1027 863 ei
1043 827 1142 864 illud
1164 826 1269 879 quod
1290 826 1444 877 paucis,
1473 831 1517 862 ut
1537 824 1677 861 florens

255 911 393 952 aetate,
422 905 463 940 in
481 917 631 940 summa
649 904 804 940 fortuna
822 910 936 954 atque
950 906 1123 953 potentia
1143 906 1382 950 constitutus,
1410 903 1531 952 pluris
1545 908 1678 938 tamen

252 979 371 1018 homo
395 981 619 1030 ingeniosus
640 993 684 1017 ac
705 980 869 1017 disertus
896 980 1023 1017 studia
1045 988 1081 1018 et
1100 984 1289 1031 ingenuas
1319 987 1419 1017 artes
1439 991 1558 1030 quam
1573 979 1677 1015 bona
1699 1023 1702 1029 Ι

250 1059 320 1095 illa
345 1058 503 1094 fortuita
525 1058 652 1094 faeere
678 1059 727 1094 sit
747 1058 867 1094 visus.
924 1064 962 1094 et
983 1065 1074 1094 tuuc
1095 1071 1249 1110 quoque
1267 1059 1389 1108 ipsius
1405 1059 1552 1094 iactura
1567 1069 1678 1093 com-

251 1136 381 1172 munis
404 1137 563 1184 contigit
583 1136 731 1171 Galliae
744 1163 754 1182 ,
783 1135 930 1184 patriae
951 1136 1054 1182 eius,
1088 1136 1155 1172 ubi
1174 1136 1422 1186 amplissimis
1449 1140 1530 1170 erat
1548 1130 1677 1169 hono·
1716 1163 1719 1166 .

251 1212 357 1249 ribus
387 1212 633 1262 perfunctus,
665 1212 880 1248 communis
907 1212 1111 1259 Graeciae,
1143 1214 1251 1250 cuius
1278 1213 1426 1250 insulas
1451 1211 1579 1248 verbis
1606 1208 1678 1246 de·-

251 1289 456 1338 scripserat
475 1289 810 1339 exquisitissimis,
839 1294 955 1338 atque
975 1286 1072 1323 adeo
1091 1287 1273 1335 Russiae,
1301 1285 1406 1337 apud
1423 1287 1531 1324 cuius
1547 1288 1677 1336 impe-

250 1371 418 1401 ratorem
439 1364 605 1400 Paulum
622 1376 764 1413 magno
785 1363 911 1400 fuerat
931 1364 1039 1410 loco3
1071 1364 1286 1400 communis
1306 1364 1512 1413 praecipue
1530 1362 1594 1400 his
1610 1364 1678 1414 qui

250 1449 352 1478 artes
372 1441 569 1490 elegantes
591 1441 734 1486 colunt,
763 1440 1003 1490 literatisque
1024 1440 1215 1487 omnibus,
1244 1442 1370 1491 iisque
1387 1441 1564 1490 inprimis
1581 1452 1678 1490 quos

249 1519 318 1555 ille
333 1531 412 1556 non
429 1517 597 1554 amicitia
615 1517 743 1553 solum
762 1515 830 1552 sed
846 1516 1109 1554 familiaritate
1127 1516 1244 1551 etiam
1261 1528 1331 1553 sua
1347 1528 1426 1552 non
1443 1516 1598 1566 penitus
1614 1517 1679 1551 iu-

252 1595 390 1646 dignos
410 1594 610 1632 iudicarat.
668 1591 875 1630 accedebat
896 1592 1002 1644 quod
1024 1594 1157 1631 obiens
1177 1594 1417 1630 luculentam
1437 1594 1591 1643 copiam
1613 1593 1679 1628 in-

247 1674 502 1723 scriptionum
531 1672 730 1720 signorum
761 1671 982 1708 tabularum
1013 1669 1324 1721 anaglyphorum
1341 1699 1351 1718 ‚
1397 1671 1625 1719 scriptiones
1653 1682 1677 1706 a

251 1763 336 1787 sese
359 1748 558 1786 inchoatas
580 1749 799 1798 perplures,
831 1746 1059 1799 chartasque
1084 1749 1268 1799 cuiusque
1290 1746 1399 1784 modi
1419 1745 1580 1783 aedibus
1599 1747 1677 1783 vil-

250 1827 377 1877 lisque
413 1825 575 1862 diversis
603 1825 794 1876 dispersas
824 1825 1082 1876 relinquerett,
1111 1837 1184 1860 nec
1210 1825 1421 1874 quicquam
1437 1825 1596 1874 propius
1619 1831 1677 1861 est

249 1903 396 1939 factum
427 1914 546 1953 quam
572 1910 615 1939 ut
643 1916 708 1951 ea,
739 1916 817 1940 non
848 1903 930 1939 sine
958 1903 1156 1938 literarum
1186 1903 1402 1952 artiumque
1433 1900 1676 1950 detrimento,

249 1992 406 2030 prorsus
425 1978 713 2029 dissiparentur.
772 1991 993 2030 quanquam
1013 1978 1103 2015 huic
1123 1979 1283 2030 quidem
1300 1977 1546 2016 incommodo
1567 1985 1604 2015 et
1627 1978 1675 2015 ab

249 2055 456 2093 heredibus
483 2057 587 2101 eius,
616 2056 708 2092 viris
736 2068 888 2092 summa
917 2055 1104 2106 dignitate
1133 2055 1336 2106 praeditis,
1367 2062 1406 2092 et
1429 2056 1477 2092 ab
1505 2054 1676 2092 admini-

251 2134 435 2171 stratione
466 2132 532 2181 (ut
550 2130 681 2180 aiunt)
711 2144 770 2168 res
789 2133 989 2170 interiores
1008 2134 1191 2169 Franciae
1211 2132 1593 2183 magnificentissime
1613 2139 1675 2169 at-

249 2223 325 2262 que
357 2209 651 2259 diligentissime
683 2202 932 2257 procurante,
964 2223 1164 2247 occursum
1194 2217 1251 2246 est
1273 2211 1346 2257 sic,
1375 2216 1419 2246 ut
1440 2211 1551 2259 signa
1570 2209 1674 2259 lapi-

250 2285 395 2338 desque
425 2286 547 2323 literis
575 2286 750 2334 insigniti
777 2298 901 2335 paene
931 2292 1066 2322 cuncta
1093 2288 1134 2322 in
1161 2299 1342 2323 museum
1360 2289 1527 2336 Regium
1545 2293 1672 2323 trans-

248 2365 460 2409 ferrentur,
490 2359 641 2398 codices
657 2374 777 2398 manu
796 2363 930 2412 scripti
947 2363 979 2399 si
999 2364 1066 2413 qui
1085 2370 1192 2399 erant
1225 2363 1361 2414 (erant
1381 2369 1513 2400 tamen
1530 2363 1670 2414 pauci)

249 2442 291 2477 in
316 2437 593 2476 bibliothecam
616 2439 794 2488 Regiam.
850 2439 905 2475 ita
934 2437 1060 2475 denuo
1090 2440 1130 2475 in
1158 2452 1296 2476 manus
1318 2451 1426 2476 meas
1446 2440 1552 2477 venit
1567 2439 1671 2491 Lydi

249 2516 396 2564 codex,
450 2516 544 2552 olim
577 2516 801 2552 Caseolinus
846 2515 925 2566 (sic
956 2517 1173 2565 appellatus
1205 2529 1257 2553 ex
1290 2517 1416 2566 priore
1448 2529 1670 2567 possessore

245 2593 532 2643 maioribusque
567 2593 668 2640 eius,
718 2591 824 2643 quod
861 2594 1044 2629 comitum
1079 2592 1126 2628 de
1160 2593 1316 2629 caseolo
1353 2594 1511 2630 nomine
1545 2605 1670 2630 anna—

246 2669 344 2706 lium
379 2671 641 2706 monumentis
679 2668 967 2720 celebrantur),
1005 2683 1109 2706 nunc
1140 2670 1298 2719 Regius.
1355 2671 1464 2708 cuius
1496 2669 1544 2707 de
1577 2683 1670 2719 spe-

248 2747 305 2781 cie
335 2759 379 2783 ac
409 2753 532 2793 statu,
561 2751 765 2797 postquam
783 2746 825 2782 in
842 2745 1119 2784 bibliothecam
1138 2753 1310 2783 nostram
1332 2747 1464 2786 illatus
1488 2753 1566 2795 est,
1596 2747 1669 2783 etsi
