1748 3210
609 167 850 212 GOMMEN
851 167 1020 213 TARIU
1020 168 1063 213 S.
1502 181 1569 212 vu

114 296 386 353 gnitatumque
416 313 520 339 nova
548 301 710 339 nomina
725 331 736 351 ,
765 299 838 341 sed
865 302 1056 342 vocabula
1084 301 1205 341 etiam
1233 298 1408 340 cadentis
1426 300 1564 339 iacen-

113 369 212 407 t18ve
238 369 442 407 latinitatis
473 368 643 421 (quibus
674 383 781 407 nunc
811 368 903 410 ideo
930 371 1078 409 utimur
1106 368 1214 424 quod
1233 369 1282 408 iis
1303 369 1460 407 nullum
1477 369 1564 406 fere

111 434 218 488 apud
232 435 414 487 probatos
431 443 608 475 auctores
623 450 782 488 prorsus
801 438 1063 491 respondeat)
1093 452 1117 476 a
1136 452 1202 476 me
1221 450 1401 491 quoque,
1429 451 1481 475 ne
1498 437 1562 475 cui

109 502 246 542 videar
269 504 312 540 in
339 491 470 542 'verbis
503 518 588 543 esse
619 506 826 555 curiosior,
855 505 922 544 hic
945 505 1158 557 duntaxat,
1185 506 1256 545 ubi
1276 504 1380 544 nihil
1396 504 1564 558 periculi

109 579 189 622 est,
217 579 408 624 tanquam
429 573 587 625 propria
610 579 648 610 et
668 574 813 611 usitata
831 576 1026 627 usurparI.

220 641 400 678 Tametsi
428 640 477 678 de
502 642 582 679 vita
606 640 769 693 quidem
789 644 956 681 auctoris
974 643 1132 682 brevior
1151 656 1236 682 esse
1255 647 1414 694 potero,
1450 637 1558 694 quod
1587 640 1614 680 2

110 721 213 761 quae
240 707 291 745 ad
319 722 361 746 se
387 710 647 760 pertinerent,
678 723 723 746 ea
752 710 795 747 in
823 710 923 748 libro
955 709 1004 747 de
1033 710 1328 762 Magistratibus
1356 711 1445 748 fuse
1473 710 1559 760 ipse
1582 704 1620 739 P·
1644 701 1690 727 ¹¹¹
1735 713 1740 717 “

109 783 338 828 persecutus
369 783 441 814 est.
498 775 588 814 ideo
625 778 807 829 relegatis
836 777 1021 816 studiosis
1048 777 1152 830 Lydi
1186 778 1239 816 ad
1267 779 1416 816 librum
1446 776 1564 814 illum

110 845 240 898 adque
271 844 449 883 Iudicem
481 858 613 882 rerum
644 853 681 882 et
715 845 921 884 verborum
931 875 948 894 ,
990 845 1056 885 hic
1093 859 1268 885 summas
1304 857 1437 883 rerum
1471 850 1564 880 tan-

109 910 315 951 tummodo
341 913 586 964 capitulatim
617 916 831 966 attingam,
859 915 1057 963 maxime,
1088 920 1281 967 quantum
1313 913 1400 950 fieri
1433 917 1563 963 potest

107 983 151 1020 in
191 994 233 1019 re
272 981 452 1032 spinosa,
500 989 723 1033 temporum
758 984 909 1021 ratione
943 983 1172 1032 constituta,
1216 994 1269 1019 ex
1295 980 1462 1018 Huberti
1490 979 1562 1015 Gi-

105 1049 244 1106 phanii
282 1050 548 1087 Commentar.
586 1049 635 1088 de
676 1052 892 1089 Iustiniano
930 1052 1028 1102 imp.
1055 1050 1294 1101 Noribergae
1326 1046 1455 1095 1640,
1496 1049 1563 1095 12,

104 1132 146 1170 p.
177 1119 256 1160 178
282 1129 382 1170 sqq3
436 1116 595 1168 Aegidii
631 1119 786 1156 Perrini
825 1119 915 1158 Vita
942 1120 1150 1158 Iustiniani
1181 1118 1308 1156 Paris.
1341 1115 1467 1164 1576,
1511 1116 1564 1163 83

104 1185 300 1225 Harduini
336 1184 646 1223 Numismatibus
689 1186 836 1224 saeculi
872 1188 1104 1227 Iustinianei
1133 1187 1175 1224 in
1204 1187 1307 1238 Opp.
1338 1185 1430 1223 Var.
1458 1183 1562 1219 Am-

105 1253 248 1293 stelod.
277 1254 404 1302 1733,
443 1253 516 1290 fol.
545 1266 588 1304 p.
619 1252 701 1295 461
724 1276 781 1283 —
803 1253 909 1304 5473
949 1255 1131 1307 inprimis
1159 1267 1253 1293 vero
1286 1265 1340 1291 ex
1369 1253 1427 1290 Io.
1453 1248 1562 1288 Petri

107 1322 157 1361 de
187 1320 382 1372 Ludewig
418 1322 508 1359 Vita
541 1322 749 1358 Iustiniani
782 1323 942 1372 Magni,
988 1324 1113 1360 Halae
1149 1322 1304 1360 Salicae
1344 1320 1478 1366 1731,
1520 1314 1562 1365 4,

105 1391 380 1442 Franciscique
398 1386 586 1426 Balduini
604 1389 823 1426 Iustiniano
842 1390 924 1426 sive
945 1387 994 1425 de
1014 1391 1103 1426 Iure
1120 1402 1225 1427 novo
1245 1384 1562 1426 Commentario-

105 1471 195 1496 rum
212 1457 323 1494 libris
342 1454 391 1505 4,
421 1456 546 1493 Halae
573 1458 688 1504 1728,
709 1457 755 1504 8,
787 1462 825 1494 et
844 1469 896 1493 ex
914 1457 1066 1494 Nicolai
1085 1457 1300 1494 Alemanni
1322 1467 1492 1492 excursu
1512 1450 1563 1490 de

104 1525 399 1563 Praefectorum
415 1523 616 1561 Praetorio
633 1523 705 1561 sub
721 1525 938 1561 Iustiniano
955 1524 1219 1576 temporibus,
1248 1524 1292 1560 in
1307 1522 1412 1559 notis
1430 1519 1483 1557 ad
1497 1517 1565 1557 ed.

103 1593 299 1630 Historiae
331 1604 495 1628 arcanae
522 1591 706 1642 Procopii
725 1590 912 1642 Lugdun.
940 1592 1059 1640 1623,
1088 1592 1161 1629 fol.
1189 1605 1232 1643 p.
1253 1589 1458 1636 95-—983
1491 1587 1562 1640 qui

103 1673 263 1699 recusus
282 1665 341 1698 est
359 1659 402 1696 in
418 1657 482 1696 ed.
499 1660 598 1710 Reg.
616 1660 800 1711 Procopii
818 1666 916 1698 tom.
929 1662 956 1701 2
973 1666 1083 1711 parte
1105 1665 1250 1711 poster.
1266 1671 1308 1709 p.
1326 1656 1563 1698 159—161.

213 1731 394 1766 lomnes
412 1727 534 1778 igitur
550 1728 812 1774 Laurentius,
843 1741 866 1766 a
883 1730 1010 1780 patria
1031 1729 1172 1780 Lydus
1191 1726 1329 1775 dictus,
1358 1723 1468 1778 quod
1493 1736 1562 1762 co-

103 1808 277 1848 gnomen
297 1793 403 1846 apud
420 1796 627 1846 scriptores
646 1796 808 1834 fortuito
830 1797 958 1848 magis
980 1809 1102 1849 quam
1122 1796 1272 1833 ratione
1287 1794 1468 1841 invaluit,
1486 1804 1560 1829 na-

102 1871 166 1902 tus
185 1870 245 1902 est
259 1861 563 1914 Philadelphiae
584 1863 626 1900 iu
646 1864 742 1902 Asia
762 1865 1045 1915 proconsulari,
1067 1865 1128 1902 Fl.
1139 1864 1323 1914 Longino
1339 1864 1558 1901 FLFausto

104 1933 261 1971 luniore
289 1932 371 1970 VV.
403 1930 480 1967 CC.
514 1942 636 1977 coss„
678 1945 781 1970 anno
812 1945 836 1970 a
865 1931 1019 1971 Christo
1048 1940 1140 1970 nato
1170 1931 1274 1980 4903
1313 1931 1556 1983 parentibus,
1580 1949 1616 1983 p.
1646 1948 1682 1973 ιν

104 2006 298 2053 quantum
326 1999 467 2036 coniici
490 2005 641 2050 potest,
671 2000 774 2037 inter
792 2002 1011 2052 municipes
1033 2013 1126 2039 suos
1148 2000 1412 2052 locupletibus
1429 2006 1468 2037 et
1487 2012 1559 2050 ge-

103 2069 268 2106 nerosis.
325 2068 452 2118 prImo
483 2072 522 2103 et
550 2067 744 2117 vigesimo
776 2070 913 2107 aetatis
941 2081 1066 2118 anno,
1109 2067 1254 2107 Christi
1280 2066 1383 2116 511,
1426 2067 1559 2104 Felice

104 2136 220 2173 Gallo
243 2135 302 2172 Fl.
322 2133 572 2172 secundiano
603 2134 674 2186 (ut
700 2136 865 2175 fortasse
890 2135 1142 2176 scribendum
1161 2144 1219 2175 est
1238 2149 1310 2188 pro
1329 2133 1558 2174 Secundino

103 2204 146 2240 in
162 2204 210 2240 P.
229 2201 399 2240 Relandi
414 2203 554 2251 Fastis,
584 2202 757 2241 Traiect.
775 2206 865 2242 Bat.
889 2206 1056 2256 1715,8‚
1075 2219 1117 2258 p.
1130 2206 1225 2254 679,
1254 2205 1431 2255 itemque
1451 2200 1557 2253 apud

105 2271 278 2323 reliquos
307 2283 400 2309 eum
427 2277 729 2322 consequentes:
771 2272 907 2325 Lydus
938 2281 1065 2323 certe,
1107 2272 1157 2311 de
1188 2273 1410 2323 Magistrat.
1439 2271 1465 2310 3
1503 2269 1558 2309 26

102 2351 144 2390 P·
163 2340 246 2381 218
273 2341 352 2388 22,
380 2337 500 2376 habet
516 2340 834 2390 Σεκουνὸιανοῦ)
866 2355 963 2380 coss.
982 2342 1124 2394 cpolin
1149 2340 1407 2391 demigravit,
1435 2338 1557 2388 inque

105 2419 214 2445 sacro
230 2407 377 2459 palatio
394 2407 498 2444 inter
514 2409 764 2447 memoriales
780 2422 864 2447 esse
877 2411 1018 2462 coepit,
1041 2417 1078 2447 et
1099 2407 1206 2462 quod
1222 2414 1309 2445 tum
1329 2407 1407 2444 otio
1427 2404 1556 2441 abun-

107 2472 248 2524 dabat,
285 2473 561 2527 philosophiae
589 2483 842 2528 praeceptore
870 2479 929 2516 uti
956 2479 1110 2530 Agapio
1142 2474 1396 2521 Atheniensi,
1424 2471 1556 2509 Procli

108 2539 324 2593 discipu103
354 2541 404 2580 de
429 2556 507 2596 quo
524 2542 668 2582 Suidas
688 2544 752 2583 ed.
770 2548 926 2584 Kuster.
948 2552 978 2583 t.
1002 2550 1021 2587 1
1048 2559 1089 2598 p.
1106 2548 1175 2587 22.
1232 2555 1363 2594 neque
1394 2539 1463 2578 diu
1491 2547 1556 2578 ta-

108 2622 202 2646 men
227 2612 372 2650 mansit
398 2613 441 2649 in
470 2610 547 2650 hoc
574 2620 691 2651 statu.
750 2614 897 2651 etenim
925 2627 997 2665 per
1023 2612 1132 2651 idem
1147 2620 1303 2662 tempus
1322 2608 1554 2646 Anastasius

106 2677 318 2729 imperator
340 2681 585 2731 praefectum
611 2682 804 2732 praetorio
831 2682 946 2720 iussit
969 2683 1150 2719 Zoticum
1166 2674 1554 2729 Philadelphenum3

107 2745 218 2782 cuius
244 2758 434 2796 persuasu
461 2755 501 2786 et
526 2747 690 2786 inductu
718 2749 838 2787 aliam
865 2750 908 2786 in
933 2763 975 2787 re
1000 2750 1159 2801 publica
1178 2747 1287 2785 viam
1305 2751 1461 2784 secutus
1481 2750 1553 2791 est,

107 2811 229 2852 initiis
249 2812 411 2866 quidem
430 2822 511 2854 tam
529 2817 725 2868 prosperis
744 2824 787 2855 ut
810 2818 853 2856 in
876 2814 1078 2855 cohortem
1100 2816 1183 2854 sive
1209 2814 1383 2854 officium
1400 2814 1554 2866 patroni
