1748 3210
200 169 295 215 280
710 168 927 211 IOANNIS
969 167 1100 210 LYDI

197 275 416 319 κίνδυνον.
471 275 544 317 καὶ
579 274 752 328 ὄμβρων
787 271 833 314 δέ
860 284 980 320 τινας
1004 272 1247 322 τεραστίους
1274 270 1516 326 διοσημείας
1541 272 1610 315 ἐπὶ

198 342 272 394 τῆς
299 341 485 393 ἱστορίας
513 339 774 392 εὑρίσκομεν.
831 335 899 379 ἐπὶ
925 336 1001 390 μὲν
1029 334 1111 390 γὰρ
1136 333 1318 380 Ἀκελίου
1333 336 1520 391 Μάρκου
1537 337 1612 380 καὶ

199 407 395 458 Πορκίου
424 408 511 446 τῶν
536 402 710 445 ὑπάτων
736 400 845 458 γάλα
868 405 1040 456 πρῶτον
1049 432 1060 452 ,
1090 402 1172 442 εἶτα
1197 400 1242 443 δὲ
1268 401 1338 444 καὶ
1365 399 1467 456 αἷμα
1492 417 1612 445 κατε-

196 471 402 526 νεχθῆναί
437 479 580 522 φασιν.
637 468 710 510 καὶ
737 466 842 520 κρέα
871 467 916 510 δὲ
945 465 1194 519 παραδόξως
1221 463 1325 508 ἄνθ’
1351 465 1478 510 ὑετοῦ
1504 467 1612 511 κατὰ

196 535 275 590 τήν
303 535 578 587 Βολουμνίου
605 532 828 576 κατέπεσεν
851 530 1070 584 ὑπατείαν,
1097 531 1169 574 καὶ
1197 531 1356 586 ἔμεινεν
1383 531 1527 583 οὕτως·
1555 531 1642 576 0ύό

196 601 278 654 γὰρ
309 598 363 641 ἂν
390 600 549 654 θηρίον
576 597 604 653 ἦ
632 598 792 654 πτηνὸν
818 598 848 654 ἥ
874 614 914 642 τι
940 601 1026 640 τῶν
1054 595 1252 652 ἐμψύχων
1278 597 1463 651 λιμῶξαν
1482 597 1615 641 καθά-

199 672 327 715 ψαιτο
359 663 526 706 ἐκείνου
563 668 640 706 τοῦ
676 664 883 719 σώματος.
938 663 1151 718 κατερρύη
1183 662 1227 706 δὲ
1253 663 1326 705 καὶ
1351 663 1521 716 σίδηρος
1548 663 1618 706 ἐπὶ

199 731 438 779 Λευκανίας
466 729 566 772 ἄνθ’
596 728 747 780 ὑετοῦ,
784 728 988 783 Κράσσου
1016 729 1092 784 τὴν
1119 728 1185 772 ἐπὶ
1213 729 1381 781 Πέρσας
1399 729 1617 773 ἐλαύνοντος

199 819 379 832 ········
392 811 457 837 αν.
513 794 769 849 Μαρκέλλου
805 794 850 838 δὲ
885 795 962 850 τὴν
996 793 1162 838 ὕπατον
1203 791 1334 848 ἀρχὴν
1370 790 1621 842 διανύοντος

198 860 317 913 ἔριον
344 861 650 914 κατενεχθῆναί
677 872 784 915 φασι
811 861 908 913 περὶ
935 860 1094 911 Κάψαν
1120 860 1168 903 τὸ
1199 857 1412 914 φρούριον
1439 857 1508 901 ἐπὶ
1535 859 1671 907 Mal-19

197 930 357 975 λωνος·
399 925 423 968 ὃ
461 929 539 969 τοῦ
577 924 655 980 τὴν
694 927 839 980 χώραν
873 924 1226 979 ἐπιτροπεύοντος
1254 923 1472 978 α’ναίρεσιν
1498 922 1622 977 ἐμαν-

198 989 357 1034 τεύετο.
414 990 731 1046 κατηνέχθησαν
759 991 803 1034 δὲ
831 992 1006 1034 πλίνθοι
1032 989 1235 1040 πολλάκις
1254 988 1380 1037 ὀπταὶ
1397 989 1469 1032 καὶ
1487 987 1622 1040 κόνις,

199 1054 338 1110 ὥσπερ
367 1054 435 1098 ἐπὶ
464 1054 666 1110 Ζήνωνος
693 1059 770 1098 τοῦ
798 1056 902 1099 καθ’
927 1057 1050 1112 ἡμᾶς.
1108 1058 1253 1100 ὅπλων
1281 1073 1324 1099 τε
1351 1056 1424 1099 καὶ
1451 1055 1625 1108 σαλπίγ-

198 1135 288 1174 γων
317 1120 392 1164 ἀπ’
422 1119 615 1172 ούρανοῦ
643 1119 841 1174 γενέσθαι
869 1122 1089 1175 διαφόρως
1120 1121 1263 1171 ἔδοξεν
1284 1116 1405 1175 ἦχος,
1434 1119 1536 1172 ὅπερ
1557 1118 1621 1162 λέ-

198 1201 315 1239 γεται
352 1189 567 1239 συμβῆναι
602 1184 709 1227 κατὰ
744 1184 822 1240 τὴν
859 1188 1066 1240 Κίμβρων
1103 1185 1356 1240 ἐπιδρομήν,
1392 1184 1464 1227 καὶ
1493 1183 1619 1238 ἡνίκα
1632 1189 1673 1224 15

196 1254 287 1299 τοῖς
322 1249 544 1304 ἐμφυλίοις
583 1248 759 1299 ἐκείνοις
797 1249 955 1293 πάθεσι
986 1252 1033 1294 τὸ
1057 1249 1295 1305 Ῥωμαϊκόν
1323 1249 1622 1302 διεταράττετο.

200 1315 287 1358 ἔστι
325 1315 371 1358 δὲ
408 1315 480 1358 καὶ
516 1314 585 1358 ὅτε
622 1313 718 1357 κατ’
749 1314 882 1358 αὐτόν
909 1315 988 1359 τόν
1015 1314 1208 1370 οὐρανὸν
1243 1314 1482 1368 ἐκπύρωσις
1508 1314 1623 1366 ἔδοξε

201 1382 417 1435 γίνεσθαι,
469 1380 665 1435 καθάπερ
704 1381 808 1424 καθ’
844 1379 974 1436 ἡμᾶς,
1022 1380 1300 1425 ’Λναστασίου
1343 1381 1387 1432 ἓξ
1432 1379 1624 1434 πρόσθεν

201 1444 414 1496 ἐνιαυτοῖς
449 1451 514 1494 τῆς
549 1450 737 1502 τελευτῆς,
784 1446 911 1503 ἡνίκα
948 1446 1122 1502 τοιαύτη
1164 1446 1242 1502 μὲν
1283 1445 1408 1502 ἡλίου
1451 1446 1626 1502 γέγονεν

202 1509 385 1561 ἔκλειψις
421 1509 478 1560 ὦς
514 1510 555 1553 ἓν
584 1512 701 1563 ἡμέρᾳ
729 1515 815 1562 μέσῃ
843 1517 904 1551 καὶ
932 1515 1019 1557 τούς
1050 1513 1358 1563 ἄλαμπεστάτους
1391 1515 1478 1555 τῶν
1509 1512 1675 1556 (ἐστέ-20

201 1591 293 1628 ρων
330 1579 614 1631 διαφανῆναι,
656 1576 708 1619 τὰ
744 1577 789 1619 δὲ
827 1575 1042 1632 οἷεροπόρα
1069 1577 1265 1630 καθάπερ
1295 1578 1341 1621 ἐν
1367 1578 1490 1621 νυκτὶ
1515 1578 1623 1634 μέσῃ

198 1649 431 1683 καταπεσεῖν.
497 1639 587 1683 εἶτα
616 1646 690 1695 τῆς
718 1642 920 1699 ἐπιούσης
939 1643 1092 1694 νυκτὸς
1110 1647 1197 1698 πῦρ
1219 1641 1457 1699 α’νεφλέχθη
1474 1648 1624 1687 τοσοῦ-

199 1722 277 1749 τον
314 1706 420 1749 ὥστε
458 1705 708 1760 σπινθήρων
735 1706 812 1750 τόν
839 1707 944 1761 ἀέρα
969 1708 1168 1761 γενέσθαι
1195 1708 1361 1762 μεστόν.
1415 1709 1623 1763 ἐδηλοῦτο

200 1772 246 1815 δὲ
276 1769 358 1826 ἄρα
387 1771 410 1815 ὁ
441 1771 518 1826 μὲν
546 1774 678 1826 δῆμος
707 1771 1098 1827 ἐπαναστησόμενος
1125 1776 1185 1827 τῷ
1213 1772 1492 1827 βασιλεύοντι,
1521 1773 1548 1829 ἦ
1579 1774 1625 1816 δὲ

287 1861 310 1893 9
341 1858 396 1892 hic
428 1858 560 1911 aliquot
587 1860 694 1892 verba
722 1858 869 1892 lacerato
897 1858 979 1891 folio
1003 1858 1261 1894 interciderunt.
1307 1871 1385 1893 num
1411 1858 1626 1898 ἐλαύνοντος

289 1901 479 1946 στρατιάν,
509 1907 568 1937 aut
588 1901 774 1946 ὁρμῶντος
794 1901 1067 1947 ἐπιστρατείανί)
1099 1905 1146 1937 Η.
1327 1906 1370 1939 10
1390 1903 1520 1939 Plinius
1538 1906 1560 1940 2
1581 1906 1625 1939 56

288 1949 524 1982 Carissanum.

197 2024 380 2068 significat.
427 2024 617 2069 pluviarum
645 2034 780 2069 quoque
809 2027 1009 2069 portentosa
1036 2023 1194 2069 prodigia
1219 2024 1408 2060 invenimus
1440 2026 1475 2060 in
1504 2037 1623 2059 monu—

196 2070 332 2103 mentis.
377 2070 524 2103 MAcilio
551 2070 704 2103 CPorcio
729 2081 818 2103 coss.
843 2069 930 2102 lacte
954 2070 1079 2113 primo,
1113 2070 1236 2103 deinde
1255 2076 1290 2104 et
1309 2083 1391 2114 sang,
1382 2070 1472 2104 ruine
1495 2070 1623 2114 pluisse

195 2115 323 2147 ferunt.
370 2126 472 2146 carne
499 2115 693 2157 prodigiose
717 2115 803 2159 pluit
823 2114 1030 2147 PVolumnio
1054 2096 1232 2148 A⁷mentino
1258 2127 1328 2149 cos.
1350 2116 1543 2158 frustraque
1566 2115 1623 2148 illa

197 2158 248 2195 sic
278 2158 474 2191 iacuerunt.
513 2170 623 2201 neque
655 2159 742 2192 enim
768 2166 824 2192 aut,
849 2159 1009 2201 gradiens
1039 2165 1098 2192 aut
1124 2159 1270 2192 volucris
1305 2165 1360 2193 aut
1394 2160 1526 2192 omnino
1556 2159 1624 2193 ulla

199 2202 354 2254 quamvis
387 2202 539 2235 esuriens
569 2204 679 2236 bestia
701 2216 742 2236 ea
766 2203 949 2246 tetigisset.
997 2205 1123 2237 ferrum
1151 2204 1300 2238 manavit
1332 2204 1450 2238 imbris
1484 2203 1557 2237 loco
1586 2204 1623 2238 in

199 2247 367 2290 Lucanis,
405 2247 569 2280 Merasso
601 2248 849 2291 expeditionem
875 2249 911 2281 in
936 2249 1080 2282 Parthos
1103 2254 1257 2292 parante.
1304 2248 1494 2283 CMarcello
1512 2250 1623 2282 fasces

197 2292 346 2325 habente
373 2291 450 2324 lana
472 2292 598 2335 pluisse
622 2298 806 2325 memorant
829 2293 919 2325 circa
942 2294 1086 2337 Capsam
1109 2294 1298 2336 castellum,
1327 2293 1464 2327 TAnnii
1485 2293 1623 2327 Milonis

198 2342 372 2381 tempor03
395 2336 431 2369 id
480 2337 545 2369 uod
568 2338 705 2370 caedem
729 2338 894 2371 curatoris
918 2338 1094 2381 regionum
1116 2338 1246 2371 illarum
1267 2320 1540 2382 praenuntiabat.
1587 2341 1623 2370 et.

197 2381 322 2414 lateres
346 2381 435 2414 cocti
482 2381 586 2425 elapsi
616 2386 694 2414 sunt
715 2393 818 2425 saepe
846 2387 880 2415 et
901 2382 1004 2426 cinis,
1033 2383 1126 2416 velut
1146 2388 1263 2416 nostra
1289 2383 1447 2416 memoria
1472 2381 1622 2415 Zenonis

199 2426 406 2477 principatu.
453 2436 618 2459 armorum
643 2432 677 2458 et
701 2428 855 2459 tubarum
876 2427 1021 2460 sonitum
1053 2440 1072 2461 e
1104 2428 1195 2460 caelo
1220 2427 1295 2460 fieri
1319 2427 1444 2470 passim
1467 2427 1622 2460 credide-

198 2475 297 2511 runt;
330 2470 435 2512 idque
464 2470 629 2504 accidisse
655 2472 764 2503 fertur
791 2473 852 2503 sub
882 2478 989 2505 motus
1020 2472 1225 2514 Cimbricos‚
1259 2482 1400 2515 cumque
1430 2471 1623 2504 domesticis

199 2520 280 2548 tunc
306 2514 401 2547 malis
425 2525 480 2548 res
504 2515 638 2558 publica
654 2517 929 2568 perturbaretur.
971 2516 1168 2551 interdum·
1159 2527 1266 2560 1psum
1285 2517 1405 2549 ardere
1424 2515 1551 2549 caelum
1567 2515 1622 2548 vi—

199 2569 272 2592 sum
295 2563 370 2602 est,
400 2558 490 2592 sicut
512 2565 628 2593 nostra
649 2560 826 2602 memoria,
853 2561 949 2593 annis
975 2573 1036 2594 sex
1061 2567 1139 2595 ante
1160 2561 1286 2594 obitum
1309 2561 1482 2594 Anastasii
1503 2559 1579 2604 Aug
1581 2571 1621 2593 u-

200 2604 266 2643 sti3
290 2603 350 2637 ubi
361 2583 451 2637 'solis
469 2603 622 2637 defectus
646 2608 758 2637 tantus
783 2605 908 2638 accidit
928 2610 965 2638 ut
986 2606 1125 2639 meridie
1147 2605 1264 2638 stellae
1287 2606 1342 2638 vel
1362 2572 1623 2639 obscurissimae

198 2648 424 2692 pessucerent,
457 2648 679 2702 volucresque
700 2653 856 2693 tanquam
883 2649 993 2683 media
1015 2656 1114 2683 nocte
1137 2649 1387 2684 deiaberentur.
1433 2654 1532 2683 nocte
1558 2660 1618 2682 au-

198 2699 268 2726 tem
296 2693 490 2736 insequenti
512 2692 602 2738 ignis
631 2694 759 2728 exarsit
780 2699 893 2727 tantus
920 2699 957 2727 nt
980 2695 1133 2728 scintillis
1158 2694 1306 2739 repletus
1327 2696 1386 2727 aer
1407 2698 1510 2728 esset.
1556 2704 1623 2736 qua

200 2749 239 2771 re
261 2739 545 2783 portendebatur,
578 2749 651 2774 cum
676 2738 809 2783 plebem
832 2739 1032 2773 seditionem
1054 2740 1216 2774 facturam
1242 2741 1406 2774 adversus
1423 2737 1620 2785 principem,
