1748 3210
199 196 293 246 194
719 198 942 241 IOANNIS
971 199 1103 242 LYDI

193 313 260 353 καὶ
291 308 441 352 τούτων
475 309 523 351 ἄν
553 325 614 358 τις
640 307 887 362 ἐπιστήσεται
915 315 997 358 τοῖς
1026 310 1216 365 ἐλέγχοις,
1250 314 1284 354 εἰ
1314 319 1401 364 ταῖς
1430 314 1620 364 §nausson

175 379 516 429 ,Κωνσταντίνοω
552 375 599 425 ἃς
628 375 747 424 αὐτὸς
780 377 902 434 οἰκείᾳ
935 381 1049 432 φωνῇ
1071 376 1235 433 γράψας
1252 379 1524 432 ἀπολέλοιπεν,
1557 384 1620 423 ἓν·-

192 444 378 495 τεύξεται.
447 441 576 484 εἰκόνα
600 443 730 483 τοίνυν
760 444 826 484 καὶ
854 444 1080 496 στοχασμὸν
1107 445 1288 500 ἀμυδροῦ
1306 449 1622 502 παραδείγματος

194 511 291 555 εἶναι
321 512 461 566 κρίνων
494 508 616 562 αὐτὴν
643 508 742 564 πρὸς
773 510 944 563 ἐκείνην,
990 509 1062 552 δύο
1104 513 1344 567 πραίτωρσιν
1377 514 1620 569 ἄρκεσθῆναι

193 580 341 622 συνεῖδε
362 576 428 618 διὰ
443 576 487 617 τὸ
508 579 586 617 τῶν
601 574 817 632 οἶκητόρων
830 577 989 633 μέτριον
1006 579 1072 619 καὶ
1087 582 1166 620 τῶν
1184 578 1426 634 πραγμάτων
1442 580 1619 637 σμικρόν.
1631 587 1652 621 5

193 648 236 687 ἐκ
269 649 339 698 τῆς
368 641 572 700 φάλαγγος
597 637 666 703 ρῧν
687 647 766 685 τῶν
788 644 829 685 ἐν
848 647 899 699 τῇ
914 642 1055 700 εΡοόμῃ
1083 643 1319 701 πραιτώριον
1338 645 1408 687 τὸν
1427 646 1622 702 τουτηλά-

192 729 277 768 ριον
307 704 670 766 προχειριζεταί...
688 710 757 751 τὸν
789 711 862 763 μὲν
892 712 1220 754 Κωνσταντιανὸν
1246 712 1316 754 τὸν
1343 713 1385 754 δὲ
1407 711 1622 770 μάγιστρον

190 783 263 822 τοῦ
293 776 439 830 κήνσου
467 777 710 833 ἐπιφημίσας
718 808 732 827 ,
767 777 883 819 οἱονεὶ
915 777 1088 834 ἄρχοντα
1111 783 1189 820 τῶν
1214 777 1445 834 ἆρχετῦπων
1469 784 1622 834 συμβο-

191 847 335 896 λαίων,
369 843 429 885 ὅτι
451 847 594 897 κῆνσον
613 844 686 896 μὲν
707 844 779 898 τὴν
802 844 1040 900 ἀπογραφὴν
1065 850 1143 887 τῶν
1171 846 1338 902 ἀρχείων
1345 877 1359 897 ,
1393 846 1555 902 ῥέγεστα
1579 847 1623 888 δὲ

191 914 367 967 λέγουσι·
418 912 482 952 καὶ
513 911 681 966 σκρίβαν
707 911 779 963 μὲν
809 911 939 968 ἐκείνῳ
967 911 1083 964 (ἀντὶ
1110 917 1180 953 τοῦ
1211 911 1495 970 ὖπογραφέα),
1529 931 1622 968 κην-
1633 917 1677 952 1⁰

191 977 365 1032 σουάλης
389 978 431 1018 δὲ
455 975 582 1033 τούτῳ
618 977 731 1031 (ἀντὶ
753 982 823 1019 τοῦ
846 977 1190 1034 ἆρχειοφύλακας)
1224 978 1507 1036 ὑπηρετεῖσθαι
1529 979 1624 1023 διώ-

191 1064 289 1103 ρισε.
336 1049 407 1098 τῆς
432 1045 473 1086 δὲ
494 1042 686 1100 ἡμετέρας
700 1042 885 1098 Ῥώμης,
914 1047 981 1086 καὶ
998 1047 1187 1099 νεμέσεως
1204 1045 1301 1098 ἔξω,
1333 1049 1402 1089 καὶ
1422 1048 1495 1101 τὴν
1511 1045 1623 1104 πρώ-

189 1131 261 1168 την
289 1116 360 1166 τῆς
388 1110 592 1163 δυνάμεως
622 1110 948 1166 ἀποκρυπτούσης
957 1143 970 1162 ›
1005 1115 1178 1155 συνεῖδεν
1199 1111 1220 1154 ὅ
1242 1112 1452 1170 κράτιστος
1468 1117 1535 1156 καὶ
1553 1119 1624 1168 τῆς

190 1185 262 1222 τοῦ
283 1179 482 1234 οὐρβανοῦ
505 1178 729 1232 πραίτωρος
752 1179 911 1218 δεῖσθαι
932 1177 1127 1233 παρόδου.
1173 1178 1336 1235 προάγει
1354 1183 1483 1223 τοίνυν
1504 1181 1623 1223 αὐτὸν

187 1251 238 1302 τῇ
268 1246 390 1301 οἰκείᾳ
417 1242 617 1296 σεμνύνων
645 1246 914 1302 προσηγορίᾳ,
950 1243 1035 1296 ἅμα
1065 1250 1143 1287 τῶν
1163 1250 1234 1286 τοῦ
1254 1245 1384 1299 δήμου
1403 1264 1621 1303 παραπτω-
1634 1249 1676 1284 15

188 1311 326 1366 μάτων
353 1308 555 1363 ἁψόμενον
562 1341 576 1361 ,
608 1308 693 1363 ἅμα
723 1310 795 1365 τὴν
825 1312 1060 1367 πολιαρχίαν
1087 1313 1308 1368 φροντίδων
1329 1313 1516 1370 ἀμετρίας
1538 1316 1625 1355 ἔπι-

189 1379 385 1435 κουφίσας
409 1375 630 1434 ἐμφρόνως.

277 1486 301 1520 2
323 1495 367 1518 an
387 1479 675 1516 uoevaaffzomev?
699 1482 761 1516 sed
786 1483 834 1516 cf.
853 1483 875 1517 3
896 1483 961 1518 33:
986 1480 1197 1528 συγγραφήν
1218 1482 1354 1524 Κέλσος
1375 1481 1624 1520 ἀπολέλοιπεν.

276 1526 483 1570 ἐπεύξηται
499 1527 614 1571 vulgo.
750 1528 772 1561 7
787 1532 883 1572 patet
899 1527 1067 1562 excidisse
1083 1541 1204 1563 nomen
1218 1529 1358 1563 alterius
1375 1530 1556 1574 praetoris.
1577 1533 1622 1565 1⁴¹.

275 1574 298 1608 9
321 1569 483 1616 ἀρχαίων
506 1571 629 1616 vulgo,
654 1574 689 1606 et
710 1583 788 1606 mox
811 1569 1116 1616 ἀρχαιοφύλακας.
1252 1575 1295 1608 16
1318 1571 1503 1619 ἁψόμενος
1521 1577 1567 1610 F.

186 1666 301 1701 menta
327 1660 540 1707 reppererit,
578 1659 638 1736 ‹iui
668 1663 834 1694 tractatus
863 1662 1080 1696 Constantini
1110 1662 1252 1707 legerit,
1287 1675 1372 1708 quos
1401 1664 1478 1709 ipse
1508 1666 1623 1710 patrio

187 1719 344 1746 sermone
373 1706 519 1750 scriptos
548 1716 586 1738 re
600 1705 700 1748 iquit.
755 1706 970 1740 simulacrum
999 1707 1105 1751 igitur
1135 1720 1208 1742 eam
1240 1714 1276 1742 et
1304 1709 1454 1753 speciem
1487 1711 1623 1745 obscuri

187 1752 334 1798 exempli
358 1753 401 1785 ad
418 1751 507 1783 illam
532 1762 607 1783 esse
625 1749 797 1794 iudicans,
822 1752 907 1785 duos
926 1753 959 1785 ei
981 1757 1159 1796 praetores
1177 1753 1339 1786 sufficere
1361 1754 1546 1789 arbitratus
1571 1762 1623 1789 est

186 1804 330 1846 propter
349 1796 533 1830 incolarum
551 1801 587 1828 et
605 1805 781 1828 causarum
804 1796 1019 1840 paucitatem.
1068 1809 1087 1830 e
1109 1798 1276 1841 phalange
1297 1798 1414 1843 itaque
1435 1800 1530 1833 urbis
1549 1801 1622 1833 Ro-

186 1856 262 1878 mae
281 1848 477 1888 praetorum
494 1839 689 1874 tutelarium
707 1845 821 1874 creat.
834 1865 862 1875 ..
877 1866 886 1875 .
904 1840 996 1875 illum
1011 1843 1303 1884 Constamianum,
1322 1843 1411 1876 hunc
1428 1845 1623 1888 magistrum

185 1900 308 1923 census
337 1887 399 1929 (id
422 1890 476 1919 est
500 1884 698 1928 archetypis
721 1885 954 1919 instrumentis
978 1886 1221 1930 praepositum,
1245 1888 1325 1931 quia
1343 1899 1479 1922 censum
1498 1895 1624 1923 vocant

150 1965 154 1977 ‚
185 1935 485 1967 instrumentorum
509 1929 812 1974 perscriptionem‚
838 1942 938 1974 quam
959 1932 1100 1964 eandem
1124 1937 1159 1965 et
1179 1938 1316 1975 regesta
1339 1932 1479 1977 dicunt)
1503 1934 1622 1979 appel—

186 1979 292 2019 lavit3
317 1976 531 2018 scribamque
552 1973 622 2017 illi,
650 1974 687 2007 id
711 1980 762 2008 est
785 1981 1022 2020 exceptorem,
1048 1982 1084 2009 et
1105 1977 1280 2010 censuales
1303 1977 1402 2019 huic,
1431 1978 1468 2012 id
1491 1985 1545 2012 est
1566 1979 1620 2013 in—

186 2021 465 2063 strmxentarios,
504 2030 673 2063 apparere
706 2019 827 2054 voluit.
874 2025 992 2054 nostra
1016 2025 1127 2054 autem
1147 2023 1257 2056 Roma
1280 2021 1348 2064 (sit
1365 2023 1456 2056 dicto
1475 2024 1621 2067 venial)

184 2067 326 2112 primam
345 2067 430 2099 adeo
450 2063 605 2108 potentia
623 2065 846 2107 obscurante,
872 2065 1017 2117 optimus
1035 2070 1152 2100 noster
1169 2066 1355 2111 imperator
1371 2070 1500 2102 urbano
1521 2069 1622 2103 etiam

184 2115 345 2157 praetore
381 2121 464 2153 opus
497 2120 573 2142 esse
606 2108 714 2142 duxit.
763 2113 856 2142 creat
891 2115 940 2143 lta
966 2121 1009 2144 ue
1044 2121 1119 2144 eum
1147 2122 1276 2156 suoque
1303 2112 1437 2146 nomine
1460 2112 1620 2158 illustrat,

185 2155 283 2190 simul
307 2154 424 2200 populi
446 2153 570 2186 delicta
593 2164 836 2198 aggressurus,
871 2153 958 2189 simu
992 2155 1242 2201 praefecturam
1265 2156 1358 2190 urbis
1376 2157 1539 2194 immensa
1559 2170 1620 2193 cu-

184 2212 299 2236 rarum
321 2199 409 2234 mole
430 2197 605 2244 sapienter
624 2197 755 2232 levans.
