1748 3210
242 185 333 233 324
761 185 980 228 IOANNIS
1014 185 1146 228 LYDI

665 289 1236 326 ΦΕΒΡΟΤΑΡΙΟΣ.

292 363 370 408 35.
398 361 447 405 α’.
471 364 521 404 Εἰ
547 360 769 418 βροντήσῃ,
808 359 978 416 πόλεμον
1014 365 1080 405 καὶ
1117 368 1263 420 πτῶσιν
1301 363 1454 421 ἀνδρῶν
1483 361 1657 420 εὐπόρων

238 430 396 474 ἀπειλεῖ.

367 494 422 547 β’.
473 497 505 536 εἲ
523 490 723 550 βροντήσῃ
734 525 747 545 ,
780 493 801 535 ὃ
831 496 902 548 μὲν
927 501 1033 544 σῖτος
1055 493 1247 547 ἐλάττων,
1280 494 1306 550 ἢ
1329 496 1371 537 δὲ
1389 498 1508 552 κριθὴ
1532 499 1656 554 κρείτ-

237 580 335 613 των,
366 564 431 603 καὶ
451 563 604 618 θηρίων
626 562 696 614 μὲν
717 559 879 615 αὔξησις
887 594 900 613 ,
935 564 1075 618 φθίσις
1095 565 1137 605 δὲ
1155 561 1379 619 ἀνθρώπων
1403 562 1523 606 ἔσται.
1663 573 1688 608 6

365 628 415 684 γ’.
466 631 499 671 εἶ
519 626 718 684 βροντήσῃ
728 659 741 679 ,
775 627 966 685 ἐμφύλιος
982 629 1091 671 ἔσται
1111 628 1262 680 στάσις.
1471 636 1474 639 “

369 693 419 736 δ’.
466 697 501 736 εἲ
519 694 742 751 βροντήσῃ,
777 696 814 737 οἳ
842 695 1048 751 ἅνθρωποι
1078 697 1123 738 οὗ
1155 694 1380 754 προσώποις
1407 693 1529 749 μόνον
1556 695 1656 737 ἀλλὰ

235 764 301 804 καὶ
322 763 512 811 διανοίαις
529 762 667 811 αὗταΐς
681 761 1015 818 ταραχθήσονται.

368 827 412 871 ε’.
471 831 505 870 εἰ
531 827 754 885 βροντήσῃ,
796 829 946 883 ἄμητος
983 830 1106 879 πολὺς
1131 831 1196 872 καὶ
1229 827 1452 885 ἀνθρώπων
1485 825 1656 871 ἀπώλεια

233 895 356 940 ἕσται.
1669 905 1710 941 10

365 959 413 1010 ς’.
470 962 503 1002 εἰ
523 958 746 1017 βροντήσῃ,
780 962 922 1018 φθορὰ
949 966 1027 1004 τῶν
1059 966 1188 1020 ’ξηρῶν
1213 967 1397 1019 καρπῶν,
1430 963 1496 1005 καὶ
1518 963 1657 1018 διαφε-

233 1028 382 1086 ρόντως
401 1032 480 1070 τῶν
502 1032 668 1083 κριθῶν.

365 1094 412 1146 ζ’.
466 1096 499 1136 εἶ
515 1093 714 1150 βροντήσῃ
723 1125 736 1145 ,
759 1094 923 1150 φθορὰν
936 1094 1006 1135 οὖκ
1021 1096 1074 1144 εἷς
1086 1095 1243 1152 μακρὰν
1255 1092 1485 1150 ἀνθρώποις
1497 1093 1655 1136 ἀπειλεῖ.
1700 1112 1702 1115 ·

363 1160 415 1214 η’,
465 1163 499 1202 εἲ
513 1160 737 1216 βροντήσῃ,
769 1165 934 1216 πρᾶγμα
965 1162 1145 1215 μέγιστον
1177 1161 1450 1217 ἀναφυήσεται,
1471 1165 1519 1217 τῇ
1543 1164 1655 1202 πολι-

232 1227 314 1288 τείᾳ
324 1258 337 1278 ,
373 1229 440 1268 καὶ
461 1227 498 1268 οἱ
517 1227 588 1280 μὲν
608 1225 744 1280 ἰχθύες
759 1227 1018 1278 ἐπιδώσουσι,
1050 1227 1100 1268 τὰ
1123 1227 1165 1268 δὲ
1180 1229 1308 1283 θηρία
1325 1226 1589 1283 φθαρήσεται.
1667 1238 1708 1273 15

361 1292 420 1335 θ’.
468 1295 502 1335 εἲ
522 1291 743 1350 βροντήσῃ,
777 1292 946 1336 ἐλάττων
970 1292 994 1347 ἧ
1018 1293 1154 1348 κριθή.

365 1359 405 1401 ι’.
468 1362 500 1402 εἲ
521 1359 743 1416 βροντήσῃ,
773 1362 824 1403 τὰ
845 1361 973 1415 θηρία
993 1367 1076 1411 τοῖς
1098 1359 1326 1420 ἀνθρώποις
1349 1365 1590 1414 λυμανεῖται.

366 1425 434 1470 ια’.
468 1430 501 1469 εἲ
521 1427 745 1483 βροντήσῃ,
778 1429 932 1470 εὗτοκία
952 1433 1161 1483 γυναικῶν.

366 1493 434 1547 ιβ’.
469 1497 502 1536 εἶ
520 1493 720 1551 βροντήσῃ
731 1526 745 1547 ,
776 1494 954 1538 θάνατον
976 1495 1119 1549 συχνὸν
1139 1495 1292 1537 ἀπειλεῖ
1307 1495 1372 1536 καὶ
1394 1493 1561 1546 ἀνέμους
1581 1490 1656 1545 ἀή-

229 1564 330 1610 θεις.
1239 1569 1243 1574 ”
1664 1570 1710 1604 20

364 1623 428 1679 ιγ’.
463 1628 496 1667 εἲ
515 1625 716 1684 βροντήσῃ
726 1658 739 1678 ,
773 1627 939 1682 εὖθηνία
971 1630 1043 1682 μὲν
1071 1627 1178 1670 ἕσται
1189 1660 1203 1680 ,
1238 1626 1375 1678 στάσις
1396 1629 1439 1670 δὲ
1458 1627 1565 1680 ὅμως
1582 1642 1654 1666 πο-

230 1689 370 1744 λιτική.
1474 1738 1478 1741 A

365 1755 430 1798 ιδ’.
463 1759 497 1798 εἷ
527 1756 746 1816 βροντήσῃ,
793 1759 994 1814 ἀποβολὴν
1034 1761 1176 1803 τέκνων
1207 1763 1273 1802 καὶ
1309 1760 1453 1816 ἔφοδον
1486 1757 1655 1815 ἑρπετῶν

233 1826 428 1879 ἔπιβλαβῆ
453 1823 613 1866 ἀπειλεῖ.

321 1984 363 2017 10
396 1981 495 2016 ἔσται
526 1993 581 2016 om
608 1983 716 2027 Rutg.
851 1983 895 2018 14
916 1983 999 2018 fort.
1021 1981 1273 2027 ἄναφύσεταιε
1301 1984 1348 2018 cf.
1370 1995 1406 2028 p.
1429 1982 1496 2018 327
1518 1981 1574 2017 20.
1605 1981 1652 2014 H.

319 2029 365 2062 24
387 2024 541 2071 α’πειλήν
560 2027 602 2061 C.

692 2167 1207 2204 FEBRUARIUS.

320 2233 379 2269 35.
425 2234 460 2267 1.
494 2234 535 2268 Si
561 2236 677 2279 tonat,
705 2234 829 2269 bellum
858 2237 894 2267 et
920 2234 1052 2269 ruinam
1084 2237 1234 2271 virorum
1265 2235 1468 2281 locupletum
1498 2234 1656 2270 minatur.

232 2280 267 2314 2.
294 2279 325 2313 si
341 2278 510 2322 tonuerit,
530 2279 682 2312 triticum
701 2280 811 2312 minus
830 2280 939 2323 bene,
970 2281 1133 2316 hordeum
1154 2283 1276 2316 laetius
1296 2281 1496 2327 proveniet3
1524 2281 1655 2314 bestia-

231 2335 306 2358 rum
323 2328 462 2367 auctus,
483 2324 652 2358 hominum
672 2323 849 2357 diminutio
873 2324 951 2358 erit.
1031 2327 1076 2364 3.
1101 2327 1132 2360 si
1150 2326 1322 2370 tonuerit,
1342 2326 1465 2359 seditio
1484 2325 1552 2359 erit
1567 2325 1654 2359 civi-

231 2370 288 2403 lis.
378 2368 414 2402 4.
446 2368 478 2402 si
495 2369 663 2412 tonuerit,
699 2369 851 2402 homines
871 2381 938 2402 non
956 2370 1063 2404 solum
1083 2373 1161 2406 visu
1184 2373 1245 2406 sed
1265 2371 1322 2405 vel
1338 2377 1449 2405 mente
1465 2371 1654 2404 turbabun-

230 2420 300 2449 tur.
391 2412 426 2447 5.
449 2413 480 2447 si
495 2413 667 2456 tonuerit,
699 2413 818 2446 messis
836 2415 941 2460 uber,
972 2416 1142 2450 hominum
1164 2417 1304 2450 exitium
1324 2415 1403 2449 erit.
1493 2417 1527 2449 6.
1551 2415 1582 2448 si
1597 2420 1654 2448 to—

230 2457 362 2501 nuerit,
395 2457 554 2492 interitus
581 2459 715 2501 frugum
737 2458 920 2502 siccarum,
955 2466 991 2494 et
1012 2461 1195 2505 praecipue
1217 2460 1349 2495 hordei.
1433 2462 1472 2508 ⁶7.
1496 2459 1527 2494 si
1544 2464 1654 2502 tonat,

230 2503 464 2538 interitionem
487 2514 556 2536 non
581 2503 770 2536 diuturnam
789 2503 981 2538 hominibus
1000 2507 1187 2540 minitatur.
1277 2507 1311 2540 8.
1348 2505 1379 2539 si
1396 2505 1568 2550 tonuerit,
1590 2517 1651 2538 ne-

230 2547 360 2592 gotium
390 2548 569 2582 maximum
596 2547 799 2581 conflabitur
826 2548 978 2591 civitati3
1007 2551 1119 2596 pisces
1146 2551 1369 2595 provenient,
1398 2550 1532 2583 belluae
1559 2550 1652 2595 peri-

230 2595 329 2626 bunt.
420 2595 455 2627 9.
479 2593 510 2627 si
530 2593 701 2636 tonuerit,
723 2592 886 2626 hordeum
905 2598 1022 2629 tenue.
1113 2597 1167 2629 10.
1192 2596 1223 2629 si
1243 2595 1414 2639 tonuerit,
1433 2595 1566 2630 belluae
1589 2595 1652 2628 ho-

230 2637 377 2671 minibus
419 2639 604 2672 nocebunt.
696 2638 752 2671 11.
793 2637 824 2670 si
855 2639 1028 2685 tonuerit,
1063 2641 1246 2684 puerperia
1273 2642 1387 2674 fausta
1412 2644 1652 2675 matronarum.

234 2682 290 2716 12.
325 2682 356 2715 si
386 2686 504 2726 tonat,
534 2685 661 2716 mortes
683 2682 822 2716 crebras
842 2683 1007 2727 minatur,
1038 2690 1159 2719 ventos
1179 2685 1450 2730 intempestivo&
1542 2686 1596 2720 13.
1621 2684 1654 2717 si

229 2727 399 2769 tonuerit,
430 2727 640 2762 abundantia
668 2727 805 2771 quidem
831 2727 915 2771 erit,
944 2730 1006 2762 sed
1034 2734 1146 2763 tamen
1171 2731 1295 2764 seditio
1327 2730 1451 2764 civilis.
1543 2727 1597 2763 14.
1623 2729 1654 2761 si

225 2775 343 2817 tonat,
383 2771 549 2807 iacturam
579 2771 784 2816 liberorum,
825 2774 1078 2818 aggressionem
1106 2775 1266 2811 infestam
1291 2774 1463 2821 reptilium
1492 2773 1650 2808 minatur.
