1748 3210
253 198 346 244 274
766 199 986 240 lOANNIS
1016 199 1147 240 LYDI

248 303 338 360 ,γὰρ
373 303 424 360 δὴ
452 305 524 348 καὶ
550 305 629 358 τὴν
657 305 735 346 τοῦ
762 303 1036 354 κραταιοτάτου
1063 303 1247 354 βασιλέως
1274 305 1444 359 νίκην),
1479 303 1557 346 ’ὑπ’
1586 303 1663 347 αὕ-

250 374 337 413 τῶν
382 370 534 414 λοιπόν
572 373 659 412 τῶν
696 366 955 422 πραγμάτων
991 368 1062 411 καὶ
1095 372 1168 423 τῆς
1206 371 1241 415 ἐξ
1277 370 1394 408 αὐτῶν
1427 371 1663 424 μαρτυρίας

247 436 428 491 γράφειν
459 436 555 488 περὶ
591 437 677 477 τῶν
715 433 926 477 τοιούτων
954 434 1196 489 προήχθην,
1238 433 1323 488 ἅμα
1350 434 1426 489 μὲν
1451 435 1559 490 πρὸς
1587 439 1660 490 τῆς

245 503 345 557 ἐμῆς
375 503 546 544 ἔσεσθαι
579 499 744 556 μνήμης
770 499 817 543 τὸ
844 503 1015 556 πρᾶγμα
1053 501 1255 555 νομίζων,
1295 498 1380 553 ἅμα
1417 501 1461 544 δὲ
1498 501 1659 544 ἄτοπον

245 569 318 612 καὶ
353 567 526 621 φθόνου
563 565 695 621 γέμον
730 565 967 621 ἡγούμενος
1001 564 1110 610 εἶναι
1145 565 1191 609 τό
1228 563 1390 615 πόνους
1425 566 1689 616 τοσούτους5

245 638 335 682 τοῖς
365 633 554 687 ἀρχαίοις
581 633 972 689 καταβεβλημένους
999 635 1056 683 εἰς
1084 631 1186 682 τούς
1213 633 1305 686 περὶ
1323 630 1485 675 τούτων
1506 630 1660 686 λόγους

246 696 340 752 ἄχρι
367 697 525 748 παντὸς
551 703 691 752 μεῖναι
718 698 1021 749 λανθάνοντας.

353 767 391 804 2.
443 761 669 817 Ἁρμόδιον
706 765 751 808 δὲ
790 763 898 809 εἶναι
937 765 1092 820 νομίζω
1130 766 1190 819 τῷ
1225 762 1432 816 περὶτῶν
1457 761 1660 806 τοιούτων

242 827 425 883 γράφειν
469 829 679 882 ἐθέλοντι,
730 830 867 874 πόθεν
913 847 956 874 τε
1000 830 1026 886 ἡ
1065 834 1153 873 τῶν
1188 828 1397 872 τοιούτων
1430 828 1660 883 κατάληψις

241 894 405 951 ἤρξατο,
443 898 583 946 λέγειν,
621 897 692 938 καὶ
726 896 832 939 ὅθεν
863 896 953 951 ἔσχε
986 896 1062 945 τοὶς
1090 894 1310 950 ἀφορμάς,
1351 895 1423 938 καὶ
1450 894 1566 945 ὅπως
1593 893 1659 937 ἐπὶ
1672 904 1712 943 10

241 965 449 1005 τοσοῦτον
475 966 673 1015 προῆλθεν
702 961 761 1012 ὥς
789 963 860 1005 καὶ
890 961 1070 1013 αὐτούς,
1110 964 1144 1004 εἰ
1180 961 1303 1015 θέμις
1338 962 1489 1012 εἰπεῖν,
1527 961 1659 1014 Λίγυ-

242 1029 392 1078 πτίους
429 1028 692 1082 ὑπερβαλεῖν.
749 1026 912 1070 τούτων
947 1030 1014 1074 γὰρ
1047 1029 1113 1074 δή,
1152 1029 1241 1074 μετὰ
1269 1026 1556 1081 Ζωροάστρην
1583 1025 1660 1068 τόν

241 1093 401 1143 πολύν,
445 1093 669 1146 Πετόσιρις
704 1099 792 1143 τοῖς
828 1095 1001 1142 εἰδικοῑς
1029 1092 1079 1134 τοὶ
1110 1095 1147 1130 ἐν
1174 1095 1265 1139 γένει
1295 1094 1494 1142 διαπλέξας
1522 1090 1657 1134 πολλά

241 1159 318 1214 μὲν
341 1157 436 1201 κατ’
463 1157 596 1201 αὐτὸν
623 1160 896 1212 παραδοῦναι
918 1156 1123 1211 βιάζεται,
1156 1155 1208 1199 οὐ
1233 1160 1327 1198 πᾶσι
1349 1159 1388 1196 δὲ
1411 1158 1658 1204 παραδίδωσι

240 1227 397 1273 ταῦτα,
432 1222 586 1276 ,μόνοις
622 1223 666 1266 δὲ
703 1228 791 1273 τοῖς
827 1222 933 1266 καθ’
973 1220 1126 1274 αὐτόν,
1172 1225 1333 1276 μᾶλλον
1371 1222 1415 1265 δὲ
1458 1222 1551 1264 ὅσοι
1585 1221 1709 1264 uam

241 1290 363 1328 αὐτῶν
390 1288 493 1342 πρὸς
530 1288 794 1344 στοχασμούς
829 1290 1163 1345 ἐπιτηδειότεροι.
1214 1285 1453 1342 Ἀντίγονος
1489 1286 1533 1330 6⁸2
1567 1285 1654 1341 μετ’

204 1371 208 1374 ·
240 1354 405 1398 ἐκεῖνον
434 1356 591 1403 διέκρινε
619 1355 696 1410 μἐν
723 1356 795 1398 καὶ
825 1355 1064 1410 διήρθρωσε
1090 1349 1169 1409 τὴν
1195 1352 1446 1407 παράδοσιν,
1476 1352 1587 1406 πρός
1611 1353 1656 1395 δὲ

238 1420 288 1464 τὸ
317 1419 484 1463 πυκνόν
517 1427 587 1460 τῶν
615 1424 652 1460 ἐν
680 1427 722 1471 τῇ
750 1422 995 1478 ἀστρονομίᾳ
1033 1423 1238 1475 γραμμῶν
1277 1416 1508 1469 ἀποκλίνας
1545 1417 1655 1472 α’μύ-

239 1493 377 1542 θητον
406 1486 534 1542 ὄχλον
561 1492 622 1526 καὶ
646 1487 821 1535 ἀσαφείας
849 1491 962 1535 πάσης
991 1486 1224 1540 ἀνάμεστον
1241 1489 1293 1541 τῇ
1310 1489 1456 1541 γραφῇ
1476 1496 1656 1539 συγκατ-

239 1554 374 1597 έθετο.
432 1554 485 1596 τὰ
519 1552 600 1606 γὰρ
628 1550 902 1606 Ἀριστοτέλει
929 1553 1124 1607 εἰρημένα
1153 1551 1464 1606 γνωριμώτατα.
1514 1548 1653 1593 Ἡλιό-
1664 1557 1708 1591 520

238 1622 379 1672 δωρος
407 1618 452 1660 δὲ
480 1620 551 1660 καὶ
577 1618 845 1672 Ἀσκλατίων,
875 1619 935 1661 ἔτι
961 1619 1032 1662 καὶ
1060 1616 1210 1667 Δαψός
1235 1616 1258 1659 ὁ
1284 1619 1456 1671 Θηβαῖος
1465 1642 1644 1655 ........

237 1688 298 1722 καὶ
334 1687 501 1738 Πολλῆς
540 1685 611 1726 καὶ
653 1683 676 1727 ὁ
713 1683 933 1735 θειότατος
970 1683 1051 1737 πρὸ
1094 1681 1233 1725 αὐτῶν
1273 1685 1556 1736 Πτολεμαῖος,
1600 1681 1655 1724 ου’

237 1750 358 1805 μέχρι
385 1749 542 1798 παντὸς
569 1751 734 1803 ἰ’σχυσαν
759 1750 835 1804 τὴν
865 1750 1051 1792 παλαιάν
1079 1747 1291 1802 ἀσάφειαν
1312 1751 1387 1791 τοῦ
1408 1746 1654 1802 πράγματος

237 1815 453 1870 ἐκβαλεῖν,
491 1816 629 1858 καίτοι
655 1831 701 1870 γε
730 1815 900 1871 σφόδρα
926 1816 998 1859 καὶ
1025 1819 1154 1858 τοῦτο
1183 1818 1356 1870 ποιῆσαι
1384 1814 1650 1864 σπεύσαντες.

328 1905 370 1938 13
393 1903 522 1943 ἰδικοῖς
544 1905 586 1938 C.

237 1977 318 2015 item
341 1980 578 2023 declarabat),
612 1980 735 2013 iccirco
766 1980 851 2024 ipsis
877 1979 1053 2014 eventibus
1078 1992 1258 2025 eorumque
1287 1979 1477 2014 testimonio
1501 1980 1543 2013 ad
1565 1980 1648 2012 scri-

235 2027 386 2071 ptionem
408 2027 450 2058 de
473 2027 574 2059 rebus
598 2025 787 2059 huiusmodi
812 2037 882 2058 sum
903 2027 1083 2068 adductus,
1107 2032 1142 2059 et
1164 2025 1353 2059 memoriam
1374 2025 1408 2058 id
1433 2037 1538 2058 meam
1559 2036 1648 2058 com-

236 2071 468 2103 mendaturum
498 2070 710 2112 existimans,
746 2075 781 2103 et
802 2071 1009 2103 incommodo
1033 2070 1229 2114 invidiaque
1251 2082 1320 2104 rem
1346 2081 1412 2103 non
1435 2081 1551 2103 carere
1569 2081 1649 2102 cen-

237 2126 336 2155 sens,
374 2114 403 2146 si
433 2119 484 2146 tot
518 2115 650 2147 labores
686 2126 706 2147 a
736 2115 908 2147 veteribus
942 2115 977 2147 in
1010 2115 1204 2159 disciplinas
1234 2115 1307 2149 illas
1330 2114 1474 2158 impensi
1496 2114 1531 2147 in
1554 2125 1650 2146 omne

234 2164 367 2202 tempus
389 2159 578 2191 absconditi
599 2164 785 2192 manerent.

324 2204 359 2236 2.
405 2202 605 2246 Appositum
641 2209 750 2237 autem
787 2214 863 2236 esse
895 2204 1062 2247 arbitror,
1110 2204 1139 2238 si
1174 2205 1249 2248 quis
1280 2205 1322 2237 de
1353 2205 1456 2237 rebus
1487 2203 1649 2236 eiusmodi

236 2247 386 2282 scribere
410 2247 514 2289 velit,
549 2248 690 2290 primum
714 2260 733 2280 a
757 2260 823 2291 quo
846 2259 958 2281 earum
981 2249 1128 2292 cognitio
1156 2249 1308 2293 coeperit
1330 2249 1461 2290 dicere,
1495 2248 1650 2291 undeque

237 2293 284 2326 sit
314 2291 466 2325 subsidia
500 2297 617 2334 nacta,
655 2303 789 2335 quoque
819 2299 918 2336 pacto
943 2298 1081 2327 eatenus
1105 2293 1310 2337 processerit
1333 2298 1370 2326 ut
1390 2291 1444 2325 vel
1470 2291 1584 2335 ipsos,
1620 2292 1648 2324 si

236 2337 301 2370 hoe
323 2338 375 2369 fas
394 2340 449 2369 est
471 2336 583 2377 dictu,
606 2336 795 2379 Aegyptios
819 2348 1026 2379 superemus.
1074 2350 1115 2371 ex
1135 2338 1188 2371 his
1210 2339 1316 2380 enim,
1339 2343 1418 2380 post
1434 2336 1649 2368 zoroastrem

234 2382 427 2425 ingentem,
462 2381 627 2413 Petosiris
651 2381 742 2413 locos
763 2382 950 2424 singulares
975 2383 1178 2425 permiscens
1202 2381 1386 2425 generatim
1408 2380 1526 2423 dictis,
1549 2380 1650 2412 multa

234 2426 330 2459 iuxta
351 2425 442 2457 illum
466 2431 605 2457 conatur
623 2426 764 2458 docere:
789 2427 849 2458 sed
872 2432 983 2459 tamen
1007 2439 1072 2460 non
1091 2428 1242 2470 quemvis
1265 2437 1363 2459 unum
1387 2436 1428 2458 ea
1449 2426 1565 2466 docet,
1588 2426 1647 2457 sed

234 2470 324 2505 solos
354 2481 452 2511 suos,
488 2470 670 2512 horumque
692 2470 766 2502 illos
793 2470 903 2513 potins
929 2472 986 2514 qui
1008 2472 1077 2504 sint
1098 2473 1139 2505 ad
1163 2469 1475 2514 contemplationem
1506 2469 1647 2502 habilio-

233 2526 303 2548 res.
350 2520 429 2558 post
448 2514 534 2547 hunc
550 2515 738 2557 Antigonus
758 2514 875 2547 divisit
893 2516 1024 2557 quidem
1049 2521 1082 2549 et
1103 2516 1257 2549 distinxit
1276 2514 1502 2558 disciplinam,
1527 2514 1587 2547 sed
1605 2514 1647 2547 ad

235 2561 353 2593 crebra
376 2558 598 2591 astronomica
619 2559 818 2592 lineamenta
843 2571 1025 2593 conversus
1048 2560 1314 2603 inexplicabilem
1338 2558 1522 2592 molestiam
1541 2558 1646 2591 omni-

235 2615 302 2647 que
327 2603 532 2636 obscuritate
555 2604 713 2636 refertam
734 2604 770 2635 in
795 2604 1013 2646 scriptionem
1042 2605 1228 2638 introduxit
1252 2615 1357 2638 sumni
1402 2614 1490 2647 quae
1511 2603 1646 2636 Aristo-

231 2648 316 2681 teles
339 2648 506 2691 prodidit,
539 2648 712 2681 admodum
737 2648 872 2691 cognita
894 2655 984 2682 sunt.
1031 2649 1234 2683 Heliodorus
1259 2655 1371 2682 autem
1395 2654 1430 2681 et
1447 2648 1645 2689 Ascletario,

230 2693 365 2735 Dapsus
390 2693 571 2725 Thebanus
596 2716 763 2726 ........
787 2699 822 2726 et
850 2693 960 2726 Polles
985 2694 1179 2737 Aegiensis,
1215 2694 1339 2739 quique
1363 2693 1424 2726 hos
1448 2698 1560 2726 aetate
1583 2702 1642 2724 an·

228 2737 370 2770 tecessit
387 2737 521 2770 divinus
541 2737 773 2780 Ptolemaeus,
809 2738 979 2781 antiquam
999 2750 1019 2771 a
1037 2739 1179 2772 scientia
1205 2750 1344 2784 prorsus
1362 2736 1543 2780 dispellere
1561 2735 1643 2768 cali*

228 2782 340 2825 ginem
362 2793 429 2815 non
446 2787 649 2827 potuerunt,
682 2782 835 2828 quamvis
855 2782 891 2817 id
911 2793 1045 2828 quoque
1067 2785 1205 2818 efficere
1226 2784 1350 2830 oppido
1375 2781 1500 2816 conati.
1545 2780 1644 2814 nobis
