1748 3210
581 156 657 199 DE
689 154 965 202 MENSIBUS
994 155 1074 201 IV.
1493 155 1555 202 81

242 267 324 317 46.
392 273 456 328 Τῇ
491 269 569 327 πρὸ
602 275 726 328 τριῶν
750 274 885 314 νωνῶν
906 269 1120 329 ,Ἀπριλίων
1140 267 1348 329 (Ηρακλῆς
1373 269 1558 323 ἓπινίκιος

107 340 293 394 ἐτιμᾶτο,
338 336 404 381 οἷα
435 337 569 394 ὖγειάς
595 338 733 396 δοτήρ.
762 340 828 381 καὶ
855 337 1046 397 ῥαφάνων
1072 338 1195 394 νόμος
1223 338 1327 381 κατὰ
1350 338 1420 381 τὸν
1446 344 1555 393 μῆνα

107 413 248 455 τοῦτον
277 407 500 462 ἀπέχεσθαι
517 405 740 462 Ῥωμαίοις.
765 405 975 464 ςΗρακλῆς
995 409 1041 451 δὲ
1067 405 1088 450 ὃ
1100 406 1248 465 χρόνος
1267 408 1378 464 παρὰ
1401 412 1457 465 τῷ
1476 411 1555 450 Νι-

106 474 271 532 κομάχῳ
300 475 474 533 εἴρηται,
511 474 616 518 ἀλλὰ
641 475 724 530 μὴν
743 477 810 517 καὶ
829 475 962 530 ἥλιος,
995 477 1147 532 λέγοντι
1164 476 1291 526 οὕτως
1308 473 1555 533 ωῙΙρακλῆς
1576 491 1613 526 p.
1637 481 1683 517 93

73 545 180 600 ἦμέν
198 539 268 586 οὖν
289 542 310 586 ὃ
331 544 405 598 τὴν
422 545 512 600 περὶ
530 544 600 586 τὸν
614 542 716 600 ἀέρα
733 541 874 585 κλάσιν
889 548 939 600 τῇ
957 549 1035 586 τῶν
1052 542 1167 602 ὡρῶν
1182 549 1400 601 περιτροπῇ
1419 544 1561 591 ποιούῆ

105 629 236 667 μενος,
253 613 456 655 τουτέστιν
470 610 617 666 maog?
652 611 717 653 διὸ
735 611 786 665 δὴ
808 612 875 653 καὶ
893 613 934 654 ἓν
951 617 1034 662 τοϊς
1050 612 1194 656 τούτου
1212 614 1447 670 μυστηρίοις
1462 613 1558 663 τοὺς

106 679 279 737 ἄρρενας
301 681 540 736 γυναικείαις
558 682 720 729 στολαῖς
741 683 972 733 κοσμοῦσιν,
1007 679 1076 723 ἅτε
1099 682 1149 736 δὴ
1170 682 1212 732 ἐξ
1231 679 1466 738 ἀγριότητος
1490 683 1558 723 καὶ

106 748 268 804 ἆγονιάς
291 753 364 803 τῆς
383 748 485 791 κατὰ
507 747 576 790 τὸν
596 751 777 802 χειμῶνα
804 747 1025 804 ἀρχομένου
1053 753 1125 791 τοῦ
1145 754 1418 805 σπερματικοῦ
1437 748 1557 792 τόκου

107 816 374 871 θηλύνεσθαι.
415 817 481 858 καὶ
499 819 626 864 ταῦτα
648 816 721 870 μὲν
745 819 802 873 τῷ
823 815 912 873 ἴαρι
935 816 1103 859 ἐτέλουν.
1133 818 1224 874 τριά
1253 818 1298 859 δὲ
1321 817 1429 875 αὐτῷ
1446 822 1558 872 μῆλα

51 893 97 935 10
109 885 150 927 ἓν
174 889 224 942 τῇ
245 888 340 944 λαιᾷ
361 890 450 928 ταῖν
464 890 600 941 χεροῖν
619 888 693 937 τῆς
710 882 860 940 χρόνον
886 882 937 926 δι’
964 883 1089 927 αὐτοῦ
1110 884 1379 941 ἀναμερίσεως
1401 884 1557 939 σύμβο-

104 957 196 996 λον·
229 956 357 1007 μῆλον
385 953 458 1006 μὲν
485 952 564 1009 γὰρ
586 952 655 993 διὰ
674 951 750 1006 τὴν
767 952 871 1009 πρὸς
888 952 958 994 τὸν
978 953 1118 1010 καιρὸν
1137 953 1262 996 αὐτοῦ
1283 952 1557 1006 συμπάθειαν,

103 1020 210 1078 ἀρχὴ
230 1022 274 1063 δὲ
293 1019 442 1078 χρόνον
466 1020 601 1077 ἓαρινὴ
621 1018 764 1077 τροπή.
798 1021 865 1062 καὶ
886 1019 1018 1070 ἄλλως
1035 1022 1080 1063 δὲ
1097 1023 1202 1077 τρία,
1239 1021 1298 1063 ὅτι
1318 1023 1511 1078 τριμερὴς
1534 1021 1555 1064 ὃ

98 1087 257 1146 χρόνος.
285 1087 443 1143 ἀνάγειν
463 1089 507 1132 δὲ
527 1089 684 1144 λέγεται
702 1088 772 1131 τὸν
791 1087 891 1131 κύνα
908 1088 978 1131 τὸν
994 1090 1234 1146 τρικέφαλον
1253 1091 1296 1131 ἐκ
1313 1095 1384 1131 τοῦ
1403 1089 1555 1142 Ἅιδου,

103 1156 167 1200 ὅτι
196 1157 466 1215 φρουρητικὸς
496 1159 562 1199 καὶ
591 1157 830 1210 λυμαντικὸς
860 1154 881 1199 ὃ
902 1155 1050 1213 χρόνος
1079 1157 1213 1215 ὥσπερ
1235 1158 1286 1212 δὴ
1305 1159 1370 1199 καὶ
1391 1156 1412 1200 ὃ
1435 1157 1556 1201 κύων.

49 1233 92 1271 15
104 1232 210 1282 τρεῖς
231 1226 275 1267 δὲ
297 1225 406 1284 αὐτῷ
426 1225 618 1282 κεφαλαί,
656 1224 677 1266 ὅ
706 1242 747 1267 τε
777 1225 995 1281 παρελθὼν
1016 1226 1083 1267 καὶ
1105 1223 1125 1267 ὅ
1145 1225 1310 1275 ἐνεστὼς
1328 1227 1393 1269 καὶ
1419 1224 1439 1268 ὅ
1459 1228 1558 1279 μέλ-

102 1297 183 1335 λων
212 1292 364 1349 καιρός.
399 1294 466 1334 καὶ
494 1292 625 1342 ἄλλως
658 1293 703 1334 δὲ
730 1293 781 1334 τὰ
801 1294 893 1349 τρία
912 1297 1022 1347 μῆλα
1044 1295 1212 1348 ληπτέον
1231 1295 1292 1336 ἐπὶ
1310 1291 1558 1350 εΗρακλεόυς

102 1361 206 1404 κατὰ
234 1360 461 1419 φιλόσοφον
490 1359 622 1416 δόγμα
635 1391 648 1412 ,
684 1359 746 1402 ὅτι
773 1360 847 1410 τὰς
876 1368 983 1418 τρεῖς
1005 1359 1255 1418 περιόδουςό
1278 1359 1388 1418 ἣρως
1407 1361 1558 1413 ἀνύσας

102 1434 176 1472 τοῦ
192 1434 414 1487 πρακτικοῦ
431 1431 524 1483 βίου
542 1430 690 1479 τέλειος
706 1426 804 1471 εἶναι
821 1431 942 1471 δοκεῖ.
976 1428 1102 1485 ταύτῃ
1119 1432 1186 1471 καὶ
1200 1431 1432 1487 τριέσπερος
1449 1431 1557 1486 λέγε-

101 1515 171 1539 ται
197 1498 302 1540 κατὰ
327 1496 608 1555 Λυκόφρονα·
647 1498 748 1554 φησὶ
776 1496 884 1554 γάρ”
922 1499 1157 1554 τριεσπὲρυυ
1185 1500 1353 1549 λέοντος,
1390 1498 1435 1540 ὅν
1461 1516 1557 1541 ποτε

44 1563 273 1622 ωγνάθοις
293 1566 497 1623 Τρίτωνος
521 1563 717 1620 ἧμάλαψε
743 1563 947 1621 κάρχαρος
973 1563 1116 1607 mlum?
1151 1566 1197 1608 τὸ
1228 1567 1306 1622 γὰρ
1326 1568 1431 1622 τρισὶ
1449 1569 1557 1616 νυξὶν

99 1632 307 1693 ἓσπάρθαι
335 1634 405 1678 τὸν
436 1632 644 1692 ιΗρακλέα
669 1631 847 1688 μυθικόν
879 1634 999 1676 ἐστιν.
1041 1633 1179 1689 ’Ὴβην
1209 1635 1255 1676 δὲ
1284 1635 1558 1692 καλλίσφυρον

194 1766 214 1800 1
239 1761 424 1808 Ἀπριλίων
447 1775 502 1799 om
523 1763 568 1799 P.
731 1759 894 1803 ἕπίνικος
916 1762 960 1798 Ρ.
1121 1762 1145 1798 4
1167 1761 1280 1807 λέγων
1302 1763 1384 1798 PV:
1411 1775 1490 1799 corr
1513 1765 1554 1800 S.

189 1810 212 1845 5
235 1811 364 1853 κρᾶσιν
383 1811 527 1846 nasius.
619 1810 642 1844 8
663 1806 817 1853 ἄγονίας
835 1810 1052 1844 Creuzerus:
1077 1805 1232 1854 ἄγορίας
1251 1810 1296 1844 V.
1391 1811 1435 1846 16
1457 1811 1556 1856 μῆλα

189 1856 260 1891 add
279 1856 322 1891 P.
461 1857 505 1893 19
527 1855 739 1901 Lycophron
760 1856 819 1891 33.

188 1969 248 2005 46.
294 1971 339 2006 A.
369 1971 406 2006 d.
435 1971 459 2007 3
484 1971 605 2006 Nonas
630 1969 770 2015 Apriles
793 1967 965 2004 Hercules
997 1964 1122 2003 Victor
1155 1967 1353 2015 colebatur,
1390 1973 1555 2016 tanquam

99 2014 261 2052 sanitatis
279 2017 394 2052 dator.
417 2022 454 2051 et
469 2016 635 2063 raphanis
653 2016 721 2050 hoc
738 2027 855 2049 mense
874 2014 1052 2049 abstinere
1068 2014 1234 2049 Romanis
1254 2027 1326 2049 mos
1346 2022 1434 2051 erat.
1458 2017 1555 2051 Her-

99 2061 194 2097 cules
213 2066 328 2097 autem
344 2067 480 2108 tempus
500 2074 522 2097 a
540 2062 753 2097 Nicomacho
772 2061 885 2095 dictus
909 2064 983 2104 est,
1014 2070 1135 2094 verum
1157 2064 1194 2095 et
1211 2060 1282 2105 sol,
1313 2061 1365 2096 ita
1395 2062 1556 2097 dicentea

98 2103 300 2142 “Hercules
331 2108 440 2153 igitur
468 2108 500 2142 is
532 2112 606 2152 est,
641 2107 701 2152 qui
733 2106 941 2140 fractionem
969 2117 1060 2151 quae
1081 2106 1119 2140 in
1142 2106 1224 2140 aere
1246 2107 1288 2141 fit
1310 2111 1557 2153 tempestatum

99 2153 330 2188 conversione
362 2153 494 2197 efficit,
526 2154 564 2188 id
592 2157 646 2188 est
672 2150 767 2186 sol.”
813 2152 902 2186 hanc
930 2151 1089 2185 nimirum
1119 2153 1164 2186 ob
1195 2163 1332 2187 causam
1356 2159 1392 2187 et
1418 2153 1455 2188 in
1480 2155 1556 2189 eius

98 2198 278 2242 mysteriis
301 2211 414 2234 mares
439 2198 599 2234 femineis
615 2198 774 2232 vestibus
798 2201 945 2242 ornant,
970 2197 1100 2242 quippe
1122 2208 1196 2231 cum
1217 2204 1299 2243 post
1319 2199 1496 2234 feritatem
1520 2203 1558 2234 et

98 2243 387 2279 infecunditatem
407 2256 497 2290 quae
514 2245 627 2279 hieme
646 2244 783 2279 obtinet
800 2243 947 2289 incipiat
970 2254 1113 2288 germen
1130 2243 1295 2278 seminale
1313 2244 1472 2279 emolliri.
1521 2250 1558 2280 et

99 2288 188 2324 haec
213 2289 293 2324 veri
318 2291 533 2326 tribuebant.
579 2290 650 2325 tria
678 2295 792 2324 autem
823 2289 856 2323 ei
891 2288 980 2323 mala
1002 2289 1039 2322 in
1064 2299 1166 2322 manu
1194 2289 1356 2334 sinistra,
1387 2291 1557 2335 temporis

98 2345 191 2380 quae
213 2346 280 2380 per
302 2347 381 2370 eum
402 2336 444 2370 fit
465 2336 664 2382 partitionis
687 2335 838 2380 signum:
874 2334 996 2369 malum
1026 2334 1116 2368 enim
1141 2335 1186 2368 ob
1209 2334 1285 2369 eius
1316 2346 1391 2369 cum
1419 2341 1557 2381 tempe-

99 2384 192 2415 state
218 2393 442 2426 consensum,
475 2382 613 2416 initium
642 2386 756 2416 autem
785 2380 951 2426 temporis
978 2379 1164 2414 solstitium
1185 2391 1342 2414 vernum.
1391 2384 1428 2415 et
1450 2393 1555 2426 prae-

99 2429 200 2460 terea
226 2427 317 2472 tria,
352 2428 513 2474 quoniam
540 2427 753 2473 tripartitum
777 2431 926 2472 tempus.
974 2427 1123 2460 educere
1152 2430 1266 2459 autem
1287 2426 1414 2460 dicitur
1434 2438 1555 2462 canem

98 2469 288 2518 tricipitem
310 2485 354 2507 ex
377 2473 528 2508 Tartaro
541 2500 551 2518 ,
577 2474 671 2519 quod
695 2473 872 2518 proprium
897 2476 951 2506 est
971 2471 1139 2516 temporis
1163 2476 1204 2504 ut
1227 2472 1400 2505 custodiat
1420 2478 1457 2506 et
1474 2484 1555 2506 cor-

98 2520 256 2562 rumpat,
288 2519 573 2564 quemadmodum
601 2519 761 2553 nimirum
790 2522 827 2553 et
850 2517 965 2552 canis:
1003 2518 1074 2551 tria
1100 2520 1215 2550 autem
1248 2517 1282 2550 ei
1310 2517 1427 2562 capita
1461 2523 1555 2564 sunt,

99 2563 326 2608 praeteritum
354 2575 523 2610 praesens
555 2568 592 2600 et
619 2567 772 2600 futurum
802 2569 952 2608 tempus.
1000 2567 1037 2597 et
1058 2567 1243 2608 praeterea
1262 2562 1331 2596 tria
1354 2563 1442 2598 mala
1459 2565 1551 2598 acci-

99 2608 229 2653 pienda
250 2608 289 2643 iu
309 2609 461 2645 Hercule
491 2623 536 2646 ex
561 2611 691 2656 placito
714 2609 976 2655 philosophico,
1009 2610 1104 2653 quod
1131 2608 1245 2642 tribus
1275 2608 1430 2653 periodis
1458 2609 1555 2645 vitae

101 2665 273 2698 operosae
294 2655 446 2699 peractis
469 2655 573 2691 heros
593 2658 770 2702 perfectus
795 2667 874 2690 esse
890 2654 1045 2688 videtur.
1092 2665 1201 2699 quare
1222 2658 1258 2687 et
1280 2653 1463 2689 trinoctius
1485 2667 1553 2690 vo-

101 2704 223 2741 catur,
261 2705 403 2734 auctore
436 2701 690 2756 Lycophrone3
726 2701 814 2736 dicit
845 2700 936 2735 enim
969 2696 1157 2734 “trinoctii
1178 2698 1308 2743 leonis,
1346 2711 1447 2745 quem
1473 2700 1553 2736 olim

101 2743 249 2778 maxillis
271 2744 431 2780 Tritonis
450 2748 605 2792 perdidit
621 2760 726 2794 asper
742 2743 882 2782 canis.”
926 2744 1040 2780 tribus
1065 2745 1155 2780 enim
1173 2745 1332 2779 noctibus
1352 2751 1553 2790 generatum

103 2799 181 2824 esse
204 2789 390 2825 Herculem
412 2792 607 2830 fabulosum
630 2800 697 2831 est.
743 2793 872 2830 Heben
898 2797 1013 2828 autem
1039 2790 1201 2838 pulchros
1224 2790 1315 2825 talos
1339 2792 1399 2836 (s.
1416 2793 1552 2839 pedes)

155 2842 302 2879 lomes
327 2843 457 2890 Lydus.
