<?xml version="1.0" encoding="UTF-8"?>
<!DOCTYPE html PUBLIC "-//W3C//DTD XHTML 1.0 Transitional//EN"
    "http://www.w3.org/TR/xhtml1/DTD/xhtml1-transitional.dtd">
<html xmlns="http://www.w3.org/1999/xhtml" xml:lang="en" lang="en">
 <head>
  <title>
</title>
<meta http-equiv="Content-Type" content="text/html;charset=utf-8" />
  <meta name='ocr-system' content='tesseract 3.04.00' />
  <meta name='ocr-capabilities' content='ocr_page ocr_carea ocr_par ocr_line ocrx_word'/>
</head>
<body>
  <div class='ocr_page' id='page_1' title='image "./corpusscriptorum27niebuoft/corpusscriptorum27niebuoft_0039.png"; bbox 0 0 1748 3210; ppageno 0'>
   <div class='ocr_carea' id='block_1_1' title="bbox 542 162 1505 208">
    <p class='ocr_par' dir='ltr' id='par_1_1' title="bbox 542 162 1505 208">
     <span class='ocr_line' id='line_1_1' title="bbox 542 162 1505 208; baseline -0.002 0"><span class='ocrx_word' id='word_1_1' title='bbox 542 162 998 208; x_wconf 82' lang='lat' dir='ltr'><strong>COMMENTARIUS.</strong></span> <span class='ocrx_word' id='word_1_2' title='bbox 1340 195 1342 197; x_wconf 77' lang='lat'>·</span> <span class='ocrx_word' id='word_1_3' title='bbox 1362 176 1505 207; x_wconf 77' lang='lat' dir='ltr'><strong>xxxm</strong></span> 
     </span>
    </p>
   </div>
   <div class='ocr_carea' id='block_1_2' title="bbox 28 293 1642 2043">
    <p class='ocr_par' dir='ltr' id='par_1_2' title="bbox 28 293 1642 2043">
     <span class='ocr_line' id='line_1_2' title="bbox 77 293 1584 349; baseline 0.003 -16"><span class='ocrx_word' id='word_1_4' title='bbox 77 308 106 332; x_wconf 54' lang='lat' dir='ltr'><strong>a*</strong></span> <span class='ocrx_word' id='word_1_5' title='bbox 161 294 252 335; x_wconf 74' lang='lat' dir='ltr'><strong>Fuit</strong></span> <span class='ocrx_word' id='word_1_6' title='bbox 272 295 393 334; x_wconf 81' lang='lat' dir='ltr'><strong>etiam</strong></span> <span class='ocrx_word' id='word_1_7' title='bbox 421 297 491 348; x_wconf 86' lang='lat' dir='ltr'><strong>qui</strong></span> <span class='ocrx_word' id='word_1_8' title='bbox 520 297 698 334; x_wconf 86' lang='lat' dir='ltr'><strong>animum</strong></span> <span class='ocrx_word' id='word_1_9' title='bbox 723 295 774 334; x_wconf 87' lang='lat' dir='ltr'><strong>ad</strong></span> <span class='ocrx_word' id='word_1_10' title='bbox 797 296 957 349; x_wconf 86' lang='lat' dir='ltr'><strong>Lydum</strong></span> <span class='ocrx_word' id='word_1_11' title='bbox 987 293 1210 335; x_wconf 84' lang='lat' dir='ltr'>intenderet</span> <span class='ocrx_word' id='word_1_12' title='bbox 1235 294 1426 348; x_wconf 87' lang='lat' dir='ltr'>Iosephus</span> <span class='ocrx_word' id='word_1_13' title='bbox 1451 295 1500 334; x_wconf 88' lang='lat' dir='ltr'><strong>de</strong></span> <span class='ocrx_word' id='word_1_14' title='bbox 1529 296 1584 337; x_wconf 78' lang='lat'><strong>24</strong></span> 
     </span>
     <span class='ocr_line' id='line_1_3' title="bbox 50 363 1501 415; baseline 0 -13"><span class='ocrx_word' id='word_1_15' title='bbox 50 363 198 412; x_wconf 65' lang='lat' dir='ltr'><strong>hliin,</strong></span> <span class='ocrx_word' id='word_1_16' title='bbox 219 364 263 400; x_wconf 91' lang='lat' dir='ltr'><strong>in</strong></span> <span class='ocrx_word' id='word_1_17' title='bbox 284 363 523 402; x_wconf 80' lang='lat' dir='ltr'>bibliotheca</span> <span class='ocrx_word' id='word_1_18' title='bbox 539 367 728 404; x_wconf 82' lang='lat' dir='ltr'><strong>Vaticana</strong></span> <span class='ocrx_word' id='word_1_19' title='bbox 748 373 787 403; x_wconf 89' lang='lat' dir='ltr'><strong>et</strong></span> <span class='ocrx_word' id='word_1_20' title='bbox 806 368 849 403; x_wconf 87' lang='lat' dir='ltr'><strong>in</strong></span> <span class='ocrx_word' id='word_1_21' title='bbox 868 365 1044 415; x_wconf 84' lang='lat' dir='ltr'><strong>Collegio</strong></span> <span class='ocrx_word' id='word_1_22' title='bbox 1065 364 1216 402; x_wconf 89' lang='lat' dir='ltr'><strong>urbano</strong></span> <span class='ocrx_word' id='word_1_23' title='bbox 1239 363 1288 402; x_wconf 91' lang='lat' dir='ltr'><strong>de</strong></span> <span class='ocrx_word' id='word_1_24' title='bbox 1307 363 1501 402; x_wconf 75' lang='lat' dir='ltr'><strong>Cin-lstia-</strong></span> 
     </span>
     <span class='ocr_line' id='line_1_4' title="bbox 47 432 1499 485; baseline 0.002 -17"><span class='ocrx_word' id='word_1_25' title='bbox 47 441 191 468; x_wconf 75' lang='lat' dir='ltr'><strong>norum</strong></span> <span class='ocrx_word' id='word_1_26' title='bbox 216 433 471 482; x_wconf 84' lang='lat' dir='ltr'>persuasione</span> <span class='ocrx_word' id='word_1_27' title='bbox 507 432 763 485; x_wconf 79' lang='lat' dir='ltr'><strong>propaganda</strong></span> <span class='ocrx_word' id='word_1_28' title='bbox 795 435 1034 471; x_wconf 84' lang='lat' dir='ltr'><strong>Graecarum</strong></span> <span class='ocrx_word' id='word_1_29' title='bbox 1058 432 1266 470; x_wconf 88' lang='lat' dir='ltr'><strong>literarum</strong></span> <span class='ocrx_word' id='word_1_30' title='bbox 1292 433 1499 484; x_wconf 81' lang='lat' dir='ltr'><strong>interpres,</strong></span> 
     </span>
     <span class='ocr_line' id='line_1_5' title="bbox 45 495 1500 551; baseline 0.001 -15"><span class='ocrx_word' id='word_1_31' title='bbox 45 495 168 536; x_wconf 72' lang='lat' dir='ltr'><strong>homo</strong></span> <span class='ocrx_word' id='word_1_32' title='bbox 184 496 347 549; x_wconf 74' lang='lat' dir='ltr'><strong>doctus,</strong></span> <span class='ocrx_word' id='word_1_33' title='bbox 391 502 502 539; x_wconf 84' lang='lat' dir='ltr'><strong>cuius</strong></span> <span class='ocrx_word' id='word_1_34' title='bbox 525 507 655 539; x_wconf 83' lang='lat' dir='ltr'><strong>exstat</strong></span> <span class='ocrx_word' id='word_1_35' title='bbox 676 501 806 538; x_wconf 83' lang='lat' dir='ltr'><strong>brevis</strong></span> <span class='ocrx_word' id='word_1_36' title='bbox 827 499 1083 538; x_wconf 84' lang='lat' dir='ltr'><strong>manuductio</strong></span> <span class='ocrx_word' id='word_1_37' title='bbox 1103 498 1155 537; x_wconf 88' lang='lat' dir='ltr'><strong>ad</strong></span> <span class='ocrx_word' id='word_1_38' title='bbox 1172 501 1353 551; x_wconf 84' lang='lat' dir='ltr'>linguam</span> <span class='ocrx_word' id='word_1_39' title='bbox 1374 501 1500 538; x_wconf 86' lang='lat' dir='ltr'><strong>Grae-</strong></span> 
     </span>
     <span class='ocr_line' id='line_1_6' title="bbox 46 566 1500 620; baseline 0.001 -17"><span class='ocrx_word' id='word_1_40' title='bbox 46 577 147 614; x_wconf 75' lang='lat' dir='ltr'><strong>cam,</strong></span> <span class='ocrx_word' id='word_1_41' title='bbox 165 567 316 604; x_wconf 82' lang='lat' dir='ltr'><strong>Romae</strong></span> <span class='ocrx_word' id='word_1_42' title='bbox 339 569 460 618; x_wconf 89' lang='lat'><strong>1681,</strong></span> <span class='ocrx_word' id='word_1_43' title='bbox 482 570 522 610; x_wconf 88' lang='grc'><strong>8.</strong></span> <span class='ocrx_word' id='word_1_44' title='bbox 553 567 602 606; x_wconf 89' lang='lat' dir='ltr'><strong>de</strong></span> <span class='ocrx_word' id='word_1_45' title='bbox 619 566 696 606; x_wconf 90' lang='lat' dir='ltr'><strong>hoc</strong></span> <span class='ocrx_word' id='word_1_46' title='bbox 712 569 769 605; x_wconf 86' lang='lat' dir='ltr'><strong>ita</strong></span> <span class='ocrx_word' id='word_1_47' title='bbox 785 567 966 619; x_wconf 73' lang='lat' dir='ltr'><strong>Raphael</strong></span> <span class='ocrx_word' id='word_1_48' title='bbox 986 569 1160 607; x_wconf 85' lang='lat' dir='ltr'><strong>Fabretti</strong></span> <span class='ocrx_word' id='word_1_49' title='bbox 1177 571 1221 607; x_wconf 90' lang='lat' dir='ltr'><strong>in</strong></span> <span class='ocrx_word' id='word_1_50' title='bbox 1240 569 1500 620; x_wconf 83' lang='lat' dir='ltr'><strong>Syntagmate</strong></span> 
     </span>
     <span class='ocr_line' id='line_1_7' title="bbox 45 630 1501 689; baseline 0.007 -19"><span class='ocrx_word' id='word_1_51' title='bbox 45 630 95 670; x_wconf 72' lang='lat' dir='ltr'><strong>de</strong></span> <span class='ocrx_word' id='word_1_52' title='bbox 117 633 312 672; x_wconf 83' lang='lat' dir='ltr'><strong>Columna</strong></span> <span class='ocrx_word' id='word_1_53' title='bbox 332 636 506 674; x_wconf 82' lang='lat' dir='ltr'><strong>Traiana</strong></span> <span class='ocrx_word' id='word_1_54' title='bbox 523 637 672 674; x_wconf 79' lang='lat' dir='ltr'><strong>Romae</strong></span> <span class='ocrx_word' id='word_1_55' title='bbox 697 637 817 684; x_wconf 80' lang='lat'><strong>1683,</strong></span> <span class='ocrx_word' id='word_1_56' title='bbox 849 636 936 684; x_wconf 87' lang='lat' dir='ltr'><strong>fol-‚</strong></span> <span class='ocrx_word' id='word_1_57' title='bbox 972 649 1006 674; x_wconf 86' lang='lat' dir='ltr'><strong>c·</strong></span> <span class='ocrx_word' id='word_1_58' title='bbox 1029 640 1055 678; x_wconf 87' lang='lat'><strong>6</strong></span> <span class='ocrx_word' id='word_1_59' title='bbox 1071 651 1113 689; x_wconf 85' lang='lat' dir='ltr'><strong>p·</strong></span> <span class='ocrx_word' id='word_1_60' title='bbox 1137 636 1241 680; x_wconf 83' lang='lat'><strong>153:</strong></span> <span class='ocrx_word' id='word_1_61' title='bbox 1271 638 1501 674; x_wconf 69' lang='lat' dir='ltr'><strong>“rationem</strong></span> 
     </span>
     <span class='ocr_line' id='line_1_8' title="bbox 43 696 1500 756; baseline 0.002 -18"><span class='ocrx_word' id='word_1_62' title='bbox 43 713 133 738; x_wconf 71' lang='lat' dir='ltr'><strong>vero</strong></span> <span class='ocrx_word' id='word_1_63' title='bbox 151 701 275 740; x_wconf 74' lang='lat' dir='ltr'><strong>huius</strong></span> <span class='ocrx_word' id='word_1_64' title='bbox 292 704 394 741; x_wconf 75' lang='lat' dir='ltr'><strong>ritus</strong></span> <span class='ocrx_word' id='word_1_65' title='bbox 418 702 753 755; x_wconf 76' lang='lat' dir='ltr'><strong>[circumducendi</strong></span> <span class='ocrx_word' id='word_1_66' title='bbox 784 705 903 740; x_wconf 86' lang='lat' dir='ltr'><strong>aratri</strong></span> <span class='ocrx_word' id='word_1_67' title='bbox 933 704 977 740; x_wconf 87' lang='lat' dir='ltr'><strong>in</strong></span> <span class='ocrx_word' id='word_1_68' title='bbox 998 704 1161 743; x_wconf 87' lang='lat' dir='ltr'><strong>urbibus</strong></span> <span class='ocrx_word' id='word_1_69' title='bbox 1181 696 1382 756; x_wconf 78' lang='lat' dir='ltr'><strong>auspic&#39;ato</strong></span> <span class='ocrx_word' id='word_1_70' title='bbox 1403 718 1500 743; x_wconf 91' lang='lat' dir='ltr'><strong>con-</strong></span> 
     </span>
     <span class='ocr_line' id='line_1_9' title="bbox 43 766 1501 823; baseline 0.003 -17"><span class='ocrx_word' id='word_1_71' title='bbox 43 766 198 819; x_wconf 73' lang='lat' dir='ltr'><strong>dendis]</strong></span> <span class='ocrx_word' id='word_1_72' title='bbox 215 771 403 820; x_wconf 82' lang='lat' dir='ltr'><strong>primum·</strong></span> <span class='ocrx_word' id='word_1_73' title='bbox 424 773 510 810; x_wconf 71' lang='lat' dir='ltr'><strong>vidi</strong></span> <span class='ocrx_word' id='word_1_74' title='bbox 534 773 649 823; x_wconf 77' lang='lat' dir='ltr'><strong>apud</strong></span> <span class='ocrx_word' id='word_1_75' title='bbox 675 773 867 810; x_wconf 82' lang='lat' dir='ltr'><strong>Ioannem</strong></span> <span class='ocrx_word' id='word_1_76' title='bbox 886 772 1153 809; x_wconf 78' lang='lat' dir='ltr'><strong>Laurentium</strong></span> <span class='ocrx_word' id='word_1_77' title='bbox 1170 773 1335 823; x_wconf 56' lang='lat' dir='ltr'><strong>lydum</strong></span> <span class='ocrx_word' id='word_1_78' title='bbox 1353 772 1501 810; x_wconf 73' lang='lat' dir='ltr'><strong>Phila-</strong></span> 
     </span>
     <span class='ocr_line' id='line_1_10' title="bbox 40 835 1500 890; baseline 0.002 -16"><span class='ocrx_word' id='word_1_79' title='bbox 40 835 325 887; x_wconf 73' lang='lat' dir='ltr'><strong>delphiemem,</strong></span> <span class='ocrx_word' id='word_1_80' title='bbox 353 853 480 890; x_wconf 82' lang='lat' dir='ltr'><strong>nuper</strong></span> <span class='ocrx_word' id='word_1_81' title='bbox 496 840 618 877; x_wconf 79' lang='lat' dir='ltr'><strong>Latio</strong></span> <span class='ocrx_word' id='word_1_82' title='bbox 651 841 842 879; x_wconf 82' lang='lat' dir='ltr'><strong>donatum</strong></span> <span class='ocrx_word' id='word_1_83' title='bbox 869 838 921 877; x_wconf 79' lang='lat' dir='ltr'><strong>ab</strong></span> <span class='ocrx_word' id='word_1_84' title='bbox 950 840 1211 878; x_wconf 69' lang='lat' dir='ltr'><strong>eruditissimo</strong></span> <span class='ocrx_word' id='word_1_85' title='bbox 1236 841 1364 878; x_wconf 82' lang='lat' dir='ltr'><strong>amico</strong></span> <span class='ocrx_word' id='word_1_86' title='bbox 1391 841 1500 878; x_wconf 83' lang='lat' dir='ltr'><strong>Iose-</strong></span> 
     </span>
     <span class='ocr_line' id='line_1_11' title="bbox 33 903 1499 958; baseline 0 -15"><span class='ocrx_word' id='word_1_87' title='bbox 33 903 120 955; x_wconf 81' lang='grc' dir='ltr'><em>ΡΙιο</em></span> <span class='ocrx_word' id='word_1_88' title='bbox 150 905 200 943; x_wconf 75' lang='lat' dir='ltr'><strong>de</strong></span> <span class='ocrx_word' id='word_1_89' title='bbox 225 906 344 945; x_wconf 76' lang='lat' dir='ltr'><strong>Iuliis</strong></span> <span class='ocrx_word' id='word_1_90' title='bbox 352 935 370 953; x_wconf 88' lang='lat'><strong>,</strong></span> <span class='ocrx_word' id='word_1_91' title='bbox 410 914 449 944; x_wconf 77' lang='lat' dir='ltr'><strong>et</strong></span> <span class='ocrx_word' id='word_1_92' title='bbox 474 909 640 946; x_wconf 82' lang='lat' dir='ltr'><strong>iamiam</strong></span> <span class='ocrx_word' id='word_1_93' title='bbox 669 923 688 946; x_wconf 84' lang='lat' dir='ltr'><strong>e</strong></span> <span class='ocrx_word' id='word_1_94' title='bbox 714 908 985 957; x_wconf 74' lang='lat' dir='ltr'><strong>manuscripto</strong></span> <span class='ocrx_word' id='word_1_95' title='bbox 1012 907 1128 958; x_wconf 78' lang='lat' dir='ltr'><strong>apud</strong></span> <span class='ocrx_word' id='word_1_96' title='bbox 1151 908 1310 958; x_wconf 75' lang='lat' dir='ltr'><strong>ipsum,</strong></span> <span class='ocrx_word' id='word_1_97' title='bbox 1359 907 1499 945; x_wconf 77' lang='lat' dir='ltr'><strong>mutilo</strong></span> 
     </span>
     <span class='ocr_line' id='line_1_12' title="bbox 34 973 1499 1026; baseline 0.001 -16"><span class='ocrx_word' id='word_1_98' title='bbox 34 973 242 1024; x_wconf 74' lang='lat' dir='ltr'><strong>quamvis,</strong></span> <span class='ocrx_word' id='word_1_99' title='bbox 270 974 483 1026; x_wconf 76' lang='lat' dir='ltr'><strong>publicam</strong></span> <span class='ocrx_word' id='word_1_100' title='bbox 514 976 643 1014; x_wconf 84' lang='lat' dir='ltr'><strong>lucem</strong></span> <span class='ocrx_word' id='word_1_101' title='bbox 666 977 961 1026; x_wconf 73' lang='lat' dir='ltr'><strong>inspecturum:</strong></span> <span class='ocrx_word' id='word_1_102' title='bbox 1005 977 1134 1021; x_wconf 86' lang='lat' dir='ltr'><strong>ratio,</strong></span> <span class='ocrx_word' id='word_1_103' title='bbox 1171 975 1364 1026; x_wconf 78' lang='lat' dir='ltr'><strong>inquam,</strong></span> <span class='ocrx_word' id='word_1_104' title='bbox 1399 974 1499 1012; x_wconf 77' lang='lat' dir='ltr'><strong>haee</strong></span> 
     </span>
     <span class='ocr_line' id='line_1_13' title="bbox 39 1037 1498 1102; baseline 0.001 -21"><span class='ocrx_word' id='word_1_105' title='bbox 39 1047 108 1078; x_wconf 75' lang='lat' dir='ltr'><strong>eet·</strong></span> <span class='ocrx_word' id='word_1_106' title='bbox 160 1037 265 1102; x_wconf 51' lang='grc' dir='ltr'><strong>μετὰ</strong></span> <span class='ocrx_word' id='word_1_107' title='bbox 285 1041 330 1083; x_wconf 81' lang='grc' dir='ltr'><strong>δὲ</strong></span> <span class='ocrx_word' id='word_1_108' title='bbox 349 1040 432 1096; x_wconf 38' lang='grc' dir='ltr'><strong>τὴν,</strong></span> <span class='ocrx_word' id='word_1_109' title='bbox 453 1043 520 1084; x_wconf 79' lang='grc' dir='ltr'><strong>ἐπὶ</strong></span> <span class='ocrx_word' id='word_1_110' title='bbox 546 1046 598 1100; x_wconf 80' lang='grc' dir='ltr'><strong>τῇ</strong></span> <span class='ocrx_word' id='word_1_111' title='bbox 625 1039 888 1098; x_wconf 73' lang='grc' dir='ltr'><em>εἰναγορεύσει</em></span> <span class='ocrx_word' id='word_1_112' title='bbox 908 1046 981 1096; x_wconf 81' lang='grc' dir='ltr'><strong>τῆς</strong></span> <span class='ocrx_word' id='word_1_113' title='bbox 1011 1040 1165 1091; x_wconf 84' lang='grc' dir='ltr'><em>πόλεως</em></span> <span class='ocrx_word' id='word_1_114' title='bbox 1185 1040 1343 1095; x_wconf 76' lang='grc' dir='ltr'><strong><em>τελετήν</em></strong></span> <span class='ocrx_word' id='word_1_115' title='bbox 1363 1039 1498 1092; x_wconf 81' lang='grc' dir='ltr'><em>ζεύξας</em></span> 
     </span>
     <span class='ocr_line' id='line_1_14' title="bbox 36 1106 1498 1165; baseline 0.002 -17"><span class='ocrx_word' id='word_1_116' title='bbox 36 1110 188 1162; x_wconf 72' lang='grc' dir='ltr'><strong><em>ταῦρον</em></strong></span> <span class='ocrx_word' id='word_1_117' title='bbox 204 1106 301 1160; x_wconf 73' lang='grc' dir='ltr'><strong>μετὰ</strong></span> <span class='ocrx_word' id='word_1_118' title='bbox 322 1107 530 1164; x_wconf 69' lang='grc' dir='ltr'><strong>δαμάλεως</strong></span> <span class='ocrx_word' id='word_1_119' title='bbox 547 1114 743 1164; x_wconf 79' lang='grc' dir='ltr'><em>περιῆλθε</em></span> <span class='ocrx_word' id='word_1_120' title='bbox 763 1109 807 1152; x_wconf 81' lang='grc' dir='ltr'><strong>τὸ</strong></span> <span class='ocrx_word' id='word_1_121' title='bbox 823 1115 961 1163; x_wconf 83' lang='grc' dir='ltr'><em>τεῖχος,</em></span> <span class='ocrx_word' id='word_1_122' title='bbox 986 1109 1058 1153; x_wconf 71' lang='grc' dir='ltr'><strong>τόν</strong></span> <span class='ocrx_word' id='word_1_123' title='bbox 1076 1110 1149 1164; x_wconf 83' lang='grc' dir='ltr'><strong>μὲν</strong></span> <span class='ocrx_word' id='word_1_124' title='bbox 1170 1109 1320 1165; x_wconf 70' lang='grc' dir='ltr'><strong><em>ἄρρενα</em></strong></span> <span class='ocrx_word' id='word_1_125' title='bbox 1339 1110 1404 1153; x_wconf 79' lang='grc' dir='ltr'><strong>ἐπὶ</strong></span> <span class='ocrx_word' id='word_1_126' title='bbox 1422 1108 1498 1163; x_wconf 75' lang='grc' dir='ltr'><strong>τήν</strong></span> 
     </span>
     <span class='ocr_line' id='line_1_15' title="bbox 35 1175 1498 1233; baseline 0.003 -17"><span class='ocrx_word' id='word_1_127' title='bbox 35 1175 268 1217; x_wconf 53' lang='lat' dir='ltr'><strong>mammon</strong></span> <span class='ocrx_word' id='word_1_128' title='bbox 297 1176 474 1233; x_wconf 70' lang='grc' dir='ltr'><strong><em>πλευρᾶν</em></strong></span> <span class='ocrx_word' id='word_1_129' title='bbox 502 1177 662 1229; x_wconf 78' lang='grc' dir='ltr'><em>ζεύξας,</em></span> <span class='ocrx_word' id='word_1_130' title='bbox 699 1177 774 1232; x_wconf 79' lang='grc' dir='ltr'><strong>τήν</strong></span> <span class='ocrx_word' id='word_1_131' title='bbox 805 1177 848 1220; x_wconf 81' lang='grc' dir='ltr'><strong>δὲ</strong></span> <span class='ocrx_word' id='word_1_132' title='bbox 877 1176 1049 1231; x_wconf 77' lang='grc' dir='ltr'><strong><em>θήλειαν</em></strong></span> <span class='ocrx_word' id='word_1_133' title='bbox 1076 1179 1142 1220; x_wconf 83' lang='grc' dir='ltr'><strong>ἐπὶ</strong></span> <span class='ocrx_word' id='word_1_134' title='bbox 1169 1176 1213 1220; x_wconf 81' lang='grc' dir='ltr'><strong>τὸ</strong></span> <span class='ocrx_word' id='word_1_135' title='bbox 1242 1182 1316 1231; x_wconf 86' lang='grc' dir='ltr'><strong>τῆς</strong></span> <span class='ocrx_word' id='word_1_136' title='bbox 1341 1175 1498 1226; x_wconf 79' lang='grc' dir='ltr'><em>πόλεως</em></span> 
     </span>
     <span class='ocr_line' id='line_1_16' title="bbox 35 1240 1642 1300; baseline 0.002 -16"><span class='ocrx_word' id='word_1_137' title='bbox 35 1241 166 1296; x_wconf 77' lang='grc' dir='ltr'><em>μέρος,</em></span> <span class='ocrx_word' id='word_1_138' title='bbox 197 1240 298 1285; x_wconf 63' lang='grc' dir='ltr'><strong>ὥστε</strong></span> <span class='ocrx_word' id='word_1_139' title='bbox 315 1242 410 1293; x_wconf 75' lang='grc' dir='ltr'><strong>τούς</strong></span> <span class='ocrx_word' id='word_1_140' title='bbox 432 1243 505 1298; x_wconf 83' lang='grc' dir='ltr'><strong>μὲν</strong></span> <span class='ocrx_word' id='word_1_141' title='bbox 521 1243 694 1299; x_wconf 63' lang='grc' dir='ltr'><strong><em>ἄρρενας</em></strong></span> <span class='ocrx_word' id='word_1_142' title='bbox 714 1250 798 1294; x_wconf 85' lang='grc' dir='ltr'><em>τοῖς</em></span> <span class='ocrx_word' id='word_1_143' title='bbox 818 1246 892 1294; x_wconf 75' lang='grc' dir='ltr'><strong>ἔξω</strong></span> <span class='ocrx_word' id='word_1_144' title='bbox 911 1248 1097 1300; x_wconf 83' lang='grc' dir='ltr'><strong><em>γίνεσθαι</em></strong></span> <span class='ocrx_word' id='word_1_145' title='bbox 1116 1243 1330 1300; x_wconf 74' lang='grc' dir='ltr'><strong><em>φοβερούς,</em></strong></span> <span class='ocrx_word' id='word_1_146' title='bbox 1361 1243 1432 1296; x_wconf 75' lang='grc' dir='ltr'><strong>τοὶς</strong></span> <span class='ocrx_word' id='word_1_147' title='bbox 1453 1244 1497 1287; x_wconf 83' lang='grc' dir='ltr'><strong>δὲ</strong></span> <span class='ocrx_word' id='word_1_148' title='bbox 1518 1255 1555 1288; x_wconf 83' lang='lat' dir='ltr'><strong>P·</strong></span> <span class='ocrx_word' id='word_1_149' title='bbox 1578 1252 1642 1277; x_wconf 78' lang='lat' dir='ltr'><strong>mv</strong></span> 
     </span>
     <span class='ocr_line' id='line_1_17' title="bbox 34 1311 1496 1367; baseline 0 -15"><span class='ocrx_word' id='word_1_150' title='bbox 34 1312 206 1364; x_wconf 75' lang='grc' dir='ltr'><strong>θηλείας</strong></span> <span class='ocrx_word' id='word_1_151' title='bbox 220 1316 307 1360; x_wconf 85' lang='grc' dir='ltr'><em>τοῖς</em></span> <span class='ocrx_word' id='word_1_152' title='bbox 325 1311 442 1354; x_wconf 76' lang='grc' dir='ltr'><em>ἔνδον</em></span> <span class='ocrx_word' id='word_1_153' title='bbox 459 1312 691 1365; x_wconf 74' lang='grc' dir='ltr'><strong><em>γονίμους.”</em></strong></span> <span class='ocrx_word' id='word_1_154' title='bbox 750 1327 828 1365; x_wconf 93' lang='lat' dir='ltr'><strong>quo</strong></span> <span class='ocrx_word' id='word_1_155' title='bbox 850 1327 903 1351; x_wconf 84' lang='lat' dir='ltr'><strong>ex</strong></span> <span class='ocrx_word' id='word_1_156' title='bbox 920 1315 1008 1352; x_wconf 91' lang='lat' dir='ltr'><strong>loco</strong></span> <span class='ocrx_word' id='word_1_157' title='bbox 1030 1322 1192 1363; x_wconf 85' lang='lat' dir='ltr'><strong>constat,</strong></span> <span class='ocrx_word' id='word_1_158' title='bbox 1215 1314 1324 1367; x_wconf 85' lang='lat' dir='ltr'><strong>quod</strong></span> <span class='ocrx_word' id='word_1_159' title='bbox 1342 1313 1496 1352; x_wconf 90' lang='lat' dir='ltr'><strong>habue-</strong></span> 
     </span>
     <span class='ocr_line' id='line_1_18' title="bbox 36 1378 1497 1435; baseline 0.002 -18"><span class='ocrx_word' id='word_1_160' title='bbox 36 1380 88 1418; x_wconf 81' lang='lat' dir='ltr'><strong>rit</strong></span> <span class='ocrx_word' id='word_1_161' title='bbox 106 1378 300 1431; x_wconf 78' lang='lat' dir='ltr'><strong>Iosephus</strong></span> <span class='ocrx_word' id='word_1_162' title='bbox 324 1378 374 1416; x_wconf 88' lang='lat' dir='ltr'><strong>de</strong></span> <span class='ocrx_word' id='word_1_163' title='bbox 393 1380 530 1428; x_wconf 89' lang='lat' dir='ltr'><strong>Iuliis,</strong></span> <span class='ocrx_word' id='word_1_164' title='bbox 569 1379 614 1417; x_wconf 86' lang='lat' dir='ltr'><strong>id</strong></span> <span class='ocrx_word' id='word_1_165' title='bbox 637 1393 764 1431; x_wconf 85' lang='lat' dir='ltr'><strong>aeque</strong></span> <span class='ocrx_word' id='word_1_166' title='bbox 783 1382 907 1418; x_wconf 88' lang='lat' dir='ltr'><strong>fuisse</strong></span> <span class='ocrx_word' id='word_1_167' title='bbox 928 1385 1120 1420; x_wconf 88' lang='lat' dir='ltr'><strong>maiorem</strong></span> <span class='ocrx_word' id='word_1_168' title='bbox 1138 1384 1252 1420; x_wconf 86' lang='lat' dir='ltr'><strong>illam</strong></span> <span class='ocrx_word' id='word_1_169' title='bbox 1271 1382 1497 1435; x_wconf 85' lang='lat' dir='ltr'><strong>Lydianam</strong></span> 
     </span>
     <span class='ocr_line' id='line_1_19' title="bbox 35 1446 1495 1500; baseline 0.002 -15"><span class='ocrx_word' id='word_1_170' title='bbox 35 1449 260 1499; x_wconf 79' lang='lat' dir='ltr'><strong>epitomen:</strong></span> <span class='ocrx_word' id='word_1_171' title='bbox 287 1459 384 1484; x_wconf 83' lang='lat' dir='ltr'><strong>nam</strong></span> <span class='ocrx_word' id='word_1_172' title='bbox 403 1447 473 1484; x_wconf 85' lang='lat' dir='ltr'><strong>illa</strong></span> <span class='ocrx_word' id='word_1_173' title='bbox 494 1448 581 1498; x_wconf 87' lang='lat' dir='ltr'><strong>ipsa</strong></span> <span class='ocrx_word' id='word_1_174' title='bbox 602 1448 723 1485; x_wconf 84' lang='lat' dir='ltr'><strong>verba</strong></span> <span class='ocrx_word' id='word_1_175' title='bbox 751 1446 871 1484; x_wconf 88' lang='lat' dir='ltr'><strong>habet</strong></span> <span class='ocrx_word' id='word_1_176' title='bbox 902 1446 965 1484; x_wconf 89' lang='lat' dir='ltr'><strong>ed.</strong></span> <span class='ocrx_word' id='word_1_177' title='bbox 989 1446 1149 1485; x_wconf 83' lang='lat' dir='ltr'><strong>Schow.</strong></span> <span class='ocrx_word' id='word_1_178' title='bbox 1178 1456 1280 1500; x_wconf 89' lang='lat' dir='ltr'><strong>part.</strong></span> <span class='ocrx_word' id='word_1_179' title='bbox 1304 1449 1331 1489; x_wconf 86' lang='lat'>4</span> <span class='ocrx_word' id='word_1_180' title='bbox 1357 1463 1495 1488; x_wconf 89' lang='lat' dir='ltr'><strong>mense</strong></span> 
     </span>
     <span class='ocr_line' id='line_1_20' title="bbox 32 1514 1493 1569; baseline 0.003 -15"><span class='ocrx_word' id='word_1_181' title='bbox 32 1516 163 1567; x_wconf 79' lang='lat' dir='ltr'><strong>April.</strong></span> <span class='ocrx_word' id='word_1_182' title='bbox 183 1528 218 1552; x_wconf 92' lang='lat' dir='ltr'><strong>c.</strong></span> <span class='ocrx_word' id='word_1_183' title='bbox 241 1516 270 1555; x_wconf 83' lang='lat'><strong>6</strong></span> <span class='ocrx_word' id='word_1_184' title='bbox 286 1528 328 1566; x_wconf 89' lang='lat' dir='ltr'><strong>p.</strong></span> <span class='ocrx_word' id='word_1_185' title='bbox 349 1516 423 1562; x_wconf 90' lang='lat'><strong>98,</strong></span> <span class='ocrx_word' id='word_1_186' title='bbox 462 1515 541 1552; x_wconf 83' lang='lat' dir='ltr'><strong>nisi</strong></span> <span class='ocrx_word' id='word_1_187' title='bbox 565 1514 673 1566; x_wconf 92' lang='lat' dir='ltr'><strong>quod</strong></span> <span class='ocrx_word' id='word_1_188' title='bbox 700 1515 757 1552; x_wconf 89' lang='lat' dir='ltr'><strong>ibi</strong></span> <span class='ocrx_word' id='word_1_189' title='bbox 785 1527 970 1566; x_wconf 85' lang='lat' dir='ltr'><strong>perverse</strong></span> <span class='ocrx_word' id='word_1_190' title='bbox 994 1515 1174 1566; x_wconf 81' lang='grc' dir='ltr'><strong><em>γονίμοις</em></strong></span> <span class='ocrx_word' id='word_1_191' title='bbox 1198 1529 1269 1567; x_wconf 90' lang='lat' dir='ltr'><strong>pro</strong></span> <span class='ocrx_word' id='word_1_192' title='bbox 1291 1517 1493 1569; x_wconf 78' lang='grc' dir='ltr'><strong><em>γονίμους.</em></strong></span> 
     </span>
     <span class='ocr_line' id='line_1_21' title="bbox 32 1582 1495 1636; baseline 0 -14"><span class='ocrx_word' id='word_1_193' title='bbox 32 1582 106 1623; x_wconf 76' lang='lat' dir='ltr'><strong>sed</strong></span> <span class='ocrx_word' id='word_1_194' title='bbox 126 1583 272 1636; x_wconf 75' lang='lat' dir='ltr'><strong>aliquis</strong></span> <span class='ocrx_word' id='word_1_195' title='bbox 289 1582 423 1620; x_wconf 82' lang='lat' dir='ltr'><strong>fatalis</strong></span> <span class='ocrx_word' id='word_1_196' title='bbox 438 1583 515 1620; x_wconf 84' lang='lat' dir='ltr'><strong>fuit</strong></span> <span class='ocrx_word' id='word_1_197' title='bbox 534 1595 660 1631; x_wconf 82' lang='lat' dir='ltr'><strong>casus,</strong></span> <span class='ocrx_word' id='word_1_198' title='bbox 691 1583 762 1634; x_wconf 90' lang='lat' dir='ltr'><strong>qui</strong></span> <span class='ocrx_word' id='word_1_199' title='bbox 784 1594 918 1619; x_wconf 85' lang='lat' dir='ltr'><strong>rursus</strong></span> <span class='ocrx_word' id='word_1_200' title='bbox 943 1594 1032 1618; x_wconf 85' lang='lat' dir='ltr'><strong>eam</strong></span> <span class='ocrx_word' id='word_1_201' title='bbox 1051 1583 1264 1633; x_wconf 84' lang='lat' dir='ltr'><strong>epitomen,</strong></span> <span class='ocrx_word' id='word_1_202' title='bbox 1295 1584 1428 1621; x_wconf 90' lang='lat' dir='ltr'><strong>lucem</strong></span> <span class='ocrx_word' id='word_1_203' title='bbox 1443 1598 1495 1622; x_wconf 89' lang='lat' dir='ltr'><strong>ne</strong></span> 
     </span>
     <span class='ocr_line' id='line_1_22' title="bbox 31 1649 1494 1704; baseline -0.001 -13"><span class='ocrx_word' id='word_1_204' title='bbox 31 1653 240 1704; x_wconf 71' lang='lat' dir='ltr'><strong>aspiceret,</strong></span> <span class='ocrx_word' id='word_1_205' title='bbox 270 1650 492 1702; x_wconf 84' lang='lat' dir='ltr'><strong>impedivit.</strong></span> <span class='ocrx_word' id='word_1_206' title='bbox 552 1657 595 1688; x_wconf 90' lang='lat' dir='ltr'><strong>ut</strong></span> <span class='ocrx_word' id='word_1_207' title='bbox 613 1652 721 1688; x_wconf 85' lang='lat' dir='ltr'><strong>enim</strong></span> <span class='ocrx_word' id='word_1_208' title='bbox 738 1651 934 1688; x_wconf 81' lang='lat' dir='ltr'><strong>Allatium</strong></span> <span class='ocrx_word' id='word_1_209' title='bbox 954 1649 1148 1699; x_wconf 82' lang='lat' dir='ltr'><strong>vidimus,</strong></span> <span class='ocrx_word' id='word_1_210' title='bbox 1181 1652 1280 1688; x_wconf 90' lang='lat' dir='ltr'><strong>item</strong></span> <span class='ocrx_word' id='word_1_211' title='bbox 1301 1651 1494 1703; x_wconf 80' lang='lat' dir='ltr'><strong>Iosephus</strong></span> 
     </span>
     <span class='ocr_line' id='line_1_23' title="bbox 33 1717 1492 1771; baseline 0 -13"><span class='ocrx_word' id='word_1_212' title='bbox 33 1718 83 1758; x_wconf 86' lang='lat' dir='ltr'><strong>de</strong></span> <span class='ocrx_word' id='word_1_213' title='bbox 100 1720 232 1769; x_wconf 82' lang='lat' dir='ltr'><strong>Iuliis,</strong></span> <span class='ocrx_word' id='word_1_214' title='bbox 261 1720 371 1771; x_wconf 85' lang='lat' dir='ltr'><strong>prius</strong></span> <span class='ocrx_word' id='word_1_215' title='bbox 391 1730 513 1770; x_wconf 83' lang='lat' dir='ltr'><strong>quam</strong></span> <span class='ocrx_word' id='word_1_216' title='bbox 531 1718 716 1756; x_wconf 82' lang='lat' dir='ltr'><strong>affectam</strong></span> <span class='ocrx_word' id='word_1_217' title='bbox 733 1717 951 1756; x_wconf 84' lang='lat' dir='ltr'><strong>editionem</strong></span> <span class='ocrx_word' id='word_1_218' title='bbox 971 1718 1196 1769; x_wconf 88' lang='lat' dir='ltr'><strong>perficeret,</strong></span> <span class='ocrx_word' id='word_1_219' title='bbox 1228 1720 1347 1768; x_wconf 73' lang='lat' dir='ltr'><strong>obiit3</strong></span> <span class='ocrx_word' id='word_1_220' title='bbox 1392 1721 1492 1758; x_wconf 78' lang='lat' dir='ltr'><strong>fuit-</strong></span> 
     </span>
     <span class='ocr_line' id='line_1_24' title="bbox 32 1785 1490 1841; baseline 0 -16"><span class='ocrx_word' id='word_1_221' title='bbox 32 1800 111 1841; x_wconf 86' lang='lat' dir='ltr'><strong>que</strong></span> <span class='ocrx_word' id='word_1_222' title='bbox 129 1786 228 1825; x_wconf 86' lang='lat' dir='ltr'><strong>adeo</strong></span> <span class='ocrx_word' id='word_1_223' title='bbox 245 1785 323 1826; x_wconf 80' lang='lat' dir='ltr'><strong>hoc</strong></span> <span class='ocrx_word' id='word_1_224' title='bbox 339 1787 488 1825; x_wconf 84' lang='lat' dir='ltr'><strong>Allatio</strong></span> <span class='ocrx_word' id='word_1_225' title='bbox 511 1787 729 1835; x_wconf 88' lang='lat' dir='ltr'><strong>infelicior,</strong></span> <span class='ocrx_word' id='word_1_226' title='bbox 772 1785 879 1838; x_wconf 91' lang='lat' dir='ltr'><strong>quod</strong></span> <span class='ocrx_word' id='word_1_227' title='bbox 909 1799 1011 1838; x_wconf 83' lang='lat' dir='ltr'><strong>quae</strong></span> <span class='ocrx_word' id='word_1_228' title='bbox 1032 1787 1118 1838; x_wconf 90' lang='lat' dir='ltr'><strong>ipse</strong></span> <span class='ocrx_word' id='word_1_229' title='bbox 1137 1795 1425 1826; x_wconf 86' lang='lat' dir='ltr'><strong>commentatus</strong></span> <span class='ocrx_word' id='word_1_230' title='bbox 1446 1790 1490 1825; x_wconf 88' lang='lat' dir='ltr'><strong>in</strong></span> 
     </span>
     <span class='ocr_line' id='line_1_25' title="bbox 29 1852 1488 1908; baseline -0.001 -14"><span class='ocrx_word' id='word_1_231' title='bbox 29 1855 191 1908; x_wconf 79' lang='lat' dir='ltr'><strong>Lydum</strong></span> <span class='ocrx_word' id='word_1_232' title='bbox 219 1861 299 1904; x_wconf 84' lang='lat' dir='ltr'><strong>est,</strong></span> <span class='ocrx_word' id='word_1_233' title='bbox 340 1867 388 1892; x_wconf 84' lang='lat' dir='ltr'><strong>ea</strong></span> <span class='ocrx_word' id='word_1_234' title='bbox 414 1856 498 1892; x_wconf 90' lang='lat' dir='ltr'><strong>sive</strong></span> <span class='ocrx_word' id='word_1_235' title='bbox 518 1855 679 1892; x_wconf 88' lang='lat' dir='ltr'><strong>omnino</strong></span> <span class='ocrx_word' id='word_1_236' title='bbox 703 1852 754 1891; x_wconf 86' lang='lat' dir='ltr'><strong>ad</strong></span> <span class='ocrx_word' id='word_1_237' title='bbox 773 1852 946 1891; x_wconf 90' lang='lat' dir='ltr'><strong>nihilum</strong></span> <span class='ocrx_word' id='word_1_238' title='bbox 963 1860 1158 1892; x_wconf 84' lang='lat' dir='ltr'><strong>venerunt</strong></span> <span class='ocrx_word' id='word_1_239' title='bbox 1178 1856 1262 1893; x_wconf 87' lang='lat' dir='ltr'><strong>sive</strong></span> <span class='ocrx_word' id='word_1_240' title='bbox 1286 1862 1389 1893; x_wconf 89' lang='lat' dir='ltr'><strong>certe</strong></span> <span class='ocrx_word' id='word_1_241' title='bbox 1413 1854 1488 1892; x_wconf 86' lang='lat' dir='ltr'><strong>ad-</strong></span> 
     </span>
     <span class='ocr_line' id='line_1_26' title="bbox 28 1921 1490 1975; baseline 0 -14"><span class='ocrx_word' id='word_1_242' title='bbox 28 1921 110 1961; x_wconf 82' lang='lat' dir='ltr'><strong>huc</strong></span> <span class='ocrx_word' id='word_1_243' title='bbox 131 1924 278 1972; x_wconf 79' lang='lat' dir='ltr'><strong>latent3</strong></span> <span class='ocrx_word' id='word_1_244' title='bbox 316 1935 417 1975; x_wconf 81' lang='lat' dir='ltr'><strong>quae</strong></span> <span class='ocrx_word' id='word_1_245' title='bbox 436 1923 629 1971; x_wconf 73' lang='lat' dir='ltr'><strong>Allafius,</strong></span> <span class='ocrx_word' id='word_1_246' title='bbox 670 1935 762 1959; x_wconf 87' lang='lat' dir='ltr'><strong>cum</strong></span> <span class='ocrx_word' id='word_1_247' title='bbox 786 1924 828 1960; x_wconf 92' lang='lat' dir='ltr'><strong>in</strong></span> <span class='ocrx_word' id='word_1_248' title='bbox 851 1921 1096 1960; x_wconf 88' lang='lat' dir='ltr'><strong>eruditorum</strong></span> <span class='ocrx_word' id='word_1_249' title='bbox 1114 1921 1324 1961; x_wconf 87' lang='lat' dir='ltr'><strong>hominum</strong></span> <span class='ocrx_word' id='word_1_250' title='bbox 1346 1936 1490 1961; x_wconf 80' lang='lat' dir='ltr'><strong>manus</strong></span> 
     </span>
     <span class='ocr_line' id='line_1_27' title="bbox 28 1989 1488 2043; baseline 0.001 -14"><span class='ocrx_word' id='word_1_251' title='bbox 28 1989 274 2040; x_wconf 74' lang='lat' dir='ltr'><strong>incidissent,</strong></span> <span class='ocrx_word' id='word_1_252' title='bbox 303 1992 339 2030; x_wconf 88' lang='lat' dir='ltr'><strong>si</strong></span> <span class='ocrx_word' id='word_1_253' title='bbox 356 1993 489 2029; x_wconf 88' lang='lat' dir='ltr'><strong>minus</strong></span> <span class='ocrx_word' id='word_1_254' title='bbox 506 1998 602 2039; x_wconf 86' lang='lat' dir='ltr'><strong>tota,</strong></span> <span class='ocrx_word' id='word_1_255' title='bbox 632 1997 808 2027; x_wconf 82' lang='lat' dir='ltr'><strong>attamen</strong></span> <span class='ocrx_word' id='word_1_256' title='bbox 833 1990 968 2042; x_wconf 82' lang='lat' dir='ltr'><strong>aliqua</strong></span> <span class='ocrx_word' id='word_1_257' title='bbox 989 2003 1041 2028; x_wconf 82' lang='lat' dir='ltr'><strong>ex</strong></span> <span class='ocrx_word' id='word_1_258' title='bbox 1060 1998 1171 2042; x_wconf 88' lang='lat' dir='ltr'><strong>parte</strong></span> <span class='ocrx_word' id='word_1_259' title='bbox 1189 1992 1305 2030; x_wconf 87' lang='lat' dir='ltr'><strong>nobis</strong></span> <span class='ocrx_word' id='word_1_260' title='bbox 1325 2005 1368 2030; x_wconf 92' lang='lat' dir='ltr'><strong>se</strong></span> <span class='ocrx_word' id='word_1_261' title='bbox 1389 2005 1488 2043; x_wconf 86' lang='lat' dir='ltr'><strong>ape-</strong></span> 
     </span>
    </p>
   </div>
   <div class='ocr_carea' id='block_1_3' title="bbox 29 2065 1570 2178">
    <p class='ocr_par' dir='ltr' id='par_1_3' title="bbox 29 2065 1570 2178">
     <span class='ocr_line' id='line_1_28' title="bbox 29 2065 206 2096; baseline 0 0"><span class='ocrx_word' id='word_1_262' title='bbox 29 2065 206 2096; x_wconf 82' lang='lat' dir='ltr'><strong>memnt.</strong></span> 
     </span>
     <span class='ocr_line' id='line_1_29' title="bbox 139 2123 1570 2178; baseline -0.001 -14"><span class='ocrx_word' id='word_1_263' title='bbox 139 2127 301 2165; x_wconf 84' lang='lat' dir='ltr'><strong>Etenim</strong></span> <span class='ocrx_word' id='word_1_264' title='bbox 315 2127 434 2178; x_wconf 87' lang='lat' dir='ltr'><strong>paulo</strong></span> <span class='ocrx_word' id='word_1_265' title='bbox 454 2127 616 2164; x_wconf 84' lang='lat' dir='ltr'><strong>iustiore</strong></span> <span class='ocrx_word' id='word_1_266' title='bbox 642 2125 800 2163; x_wconf 87' lang='lat' dir='ltr'><strong>fortuna</strong></span> <span class='ocrx_word' id='word_1_267' title='bbox 819 2133 956 2164; x_wconf 75' lang='lat' dir='ltr'><strong>octavo</strong></span> <span class='ocrx_word' id='word_1_268' title='bbox 982 2123 1134 2163; x_wconf 90' lang='lat' dir='ltr'><strong>decimo</strong></span> <span class='ocrx_word' id='word_1_269' title='bbox 1159 2126 1319 2164; x_wconf 88' lang='lat' dir='ltr'><strong>saeculo</strong></span> <span class='ocrx_word' id='word_1_270' title='bbox 1345 2124 1484 2178; x_wconf 89' lang='lat' dir='ltr'><strong>Lydus</strong></span> <span class='ocrx_word' id='word_1_271' title='bbox 1515 2130 1570 2170; x_wconf 76' lang='lat'><strong>25</strong></span> 
     </span>
    </p>
   </div>
   <div class='ocr_carea' id='block_1_4' title="bbox 24 2193 1606 2922">
    <p class='ocr_par' dir='ltr' id='par_1_4' title="bbox 24 2193 1606 2922">
     <span class='ocr_line' id='line_1_30' title="bbox 28 2193 1485 2246; baseline -0.001 -14"><span class='ocrx_word' id='word_1_272' title='bbox 28 2194 89 2232; x_wconf 86' lang='lat' dir='ltr'><strong>uti</strong></span> <span class='ocrx_word' id='word_1_273' title='bbox 109 2195 252 2246; x_wconf 80' lang='lat' dir='ltr'><strong>coepit.</strong></span> <span class='ocrx_word' id='word_1_274' title='bbox 321 2195 456 2232; x_wconf 87' lang='lat' dir='ltr'><strong>minus</strong></span> <span class='ocrx_word' id='word_1_275' title='bbox 481 2193 644 2246; x_wconf 90' lang='lat' dir='ltr'><strong>quidem</strong></span> <span class='ocrx_word' id='word_1_276' title='bbox 671 2196 715 2231; x_wconf 90' lang='lat' dir='ltr'><strong>in</strong></span> <span class='ocrx_word' id='word_1_277' title='bbox 744 2195 897 2243; x_wconf 84' lang='lat' dir='ltr'><strong>Gallia,</strong></span> <span class='ocrx_word' id='word_1_278' title='bbox 939 2193 1134 2232; x_wconf 83' lang='lat' dir='ltr'><strong>Ludovici</strong></span> <span class='ocrx_word' id='word_1_279' title='bbox 1163 2193 1215 2235; x_wconf 85' lang='lat'><strong>15</strong></span> <span class='ocrx_word' id='word_1_280' title='bbox 1247 2195 1485 2246; x_wconf 88' lang='lat' dir='ltr'><strong>principatu,</strong></span> 
     </span>
     <span class='ocr_line' id='line_1_31' title="bbox 27 2261 1485 2314; baseline -0.001 -15"><span class='ocrx_word' id='word_1_281' title='bbox 27 2274 120 2299; x_wconf 81' lang='lat' dir='ltr'><strong>cum</strong></span> <span class='ocrx_word' id='word_1_282' title='bbox 139 2263 307 2300; x_wconf 81' lang='lat' dir='ltr'><strong>Ioannes</strong></span> <span class='ocrx_word' id='word_1_283' title='bbox 325 2263 374 2300; x_wconf 83' lang='lat' dir='ltr'><strong>L.</strong></span> <span class='ocrx_word' id='word_1_284' title='bbox 395 2261 444 2299; x_wconf 89' lang='lat' dir='ltr'><strong>de</strong></span> <span class='ocrx_word' id='word_1_285' title='bbox 454 2263 644 2314; x_wconf 86' lang='lat' dir='ltr'><strong>Burigny,</strong></span> <span class='ocrx_word' id='word_1_286' title='bbox 662 2263 723 2300; x_wconf 81' lang='lat' dir='ltr'><strong>vir</strong></span> <span class='ocrx_word' id='word_1_287' title='bbox 740 2261 938 2301; x_wconf 80' lang='lat' dir='ltr'><strong>historicis</strong></span> <span class='ocrx_word' id='word_1_288' title='bbox 957 2262 1112 2313; x_wconf 86' lang='lat' dir='ltr'><strong>scriptis</strong></span> <span class='ocrx_word' id='word_1_289' title='bbox 1129 2267 1261 2310; x_wconf 85' lang='lat' dir='ltr'><strong>notus,</strong></span> <span class='ocrx_word' id='word_1_290' title='bbox 1277 2261 1485 2312; x_wconf 82' lang='lat' dir='ltr'><strong>fragmen-</strong></span> 
     </span>
     <span class='ocr_line' id='line_1_32' title="bbox 26 2327 1484 2380; baseline 0 -14"><span class='ocrx_word' id='word_1_291' title='bbox 26 2333 114 2367; x_wconf 83' lang='lat' dir='ltr'><strong>tum</strong></span> <span class='ocrx_word' id='word_1_292' title='bbox 128 2329 222 2366; x_wconf 89' lang='lat' dir='ltr'><strong>libri</strong></span> <span class='ocrx_word' id='word_1_293' title='bbox 242 2327 292 2367; x_wconf 89' lang='lat' dir='ltr'><strong>de</strong></span> <span class='ocrx_word' id='word_1_294' title='bbox 310 2330 496 2379; x_wconf 83' lang='lat' dir='ltr'><strong>Ostentis,</strong></span> <span class='ocrx_word' id='word_1_295' title='bbox 530 2328 579 2367; x_wconf 88' lang='lat' dir='ltr'><strong>de</strong></span> <span class='ocrx_word' id='word_1_296' title='bbox 594 2329 804 2367; x_wconf 85' lang='lat' dir='ltr'><strong>tonitribus</strong></span> <span class='ocrx_word' id='word_1_297' title='bbox 828 2331 871 2366; x_wconf 87' lang='lat' dir='ltr'><strong>in</strong></span> <span class='ocrx_word' id='word_1_298' title='bbox 891 2329 976 2368; x_wconf 88' lang='lat' dir='ltr'><strong>dies</strong></span> <span class='ocrx_word' id='word_1_299' title='bbox 996 2330 1187 2380; x_wconf 84' lang='lat' dir='ltr'><strong>singulos,</strong></span> <span class='ocrx_word' id='word_1_300' title='bbox 1219 2330 1370 2366; x_wconf 84' lang='lat' dir='ltr'><strong>Gallice</strong></span> <span class='ocrx_word' id='word_1_301' title='bbox 1392 2342 1484 2366; x_wconf 86' lang='lat' dir='ltr'><strong>ver-</strong></span> 
     </span>
     <span class='ocr_line' id='line_1_33' title="bbox 25 2395 1483 2447; baseline 0.001 -13"><span class='ocrx_word' id='word_1_302' title='bbox 25 2401 109 2435; x_wconf 79' lang='lat' dir='ltr'><strong>tere</strong></span> <span class='ocrx_word' id='word_1_303' title='bbox 140 2397 290 2446; x_wconf 83' lang='lat' dir='ltr'><strong>voluit,</strong></span> <span class='ocrx_word' id='word_1_304' title='bbox 333 2398 513 2436; x_wconf 77' lang='lat' dir='ltr'><strong>Histoire</strong></span> <span class='ocrx_word' id='word_1_305' title='bbox 541 2398 590 2435; x_wconf 82' lang='lat' dir='ltr'><strong>de</strong></span> <span class='ocrx_word' id='word_1_306' title='bbox 619 2395 871 2434; x_wconf 60' lang='lat' dir='ltr'><strong>l’Acaddmie</strong></span> <span class='ocrx_word' id='word_1_307' title='bbox 902 2398 969 2436; x_wconf 79' lang='lat' dir='ltr'><strong>des</strong></span> <span class='ocrx_word' id='word_1_308' title='bbox 1000 2397 1264 2447; x_wconf 67' lang='lat' dir='ltr'><strong>suscriptione</strong></span> <span class='ocrx_word' id='word_1_309' title='bbox 1297 2403 1396 2434; x_wconf 84' lang='lat' dir='ltr'><strong>tom.</strong></span> <span class='ocrx_word' id='word_1_310' title='bbox 1428 2396 1483 2436; x_wconf 83' lang='lat'><strong>29</strong></span> 
     </span>
     <span class='ocr_line' id='line_1_34' title="bbox 25 2466 1606 2518; baseline -0.003 -16"><span class='ocrx_word' id='word_1_311' title='bbox 25 2476 69 2516; x_wconf 84' lang='lat' dir='ltr'><strong>p.</strong></span> <span class='ocrx_word' id='word_1_312' title='bbox 91 2466 182 2515; x_wconf 81' lang='lat'><strong>197,</strong></span> <span class='ocrx_word' id='word_1_313' title='bbox 212 2466 402 2518; x_wconf 83' lang='lat' dir='ltr'><strong>quoniam</strong></span> <span class='ocrx_word' id='word_1_314' title='bbox 419 2478 467 2503; x_wconf 87' lang='lat' dir='ltr'><strong>ea</strong></span> <span class='ocrx_word' id='word_1_315' title='bbox 484 2467 613 2504; x_wconf 86' lang='lat' dir='ltr'><strong>versio</strong></span> <span class='ocrx_word' id='word_1_316' title='bbox 635 2472 824 2517; x_wconf 84' lang='lat' dir='ltr'><strong>concepta</strong></span> <span class='ocrx_word' id='word_1_317' title='bbox 846 2467 976 2518; x_wconf 87' lang='lat' dir='ltr'><strong>magis</strong></span> <span class='ocrx_word' id='word_1_318' title='bbox 995 2472 1054 2504; x_wconf 89' lang='lat' dir='ltr'><strong>est</strong></span> <span class='ocrx_word' id='word_1_319' title='bbox 1073 2478 1195 2517; x_wconf 86' lang='lat' dir='ltr'><strong>quam</strong></span> <span class='ocrx_word' id='word_1_320' title='bbox 1215 2470 1352 2515; x_wconf 88' lang='lat' dir='ltr'><strong>coepta</strong></span> <span class='ocrx_word' id='word_1_321' title='bbox 1365 2491 1376 2512; x_wconf 96' lang='lat'><strong>,</strong></span> <span class='ocrx_word' id='word_1_322' title='bbox 1417 2468 1482 2500; x_wconf 92' lang='lat' dir='ltr'><strong>to-</strong></span> <span class='ocrx_word' id='word_1_323' title='bbox 1500 2475 1538 2510; x_wconf 87' lang='lat' dir='ltr'><strong>p.</strong></span> <span class='ocrx_word' id='word_1_324' title='bbox 1556 2472 1606 2497; x_wconf 68' lang='lat' dir='ltr'><strong>nv</strong></span> 
     </span>
     <span class='ocr_line' id='line_1_35' title="bbox 26 2531 1484 2585; baseline -0.002 -16"><span class='ocrx_word' id='word_1_325' title='bbox 26 2537 191 2584; x_wconf 83' lang='lat' dir='ltr'><strong>tumque</strong></span> <span class='ocrx_word' id='word_1_326' title='bbox 208 2534 416 2572; x_wconf 82' lang='lat' dir='ltr'><strong>consilium</strong></span> <span class='ocrx_word' id='word_1_327' title='bbox 433 2532 484 2572; x_wconf 85' lang='lat' dir='ltr'><strong>ad</strong></span> <span class='ocrx_word' id='word_1_328' title='bbox 502 2535 656 2572; x_wconf 85' lang='lat' dir='ltr'><strong>exitum</strong></span> <span class='ocrx_word' id='word_1_329' title='bbox 673 2546 756 2572; x_wconf 93' lang='lat' dir='ltr'><strong>non</strong></span> <span class='ocrx_word' id='word_1_330' title='bbox 772 2536 967 2585; x_wconf 82' lang='lat' dir='ltr'><strong>pervenit.</strong></span> <span class='ocrx_word' id='word_1_331' title='bbox 1024 2534 1153 2584; x_wconf 81' lang='lat' dir='ltr'><strong>magis</strong></span> <span class='ocrx_word' id='word_1_332' title='bbox 1179 2534 1222 2570; x_wconf 90' lang='lat' dir='ltr'><strong>in</strong></span> <span class='ocrx_word' id='word_1_333' title='bbox 1244 2532 1359 2569; x_wconf 87' lang='lat' dir='ltr'><strong>Italia</strong></span> <span class='ocrx_word' id='word_1_334' title='bbox 1370 2559 1381 2579; x_wconf 88' lang='lat'><strong>,</strong></span> <span class='ocrx_word' id='word_1_335' title='bbox 1410 2531 1484 2567; x_wconf 92' lang='lat' dir='ltr'><strong>Pio</strong></span> 
     </span>
     <span class='ocr_line' id='line_1_36' title="bbox 26 2599 1483 2654; baseline -0.001 -18"><span class='ocrx_word' id='word_1_336' title='bbox 26 2605 142 2637; x_wconf 78' lang='lat' dir='ltr'><strong>sexto</strong></span> <span class='ocrx_word' id='word_1_337' title='bbox 170 2607 283 2651; x_wconf 84' lang='lat' dir='ltr'><strong>pont.</strong></span> <span class='ocrx_word' id='word_1_338' title='bbox 302 2614 436 2652; x_wconf 84' lang='lat' dir='ltr'><strong>max.,</strong></span> <span class='ocrx_word' id='word_1_339' title='bbox 476 2615 568 2641; x_wconf 89' lang='lat' dir='ltr'><strong>cum</strong></span> <span class='ocrx_word' id='word_1_340' title='bbox 593 2602 720 2640; x_wconf 89' lang='lat' dir='ltr'><strong>nobili</strong></span> <span class='ocrx_word' id='word_1_341' title='bbox 748 2615 821 2654; x_wconf 85' lang='lat' dir='ltr'><strong>per</strong></span> <span class='ocrx_word' id='word_1_342' title='bbox 845 2601 920 2641; x_wconf 88' lang='lat' dir='ltr'><strong>has</strong></span> <span class='ocrx_word' id='word_1_343' title='bbox 952 2603 1134 2653; x_wconf 87' lang='lat' dir='ltr'><strong>regiones</strong></span> <span class='ocrx_word' id='word_1_344' title='bbox 1165 2599 1483 2651; x_wconf 84' lang='lat' dir='ltr'><strong>peregrinatione</strong></span> 
     </span>
     <span class='ocr_line' id='line_1_37' title="bbox 24 2665 1482 2720; baseline -0.001 -16"><span class='ocrx_word' id='word_1_345' title='bbox 24 2667 195 2705; x_wconf 81' lang='lat' dir='ltr'><strong>Romam</strong></span> <span class='ocrx_word' id='word_1_346' title='bbox 214 2669 323 2708; x_wconf 81' lang='lat' dir='ltr'><strong>venit</strong></span> <span class='ocrx_word' id='word_1_347' title='bbox 341 2672 526 2710; x_wconf 87' lang='lat' dir='ltr'><strong>Nicolaus</strong></span> <span class='ocrx_word' id='word_1_348' title='bbox 548 2669 693 2711; x_wconf 80' lang='lat' dir='ltr'><strong>Schow</strong></span> <span class='ocrx_word' id='word_1_349' title='bbox 710 2672 846 2710; x_wconf 82' lang='lat' dir='ltr'><strong>Dauus</strong></span> <span class='ocrx_word' id='word_1_350' title='bbox 859 2700 869 2720; x_wconf 95' lang='lat'><strong>,</strong></span> <span class='ocrx_word' id='word_1_351' title='bbox 909 2671 1005 2709; x_wconf 84' lang='lat' dir='ltr'><strong>clari</strong></span> <span class='ocrx_word' id='word_1_352' title='bbox 1029 2670 1204 2708; x_wconf 87' lang='lat' dir='ltr'><strong>nominis</strong></span> <span class='ocrx_word' id='word_1_353' title='bbox 1237 2665 1482 2718; x_wconf 77' lang='lat' dir='ltr'><strong>philologuS,</strong></span> 
     </span>
     <span class='ocr_line' id='line_1_38' title="bbox 25 2735 1483 2786; baseline -0.001 -14"><span class='ocrx_word' id='word_1_354' title='bbox 25 2735 138 2773; x_wconf 69' lang='lat' dir='ltr'><strong>ouius</strong></span> <span class='ocrx_word' id='word_1_355' title='bbox 162 2736 406 2786; x_wconf 82' lang='lat' dir='ltr'><strong>singularem</strong></span> <span class='ocrx_word' id='word_1_356' title='bbox 427 2741 572 2779; x_wconf 87' lang='lat' dir='ltr'><strong>nostris</strong></span> <span class='ocrx_word' id='word_1_357' title='bbox 599 2740 643 2778; x_wconf 89' lang='lat' dir='ltr'><strong>in</strong></span> <span class='ocrx_word' id='word_1_358' title='bbox 670 2741 798 2779; x_wconf 81' lang='lat' dir='ltr'><strong>literis</strong></span> <span class='ocrx_word' id='word_1_359' title='bbox 821 2737 1086 2778; x_wconf 85' lang='lat' dir='ltr'><strong>eruditionem</strong></span> <span class='ocrx_word' id='word_1_360' title='bbox 1107 2738 1190 2773; x_wconf 83' lang='lat' dir='ltr'><strong>iam</strong></span> <span class='ocrx_word' id='word_1_361' title='bbox 1210 2741 1297 2773; x_wconf 90' lang='lat' dir='ltr'><strong>tum</strong></span> <span class='ocrx_word' id='word_1_362' title='bbox 1317 2739 1483 2772; x_wconf 86' lang='lat' dir='ltr'><strong>testatae</strong></span> 
     </span>
     <span class='ocr_line' id='line_1_39' title="bbox 25 2799 1480 2860; baseline 0.003 -21"><span class='ocrx_word' id='word_1_363' title='bbox 25 2809 138 2840; x_wconf 81' lang='lat' dir='ltr'><strong>erant</strong></span> <span class='ocrx_word' id='word_1_364' title='bbox 167 2804 388 2844; x_wconf 86' lang='lat' dir='ltr'><strong>Heraclidis</strong></span> <span class='ocrx_word' id='word_1_365' title='bbox 418 2808 646 2860; x_wconf 87' lang='lat' dir='ltr'><strong>Allegoriae</strong></span> <span class='ocrx_word' id='word_1_366' title='bbox 675 2809 911 2847; x_wconf 88' lang='lat' dir='ltr'><strong>Homericae</strong></span> <span class='ocrx_word' id='word_1_367' title='bbox 942 2806 1154 2856; x_wconf 83' lang='lat' dir='ltr'><strong>Gottingae</strong></span> <span class='ocrx_word' id='word_1_368' title='bbox 1177 2803 1306 2852; x_wconf 82' lang='lat'><strong>1782,</strong></span> <span class='ocrx_word' id='word_1_369' title='bbox 1344 2803 1391 2851; x_wconf 89' lang='grc'><strong>8,</strong></span> <span class='ocrx_word' id='word_1_370' title='bbox 1432 2799 1480 2838; x_wconf 74' lang='lat' dir='ltr'><strong>ab</strong></span> 
     </span>
     <span class='ocr_line' id='line_1_40' title="bbox 85 2865 1206 2922; baseline 0.004 -13"><span class='ocrx_word' id='word_1_371' title='bbox 85 2873 229 2912; x_wconf 73' lang='lat' dir='ltr'><strong>Ioannes</strong></span> <span class='ocrx_word' id='word_1_372' title='bbox 257 2876 387 2922; x_wconf 70' lang='lat' dir='ltr'><strong>Lydus.</strong></span> <span class='ocrx_word' id='word_1_373' title='bbox 1147 2865 1206 2888; x_wconf 55' lang='lat'><strong>*⁴⁸*</strong></span> 
     </span>
    </p>
   </div>
  </div>
 </body>
</html>
