1748 3210
469 161 531 206 IN
563 162 779 207 LIBRUM
809 162 886 205 DE
915 162 1202 207 OSTENTIS.
1465 162 1563 212 401

106 271 212 312 nihil
234 270 322 311 dico
344 270 394 309 de
415 272 503 310 aliis
519 270 721 323 lapidibus
745 271 907 310 easdem
927 272 1049 324 siglas
1069 270 1349 311 exhibentibus
1363 301 1373 321 ‚
1403 285 1501 325 quos
1523 275 1566 312 in

109 331 258 368 museis
288 330 424 366 Italiae
459 335 544 366 tum
574 329 742 380 publicis
771 336 857 366 tum
887 331 1051 380 privatis
1077 332 1164 381 ipse
1191 329 1296 378 vid13
1337 329 1445 381 quod
1474 331 1566 370 illas

56 382 58 384 ¹
109 387 265 436 scriptis
291 398 419 436 nuper
447 384 562 422 editis
590 386 703 423 aliter
737 386 955 437 explicatas
987 399 1072 423 esse
1103 385 1274 423 videam.
1331 400 1568 425 coaevorum

109 449 244 480 autem
263 455 444 480 meorum
465 455 649 489 censura,
681 444 778 493 quin
800 444 919 479 etiam
945 444 1168 491 mentione,
1198 445 1276 481 nisi
1302 441 1568 481 honorificen-

107 499 261 536 tissima
292 505 331 535 et
358 499 579 535 necessaria
608 497 846 548 admodum,
884 512 986 552 quae
1011 511 1102 536 mea
1125 506 1266 537 natura
1295 506 1372 549 est,
1411 513 1568 552 semper

100 554 327 592 abstinebo.

221 624 261 661 p.
283 610 363 650 343
384 623 422 647 v-
444 609 485 649 4.
542 605 644 649 καθ’
664 625 711 650 ου
730 609 919 662 φέρηται]
950 611 1006 647 sic
1028 611 1180 648 Caseol.
1198 610 1269 649 sed
1290 625 1379 649 cum
1397 610 1462 649 hic
1480 618 1568 650 tum

107 666 211 704 infra
231 679 270 704 v.
290 667 330 706 9.
389 664 604 716 legendum
632 673 699 704 aut
731 667 914 720 φέρεται,
943 673 988 704 ut
1023 674 1082 705 est
1115 669 1157 705 in
1178 667 1265 706 cod.
1288 670 1462 718 Veneto,
1501 675 1569 707 aut

106 719 209 763 καθ’
235 738 284 763 ου
301 719 353 762 οἶν
371 721 550 774 φέρηται.

219 778 274 816 ib.
308 792 347 817 v.
381 779 448 818 11.
505 771 704 831 πολεμίὼν
731 776 803 830 μὲν
830 777 1003 829 ἔφοδον]
1043 779 1196 818 Caseol.
1227 779 1432 832 πολέμων·
1463 781 1569 819 conf.

106 841 242 872 tamen
284 848 326 886 p.
366 834 449 876 844
491 837 531 876 8.
573 838 643 877 21.
697 835 780 876 345
824 837 863 876 8.
931 837 1105 874 Venetus
1145 849 1304 890 quoque
1341 836 1408 876 hic
1449 837 1571 876 habet

105 891 319 943 πολεμίων.

218 960 259 999 Ρ.
280 946 364 990 844
381 959 420 983 V.
437 947 462 987 8
475 948 568 984 ima.
627 953 843 996 augustum
861 946 1113 999 aedificium]
1146 947 1260 986 Ovid.
1280 951 1387 989 Fast.
1412 955 1432 994 1
1463 954 1569 994 609:

303 1010 445 1042 saneta
462 1010 606 1040 vocant
626 1010 802 1053 augusta
816 1011 976 1053 patres:
1009 1011 1183 1055 augusta
1211 1014 1405 1046 vocantur

382 1060 530 1109 templa
547 1061 794 1096 sacerdotum
817 1061 890 1096 rite
911 1068 1071 1097 sacrata
1096 1075 1233 1099 manu.

222 1128 264 1166 p-
282 1113 363 1157 349
383 1128 421 1152 v.
445 1120 482 1155 1.
539 1114 659 1166 τέως]
691 1118 942 1154 restituamus
967 1118 1202 1167 particulam
1225 1117 1322 1166 τέως
1340 1121 1450 1158 Actis
1473 1133 1572 1159 con-

110 1171 191 1209 cilii
217 1173 526 1210 Lateranensis
515 1185 558 1208 111
579 1170 763 1209 laudibus
788 1173 1011 1210 Constantis
1031 1177 1058 1214 2
1080 1175 1328 1225 imperatoris
1351 1180 1375 1218 3
1407 1177 1488 1218 780
1510 1179 1570 1215 B:

107 1243 152 1268 το
184 1243 238 1275 ως
267 1225 374 1275 εἰκος
402 1224 690 1282 ἐγκαταλειμμα
715 1231 794 1268 τῶν
814 1243 854 1268 τε
873 1243 928 1276 ως
947 1226 1046 1282 πρὸς
1061 1228 1168 1281 ἡμᾶς
1191 1231 1280 1283 εἰκῆ
1296 1247 1335 1272 τε
1354 1232 1420 1272 καὶ
1440 1248 1572 1285 ματην

107 1283 421 1336 διαφερομένων.
479 1285 660 1334 legamus
691 1287 771 1324 τῶν
796 1283 911 1334 τέως,
941 1286 1143 1323 residuum
1177 1301 1310 1325 eorum
1339 1290 1411 1340 qni
1436 1290 1572 1327 adhuc

106 1340 220 1378 nobas
238 1347 377 1377 temere
394 1354 444 1377 ac
465 1354 567 1378 vane
590 1341 878 1378 contradicunt.
941 1342 1056 1379 aliter
1072 1344 1319 1394 interpretes.

218 1410 260 1448 Ρ.
288 1398 371 1438 350
401 1410 440 1435 v.
470 1400 510 1437 2.
571 1396 867 1449 εἰσκαθίζουσι]
911 1395 959 1434 de
989 1396 1065 1435 hoc
1094 1400 1215 1438 verbo
1245 1402 1335 1438 silet
1367 1401 1409 1438 in
1437 1401 1571 1439 lexico

107 1451 376 1492 Schneiderus
405 1455 465 1490 vir
493 1453 586 1490 clar.
646 1455 814 1490 occurrit
842 1454 963 1491 etiam
989 1453 1095 1505 apud
1120 1456 1162 1493 S.
1183 1459 1374 1494 Ioannem
1395 1456 1572 1510 Chryso-

107 1516 282 1548 stomum
313 1517 410 1547 orat.
437 1511 488 1550 83
519 1511 561 1546 in
593 1522 750 1547 crucem
776 1517 815 1548 et
842 1510 1132 1549 confessionem
1151 1513 1316 1552 latronis
1335 1514 1360 1555 5
1391 1514 1472 1556 570
1502 1515 1571 1564 41,

106 1567 142 1604 si
160 1573 294 1604 tamen
312 1566 370 1602 ibi
387 1567 504 1603 lectio
524 1567 689 1603 sincera.

219 1622 274 1660 ib.
299 1635 338 1659 v.
365 1625 430 1663 10.
488 1624 611 1661 ταῦτα
641 1620 714 1672 μὲν
746 1619 797 1662 ἄν
827 1621 911 1672 τις]
952 1634 1054 1674 quae
1082 1631 1322 1676 sequuntur,
1361 1637 1487 1677 usque
1520 1625 1573 1664 ad

105 1678 226 1717 finem
249 1692 290 1730 p.
312 1679 416 1727 356,
446 1691 539 1716 cusa
559 1685 716 1716 exstant
737 1679 780 1715 in
802 1677 866 1715 ed.
888 1677 1126 1717 Schowiana
1152 1681 1244 1718 libri
1274 1681 1324 1719 de
1350 1683 1570 1734 mensibus,

105 1748 146 1786 p.
169 1737 311 1776 130—-
325 1734 419 1775 134.

219 1791 274 1829 ib.
297 1804 336 1828 v.
361 1793 425 1831 18.
484 1789 709 1841 Βικέλλιος]
743 1788 948 1840 symbolik
975 1791 1062 1827 und
1089 1791 1339 1842 Mythologie
1367 1793 1437 1830 der
1462 1794 1572 1832 allen

112 1847 272 1894 PBH-er,
301 1853 330 1884 t.
354 1849 401 1895 2,
429 1849 588 1898 Lipsiae
611 1849 730 1893 1820,
752 1848 790 1894 8,
820 1859 860 1896 p-
881 1848 963 1886 927
990 1854 1073 1883 not.
1097 1851 1194 1895 132,
1226 1856 1382 1897 auctor,
1413 1863 1571 1889 summo

103 1906 167 1942 vir
183 1904 342 1955 ingenio
363 1903 660 1954 eruditioneque
679 1903 993 1952 incomparabili,
1024 1903 1143 1940 allato
1165 1902 1241 1941 hoc
1261 1905 1347 1942 loco
1366 1907 1572 1958 Βίγουλος,

105 1959 150 1998 id
173 1968 231 1997 est
255 1958 444 2010 Figulus,
469 1959 685 2008 legendum
705 1971 789 1995 esse
810 1971 890 1994 non
910 1959 1075 1996 infirmis
1101 1961 1316 1998 rationibus
1338 1963 1476 2000 nititur
1495 1976 1570 2014 ap-

105 2017 288 2068 probare.
348 2014 419 2053 sed
448 2017 554 2052 enim
582 2028 622 2065 Ρ.
646 2017 726 2055 276
757 2016 812 2054 22
844 2021 902 2050 est
922 2016 963 2050 in
984 2015 1014 2051 C
1036 2016 1258 2066 βεκελλιου,
1289 2016 1354 2054 hic
1377 2019 1570 2069 βικελλιος

107 2072 244 2125 (quod
263 2073 391 2122 magis
412 2069 592 2122 placet),
634 2077 671 2107 et
701 2071 742 2106 in
766 2069 899 2107 codice
919 2072 1097 2109 Romano
1117 2072 1380 2111 bibliothecae
1400 2076 1571 2125 Angeli-

106 2142 197 2177 cae,
230 2102 354 2166 undet>
356 2127 465 2164 idem
485 2128 753 2177 fragmentum
771 2124 820 2162 de
838 2129 1136 2166 terraemotibus
1159 2128 1419 2180 descripserat
1438 2131 1571 2169 Scho-

103 2188 230 2233 wius,
259 2184 449 2230 Βικὲλιος
508 2190 625 2235 atque
648 2181 757 2219 haud
776 2183 855 2219 scio
876 2195 977 2220 anne
1000 2197 1098 2235 opus
1120 2187 1170 2222 sit
1188 2186 1294 2223 abire
1314 2199 1336 2223 a
1357 2189 1569 2239 scriptione

107 2241 304 2280 codicum,
364 2242 458 2277 alibi
479 2253 636 2292 quoque
654 2238 698 2275 id
716 2251 876 2286 nomen,
908 2246 976 2276 aut
998 2248 1101 2278 certe
1123 2243 1266 2290 simile,
1296 2246 1463 2294 reperio,
1494 2258 1570 2282 110-

105 2299 290 2335 minatim
320 2297 426 2348 apud
457 2299 594 2334 Ioann.
622 2297 855 2346 Marangoni
874 2296 984 2333 Actis
1006 2297 1049 2336 S.
1071 2299 1238 2337 Victoris
1263 2301 1341 2340 160
1358 2301 1395 2337 A
1417 2307 1455 2338 et
1476 2302 1570 2339 Mu-

106 2361 225 2394 rator.
251 2367 293 2406 Ρ.
313 2355 423 2396 2096
457 2355 497 2394 8.

661 2407 717 2444 Μ.
747 2406 932 2444 VICELI.
962 2409 1015 2446 ΙΙ.

702 2463 979 2502 VICELIORV

706 2520 968 2558 LIBERTVS

683 2577 730 2614 V.
759 2578 809 2613 A.
839 2577 990 2614 XXVII

105 2630 361 2671 Viselliorum
385 2632 607 2670 Varronum
642 2644 740 2683 gens
773 2646 794 2670 e
820 2633 1009 2671 Cicerone
1034 2644 1136 2685 eque
1161 2632 1316 2672 Valerio
1342 2635 1523 2673 Maximo
1543 2636 1570 2677 8

106 2689 135 2728 2
163 2690 191 2729 2
220 2694 279 2724 est
305 2689 526 2726 notissima.

218 2756 260 2794 p.
288 2746 368 2785 357
396 2745 516 2782 inser.
576 2743 653 2784 hoc
683 2743 931 2793 calendario,
962 2743 1011 2783 de
1042 2757 1121 2797 quo
1153 2746 1366 2784 sententias
1391 2746 1570 2784 maxime

108 2797 284 2837 diversas
305 2812 328 2836 a
346 2800 543 2840 Salmasio
564 2801 617 2840 acl
638 2803 822 2841 Solinum
842 2815 866 2840 a
884 2804 1129 2856 Petavioque
1156 2803 1323 2855 praefat.
1344 2801 1396 2840 ad
1416 2804 1570 2841 Urano-

164 2860 315 2896 loannes
343 2861 473 2907 Lydus.
1241 2861 1297 2901 26
