1748 3210
611 197 686 240 DE
721 195 1004 240 osTENTls.
1285 183 1287 185 ’
1437 197 1532 241 285

90 307 269 366 ᾇᾶβδων
293 304 323 362 ἦ
352 320 485 349 τινων
512 304 735 350 τοιούτων.
800 304 962 361 μέλανα
999 303 1078 360 μὲν
1114 301 1145 360 ἢ
1180 300 1413 359 ὑπόχλωροι
1449 320 1532 358 φα-

86 375 216 420 νέντα
231 379 415 430 ’σημαίνει
434 400 569 412 ......

86 441 282 485 ουσανεὶ
308 441 436 493 τόξον
463 441 537 484 καὶ
568 445 760 497 μανιοικῶς
787 440 997 494 πυρῶδες,
1068 435 1232 480 τοιαῦτά
1259 454 1356 482 τινα
1385 441 1422 477 οἱ
1448 443 1532 487 περὶ

53 534 56 538 -
83 509 153 548 τὸν
179 509 370 556 Ῥωμαῖον
401 508 618 565 Βάρρωνα
647 508 853 564 Νιγίδιόν
880 523 925 550 τε
953 507 1025 550 καὶ
1053 504 1310 562 Ἀπουλήιον
1336 505 1532 562 προύθη-

52 585 168 620 δκαν·
235 577 256 615 ὁ
283 578 407 624 μέντοι
435 576 749 633 Καμπέστριος,
787 575 1069 631 ἐξειλεγμένην
1102 574 1199 618 τινὰ
1236 573 1335 628 περὶ
1363 573 1532 617 τούτων

85 645 284 689 συντάξας
318 646 607 697 πραγματείαν,
659 643 811 694 αὐταῖς
846 644 979 696 λέξεσι
1016 641 1124 686 καθ’
1166 642 1395 699 ἑρμηνείαν
1433 642 1533 698 περὶ

82 714 298 768 κομητῶν,
333 715 395 750 καὶ
423 711 444 750 ὅ
471 729 506 750 τι
535 712 759 764 ἀπειλοῦσι,
787 715 924 755 ταῦτα
952 711 1077 766 λέγει.

198 783 265 822 11.
321 780 364 819 Ὁ
390 782 626 831 καλούμενος
663 778 855 830 ἱππεύς
883 778 971 822 ἔστι
999 779 1080 834 μὲν
1102 777 1377 834 Ἀφροδίτης,
1408 776 1455 820 ἐκ
1484 777 1532 821 δὲ

82 849 159 902 τῆς
187 845 381 902 ὀξύτητος
409 847 526 892 οὕτως
555 848 804 895 ὠνόμασται·
833 847 1042 901 πλαγίους
1071 847 1118 890 δὲ
1146 846 1258 889 ἕλκει
1285 845 1359 888 καὶ
1385 843 1533 897 πυρώ-

30 925 75 960 10
86 915 174 966 aas
201 912 470 970 πλοκάμους,
510 913 681 959 αὕλοικάς
708 931 810 959 τινας
839 913 985 969 φωτὸς
1014 911 1249 964 ἀποτείνει,
1286 912 1361 955 καὶ
1396 911 1531 955 πάλιν

170 1029 195 1063 2
216 1027 274 1062 hic
297 1027 500 1061 exciderunt
517 1029 560 1062 ad
577 1027 749 1062 minimum
768 1027 835 1062 duo
854 1026 950 1070 folia,
976 1030 1011 1060 et
1033 1026 1183 1060 fortasse
1207 1025 1312 1059 multo
1334 1025 1444 1070 plura,
1469 1025 1530 1059 ubi

150 1074 215 1108 ·de
245 1073 437 1107 defectibus
468 1073 550 1107 solis
579 1074 622 1107 de
646 1073 886 1126 coloribusque
908 1073 981 1106 eius
1007 1072 1151 1106 orientis
1178 1076 1213 1105 et
1236 1071 1394 1105 obeuntis
1419 1083 1527 1116 expo-

169 1119 282 1152 suisse
304 1124 478 1152 auctorem
499 1118 689 1152 verisimile
715 1123 789 1159 est3
828 1120 911 1152 item
935 1119 978 1152 de
1007 1118 1120 1162 areis,
1156 1123 1192 1152 et
1229 1117 1366 1152 circulis
1399 1129 1527 1162 repen-

167 1163 265 1198 tinis.
321 1163 487 1216 deinceps
516 1165 560 1197 ad
589 1144 857 1216 disputationem
892 1165 935 1197 de
969 1163 1112 1197 cometis
1151 1163 1258 1207 (vide
1289 1174 1394 1207 supra
1423 1175 1454 1196 c.
1479 1164 1527 1205 4)

169 1220 246 1244 eum
278 1208 493 1243 convertisse
521 1220 559 1242 se
586 1209 773 1252 existimo,
808 1209 857 1242 ita
890 1214 928 1242 ut
959 1221 1053 1242 more
1086 1220 1147 1242 suo
1180 1208 1290 1242 allatis
1315 1221 1358 1242 ex
1380 1208 1528 1243 historia

170 1254 336 1299 exemplis
375 1254 479 1288 certis
515 1254 710 1288 hominibus
742 1255 1020 1299 potestatibusve
1053 1254 1194 1288 exitium
1226 1266 1285 1288 eos
1318 1255 1530 1298 portendere

167 1301 442 1343 demonstraret,
474 1311 678 1344 causamque
709 1300 862 1345 aperiret
894 1312 1001 1345 quare
1034 1300 1142 1334 variis
1173 1299 1367 1334 nominibus
1400 1300 1528 1333 distin-

170 1351 380 1390 guerentur,
422 1357 465 1378 ex
501 1345 616 1379 Plinio
651 1347 674 1379 2
711 1346 767 1379 ⁶25.
823 1354 966 1390 postea,
1007 1346 1143 1380 ratione
1183 1346 1302 1379 habita
1340 1347 1526 1379 verborum

169 1391 285 1425 statim
323 1390 564 1435 sequentium,
604 1391 802 1425 coniectura
838 1392 917 1425 fieri
952 1392 1066 1438 possit
1107 1392 1242 1435 Lydum
1279 1391 1467 1436 sumpsisse
1502 1403 1524 1425 a

166 1437 281 1471 Plinio
311 1448 475 1471 summam
513 1449 630 1471 eorum
668 1449 756 1481 quae
794 1437 898 1471 habet
937 1439 980 1472 de
1020 1438 1106 1471 caeli
1142 1438 1339 1481 coloribus,
1378 1437 1525 1471 fiammis

167 1482 277 1526 caeli,
318 1487 354 1516 et
384 1482 521 1516 coronis
551 1483 769 1517 caelestibus.
818 1489 898 1517 sunt
929 1490 1041 1518 autem
1066 1496 1108 1517 ea
1131 1484 1217 1517 haec
1242 1484 1336 1526 fere,
1368 1483 1414 1516 H.
1434 1484 1481 1517 N.
1501 1485 1526 1517 2

163 1529 336 1582 26—1}0·
361 1528 510 1562 emicant
533 1534 568 1563 et
590 1530 706 1562 trabes
730 1528 831 1562 simili
859 1530 980 1573 modo,
1014 1541 1099 1574 quas
1121 1530 1226 1562 docos
1251 1534 1400 1571 vocant3
1424 1530 1464 1562 fit
1489 1535 1526 1564 et

166 1573 288 1608 caeli
277 1573 388 1618 ipsius
412 1574 544 1617 hiatus‚
578 1576 669 1618 quod
699 1580 827 1608 vocant
851 1575 1001 1609 chasma.
1049 1576 1089 1609 fit
1123 1581 1157 1609 et
1187 1575 1402 1617 incendium,
1433 1575 1524 1610 sicut

165 1619 385 1664 Olympiadis
419 1620 627 1654 centesimae
661 1621 830 1666 septimae
860 1633 948 1654 auno
982 1621 1105 1664 tertio,
1147 1633 1221 1654 cum
1250 1634 1313 1655 rex
1340 1620 1524 1665 Philippus

164 1665 349 1699 Graeciam
373 1670 545 1710 quateret.
593 1671 779 1700 cernuntur
800 1671 836 1699 et
852 1667 971 1700 stellae
990 1678 1065 1700 cum
1085 1666 1157 1700 sole
1181 1666 1263 1700 totis
1288 1667 1422 1708 diebus,
1446 1667 1522 1710 ple-

163 1720 307 1754 rumque
330 1717 368 1746 et
389 1712 483 1745 circa
505 1711 587 1745 solis
609 1713 746 1755 orbem,
780 1723 843 1746 ceu
861 1713 1006 1765 spiceae
1028 1724 1198 1753 coronae;
1232 1718 1268 1745 et
1291 1711 1523 1747 versicolores

163 1755 304 1799 circuli,
336 1756 486 1801 qualiter
504 1758 659 1802 Augusto
682 1758 835 1791 Caesare
860 1757 895 1790 in
915 1758 1028 1802 prima
1047 1757 1191 1791 iuventa
1214 1759 1333 1791 urbem
1357 1758 1523 1802 intrante,

162 1806 244 1848 post
267 1802 396 1836 obitum
419 1803 552 1848 patris,
590 1804 634 1836 ad
660 1815 784 1836 nomen
816 1804 938 1846 ingens
974 1805 1239 1848 capessendum.
1289 1803 1380 1837 circa
1415 1803 1522 1838 solem

163 1847 326 1893 apparuit
361 1848 464 1882 etiam
503 1829 634 1893 aliquid
671 1861 759 1893 qua-
808 1850 1005 1894 [sequentia
1046 1855 1178 1883 exstant
1217 1850 1294 1893 hic]
1343 1860 1431 1893 quae
1469 1850 1522 1883 sie

162 1894 300 1927 Graece
337 1899 518 1928 convertat
553 1894 698 1939 aliquis,
742 1894 879 1927 imitans
923 1906 992 1928 non
1029 1894 1137 1928 Attici
1178 1894 1315 1938 quidem
1352 1895 1522 1929 sermonis

159 1939 385 1984 suavitatem,
419 1941 481 1974 sed
510 1951 586 1974 cum
621 1951 717 1973 usum
747 1939 956 1984 peculiarem
981 1952 1075 1973 saec.
1096 1941 1138 1984 6,
1172 1945 1243 1975 tum
1264 1940 1411 1974 maxime
1435 1953 1519 1996 pro-

158 1984 362 2041 prietatem,
409 1984 580 2018 interdum
622 1985 724 2038 etiam
753 1991 938 2038 stuporem
974 1985 1087 2043 Lydi:
1141 1986 1197 2020 10.
1239 1986 1440 2028 φαίνονται
1478 1983 1519 2020 δὲ

158 2029 222 2064 καὶ
247 2029 410 2086 δοκίδεςὲ
434 2029 497 2064 καὶ
528 2026 646 2069 οὕτως
671 2027 788 2068 αυτὰς
813 2030 987 2064 καλοῦσιν
1016 2029 1053 2063 οἱ
1076 2026 1265 2074 Έλληνες·
1299 2031 1459 2074 γίγνεται
1477 2030 1518 2065 δὲ

161 2073 224 2109 καὶ
251 2074 294 2108 τὸ
326 2076 521 2128 λεγομενον
537 2072 666 2127 χάσμα
689 2073 727 2108 ἐν
749 2072 907 2128 ου’ρανῷ
960 2074 1022 2109 και
1041 2073 1164 2131 ἕτερον
1173 2051 1226 2110 Ιδέ
1246 2088 1282 2110 τι
1304 2075 1518 2132 ἐμπρησμοῦ

158 2117 416 2177 παραπλήσιον
430 2117 602 2159 πολλάκις
621 2119 804 2163 φαίνεται,
827 2133 878 2160 ως
893 2119 953 2155 ἐπὶ
971 2121 1038 2164 τῆς
1059 2118 1220 2178 ἑβδόμης
1238 2122 1299 2156 καὶ
1318 2120 1519 2165 ἑκατοστῆς

158 2163 408 2208 Ὀλυμπιάδος
429 2165 526 2208 (vide
543 2177 649 2222 'supra
661 2167 729 2199 284
751 2168 802 2209 4),
829 2162 889 2200 ὅτε
912 2167 1093 2206 Φίλιππος
1110 2166 1131 2201 ό
1149 2163 1328 2210 Ἀμύντου
1349 2166 1419 2211 τὴν
1441 2166 1519 2201 Ελ-

158 2209 258 2245 λα’δα
277 2208 434 2245 ἐσάλευε.
481 2212 679 2253 φαίνονται
699 2210 738 2245 δὲ
758 2211 821 2245 καὶ
849 2210 917 2246 σὺν
941 2208 1032 2263 ῆλίω
1057 2208 1206 2255 ἀστέρες
1230 2211 1292 2247 Sui
1307 2212 1429 2268 πάσης
1446 2215 1518 2256 τῆς

157 2253 320 2300 ῆμέρας,
355 2255 416 2290 καὶ
443 2255 600 2298 μάλιστα
630 2256 713 2300 περὶ
734 2256 802 2292 τὸν
822 2258 948 2292 δίσκον
966 2258 1108 2312 αυτόν,
1145 2259 1318 2303 καθάπερ
1338 2270 1518 2314 στεφανοι

158 2301 370 2345 σταχύὶνοι·
396 2301 459 2336 καὶ
475 2300 723 2357 ποικιλόχροοί
739 2314 835 2343 τινες
850 2301 986 2344 κύκλοι,
1010 2301 1139 2339 ὁποῖοι
1157 2301 1379 2361 ἐφάνησαν
1365 2301 1426 2339 ὅτε
1443 2302 1517 2339 Av-

156 2357 311 2403 γουστος
337 2345 423 2387 νέος
449 2349 580 2402 κομιδῇ
606 2346 697 2391 μετὰ
722 2346 792 2392 τὴν
809 2350 877 2384 τοῦ
895 2349 1085 2405 Καίσαρος
1101 2349 1272 2406 τελευτὴν
1290 2350 1342 2389 εἰς
1360 2347 1516 2394 Ρῶμην,

156 2404 226 2427 τον
243 2391 387 2436 πατέρα
413 2391 702 2451 οἷνανεούμενοςε,
733 2394 914 2440 εἰσῆλθεν.
962 2392 1074 2429 ου’ὃὲν
1101 2393 1140 2429 δὲ
1166 2390 1282 2440 ἧττον
1309 2395 1514 2439 φαίνεσθαι

155 2437 291 2484 συνέβη
309 2451 346 2473 τι
360 2439 444 2484 περὶ
464 2438 534 2475 τὸν
548 2436 654 2485 ἥλιον
672 2437 722 2474 ὦ·
857 2442 879 2476 9
900 2440 1012 2475 malim
1033 2439 1155 2479 ἕλκων.
1201 2441 1251 2476 Η.

66 2541 142 2564 cum
161 2530 266 2574 fiunt,
300 2529 396 2565 velut
418 2530 595 2575 virgarum
619 2535 677 2566 aut
697 2532 890 2577 specierum
914 2532 1095 2567 eiusmodi.
1143 2542 1234 2577 quae
1259 2532 1290 2567 si
1315 2533 1416 2578 nigra
1439 2533 1518 2568 sive

64 2575 258 2629 subpallida
278 2582 458 2622 apparent,
482 2577 680 2621 significant
692 2601 842 2613 .......

128 2621 186 2655 ‚si
209 2633 308 2656 arcus
332 2626 369 2655 et
389 2623 589 2667 prodigiose
606 2625 746 2657 rubens.
795 2624 880 2657 haec
913 2624 990 2657 fere
1023 2623 1061 2656 in
1083 2624 1224 2670 scriptis
1247 2625 1399 2659 MVarro
1423 2624 1511 2658 civis

65 2666 260 2710 Romanus,
295 2667 510 2713 PNigiffius,
551 2670 747 2714 LApuleius
777 2675 1045 2723 proposuerunt.
1093 2675 1129 2704 at
1160 2670 1416 2715 Campestrius‚
1453 2671 1514 2715 qui

65 2712 212 2757 amplum
235 2695 279 2748 de
304 2714 423 2748 eodem
443 2722 643 2759 argumento
668 2716 876 2761 conscripsit
898 2716 1195 2759 commentarium,
1221 2717 1264 2750 de
1289 2716 1430 2751 cometis
1449 2717 1512 2750 de-

65 2769 133 2803 que
154 2758 198 2793 iis
219 2770 308 2804 quae
326 2759 526 2794 minitantur
542 2762 687 2795 totidem
711 2762 831 2795 verbis
856 2761 1025 2795 translata
1050 2762 1136 2795 haec
1159 2743 1222 2796 ait.

157 2805 213 2839 11.
260 2805 420 2850 Hippens
439 2805 497 2850 qui
516 2807 689 2841 vocitatur
710 2807 857 2841 Veneris
881 2812 950 2841 est:
975 2819 995 2840 a
1014 2807 1192 2841 celeritate
1211 2807 1348 2841 invenit
1366 2819 1510 2841 nomen:

63 2849 222 2895 obliquas
245 2851 387 2885 trahens
412 2856 516 2897 atque
537 2854 698 2888 ardentes
721 2853 842 2898 iubas,
877 2853 1019 2899 proiicit
1044 2854 1160 2889 radios
1183 2853 1268 2888 lucis
1281 2880 1292 2898 ,
1322 2864 1511 2899 rursusque
