1748 3210
307 204 462 251 HASII
493 205 571 249 DE
604 204 879 252 osmi-13
913 202 1238 248 PRAEFAno.
1316 192 1318 194 ’
1461 216 1510 249 m

49 338 127 380 hac
143 337 336 392 religione
355 338 588 378 obstrictum
603 352 670 377 me
684 338 945 391 putavissem,
973 337 1052 376 nisi
1070 337 1219 376 exisset
1236 332 1407 390 denique
1424 337 1511 389 pri-

49 431 163 458 mum
191 419 379 457 volumen
406 419 650 457 collectionis
680 430 807 455 novae
834 418 1095 469 Byzantinae.
1152 429 1282 474 nunc,
1321 416 1512 467 quoniam

48 498 255 551 profligata
283 499 367 536 iam
398 498 545 536 Leonis
572 497 738 534 Diaconi
766 502 804 534 et
831 510 991 548 prorsus
1011 495 1063 534 ad
1083 496 1235 534 exitinn
1258 493 1426 532 deducta
1451 500 1510 533 est

48 578 256 630 impressio
286 576 429 630 (detur
445 578 562 616 venia
576 575 696 615 verbo
712 573 865 627 novo),
896 589 971 614 nec
993 575 1166 612 multum
1184 575 1294 613 abest
1315 575 1413 627 quin
1427 575 1510 611 Mi-

51 655 201 696 abaelis
234 658 360 695 Pselli
389 670 515 710 aeque
538 655 785 704 absolvatur,
815 656 1009 707 pusillum
1027 655 1248 693 laxamenti
1265 662 1403 692 nactus
1422 653 1511 692 edi-
1535 670 1573 706 p.
1599 669 1629 694 11

48 737 200 775 tionem
231 736 324 774 libri
351 735 523 788 Lydiani
552 735 665 773 nolui
696 735 869 787 amplius
900 733 1079 782 differre,
1108 748 1160 772 ne
1190 734 1259 787 (ut
1279 735 1412 773 labilis
1433 735 1512 773 flu-

46 827 204 869 xusque
222 822 282 854 est
298 828 430 853 rerum
448 813 714 861 humanarum
734 812 884 865 status)
917 812 1111 851 accideret
1130 813 1283 866 aliquid
1300 813 1408 867 quod
1425 827 1511 852 rem

48 896 210 934 omnino
225 894 524 943 interturbaret,
554 901 675 947 utque
694 894 941 947 antiquitatis
962 894 1166 931 Romanae
1187 892 1352 932 studiosi
1370 895 1510 947 cogni-

46 973 155 1011 tione
176 972 406 1025 disciplinae
427 974 640 1025 auguralis,
673 974 1022 1027 quantulacunque
1040 970 1206 1010 tandem
1222 985 1276 1010 ex
1292 972 1406 1025 Lydo
1426 974 1511 1026 peti

43 1052 192 1106 possit,
220 1065 272 1090 ne
295 1051 587 1091 fraudarentur.
643 1066 717 1091 nec
741 1060 876 1090 tamen
903 1052 1062 1100 minus,
1092 1050 1232 1090 affecto
1254 1051 1417 1104 quidem
1437 1051 1510 1091 sed

43 1141 125 1167 non
145 1129 322 1168 confecto
344 1131 532 1170 mandato
550 1133 761 1185 prioreque
780 1133 940 1183 negotio
953 1161 964 1181 ‚
993 1130 1263 1170 verecundum
1283 1132 1421 1184 putavi
1442 1145 1511 1169 re·-

44 1221 136 1248 cens
173 1218 402 1263 susceptum
430 1212 596 1250 strictim
626 1213 858 1263 transigere.
915 1211 1050 1262 itaque
1083 1211 1289 1262 exemplar
1313 1212 1511 1249 Graecum

45 1301 136 1326 cum
153 1289 238 1327 sola
257 1291 581 1343 interpretatione
606 1293 748 1329 Latina
760 1320 770 1339 ,
804 1303 906 1343 quae
928 1291 1202 1328 commentarii
1220 1291 1403 1342 perpetui
1418 1290 1509 1327 loco

44 1374 168 1417 esset,
196 1369 240 1406 in
266 1367 339 1407 has
365 1371 543 1421 pagellas
572 1370 742 1408 conieci:
773 1369 821 1406 ab
849 1369 1114 1419 explicatione
1133 1381 1266 1406 rerum
1289 1381 1355 1405 me
1379 1368 1510 1405 conti-

42 1448 128 1485 nui.
186 1454 278 1486 sunt
296 1461 390 1486 sane
412 1449 665 1501 quaestiones
687 1446 887 1495 infinitae,
919 1445 970 1484 ad
998 1447 1212 1498 religiones
1234 1447 1373 1484 Italiae
1397 1453 1512 1484 vete-

43 1525 98 1564 ris
127 1507 339 1578 rerumque
371 1524 596 1564 divinarum
631 1526 885 1578 antiquitates
914 1526 1179 1576 pertinentes,
1210 1524 1260 1563 de
1292 1525 1436 1578 quibus
1465 1526 1511 1564 in

41 1605 255 1656 scriptione
285 1605 427 1644 latiore
454 1611 573 1658 atque
603 1587 799 1643 ornatiore
819 1603 898 1641 dici
913 1605 1052 1655 possit.
1111 1603 1184 1643 sed
1206 1602 1351 1641 harum
1376 1617 1511 1642 rerum

41 1684 201 1722 tametsi
233 1697 306 1736 ego
336 1696 495 1738 quoque
526 1685 640 1736 quasi
660 1684 804 1721 silvam
824 1685 1096 1736 collegissem,
1124 1697 1200 1721 nec
1221 1685 1354 1722 minus
1375 1696 1511 1722 rerum

41 1763 314 1800 Romanarum
349 1763 481 1802 studio
522 1776 644 1815 quam
684 1764 924 1801 Graecarum
959 1765 1151 1812 oblecter,
1193 1769 1329 1801 tamen
1362 1763 1510 1815 partim

44 1842 320 1895 quaestionum
337 1849 382 1880 ut
403 1843 552 1880 alienas
572 1842 620 1879 ab
643 1842 865 1880 auctoribus
889 1844 1143 1894 Byzantinis,
1176 1855 1199 1879 a
1216 1843 1358 1895 quibus
1379 1841 1512 1880 disce-

45 1919 137 1959 dere
167 1920 326 1971 longius
354 1922 440 1959 sine
465 1921 751 1959 inconstantiae
781 1922 1006 1973 suspicione
1038 1923 1149 1960 nullo
1183 1920 1302 1960 modo
1328 1933 1508 1973 possum,

42 1996 270 2037 hominibus
301 1998 588 2037 excellentibus
615 1999 658 2037 in
683 1998 761 2038 hoc
788 2013 957 2052 genere,
988 2002 1200 2039 subtilibus
1226 2007 1265 2038 et
1286 2001 1410 2039 acutis
1427 2013 1510 2038 non

43 2078 175 2117 minus
204 2091 326 2131 quam
352 2075 644 2117 abundantibus
674 2078 915 2129 eruditione,
946 2081 1089 2133 quibus
1118 2087 1226 2118 aetas
1245 2086 1382 2117 nostra
1403 2084 1508 2116 recte
1531 2092 1569 2127 p.
1594 2091 1640 2117 111

43 2157 255 2208 gloriatur,
283 2155 509 2195 tractandas
527 2157 694 2210 reliqui:
727 2157 776 2196 de
795 2159 988 2211 capitibus
1010 2160 1098 2197 aliis
1115 2160 1283 2197 fortasse
1305 2159 1382 2196 alio
1402 2165 1510 2195 tem-

42 2248 140 2288 pore
167 2236 359 2287 singulari
388 2227 533 2287 scriptb
557 2236 694 2288 lingua
715 2239 927 2276 vernacula
947 2240 1034 2290 ipse
1057 2251 1189 2290 agam.
1247 2238 1289 2274 in
1307 2236 1509 2288 praesenti

43 2315 219 2367 primum
249 2313 299 2353 de
323 2315 433 2353 fonte
458 2316 636 2354 instituto
671 2316 859 2356 subsidiis
894 2317 1079 2355 editionis
1110 2315 1251 2364 huius,
1283 2312 1428 2352 deinde
1455 2312 1505 2351 de

42 2394 364 2446 interpretatione
393 2396 554 2444 Latina,
584 2401 672 2433 tum
697 2394 746 2434 de
776 2395 970 2435 mirandis
994 2393 1233 2448 quibusdam
1256 2401 1324 2431 aut
1348 2405 1506 2431 memo-

44 2473 233 2513 rabilibus
247 2475 291 2512 in
305 2472 382 2514 hoc
397 2475 534 2513 libello
551 2472 670 2527 Lydi,
701 2472 874 2527 denique
896 2474 946 2513 de
964 2476 1188 2526 fragmento
1204 2472 1297 2511 libri
1313 2473 1373 2508 De
1387 2475 1508 2508 nien-

44 2553 177 2603 sibus,
207 2553 315 2606 quod
340 2567 421 2592 una
444 2553 600 2607 prodit,
630 2559 830 2605 postremo
855 2551 904 2592 de
927 2561 1114 2592 notarum
1134 2564 1316 2591 mearmn
1339 2551 1507 2600 ratione,

44 2633 190 2685 partite
211 2609 454 2687 strictimque
470 2632 616 2672 dicam.

159 2710 316 2751 Codicis
341 2713 538 2752 Caseolini
563 2726 666 2766 quae
683 2713 736 2751 sit
756 2713 867 2765 origo
888 2717 996 2750 aetas
1016 2709 1216 2758 condicio,
1245 2707 1392 2761 quique
1410 2707 1501 2746 fue—
1527 2707 1556 2748 2

48 2789 126 2830 rint
153 2803 288 2842 casus,
316 2793 486 2845 exposui
512 2793 556 2831 in
585 2792 884 2844 Prolegomenis
910 2791 1002 2829 libri
1025 2792 1086 2828 De
1104 2786 1400 2840 magistratibus
1421 2787 1505 2826 Ro-
