1748 3210
284 217 378 262 290
557 187 559 194 Α
802 216 1019 260 ιοΔΝΝιε
1053 217 1182 259 LYm

283 319 383 376 αἷρα
408 322 481 366 καὶ
508 321 695 378 ὑγρασία
728 334 792 370 τις
827 319 1008 375 σηπτικὴ
1033 320 1105 363 καὶ
1144 322 1347 378 βλαπτικὴ
1374 325 1462 374 τοῖς
1489 321 1687 378 ἀμητοῒς*

280 389 482 444 ἐκτροπαί
515 403 559 430 τε
601 388 804 440 ποταμῶν
837 387 910 430 καὶ
944 385 1119 442 ὄμβρων
1155 386 1291 441 ῥήξεις
1328 389 1576 442 βιαιοτέρων
1613 389 1687 432 καὶ

279 456 500 508 κεραυνῶν
527 452 652 507 βολαὶ
681 451 871 505 ἔσονται,
915 453 987 495 καὶ
1023 452 1151 495 οὐδὲν
1187 448 1314 507 ἧττον
1349 452 1373 496 ὁ
1407 451 1566 509 αύχμός
1591 453 1685 497 ἐπι-

278 523 416 575 τείνῃ,
465 517 520 568 ὦς
553 518 626 560 καὶ
660 517 763 568 τούς
798 517 1007 569 ἀεννάους
1034 522 1120 561 τῶν
1146 521 1349 572 ποταμῶν
1376 516 1682 575 ἀναφρυγῆναι.

279 587 316 628 εἰ
342 585 390 627 δὲ
418 584 482 626 ἐπὶ
510 583 660 636 νότον,
702 585 762 627 ἔτι
802 588 963 639 μᾶλλον
994 583 1222 639 ξηρότερον
1258 584 1330 626 καὶ
1356 584 1715 638 λοιμωδέστερονὸ

277 649 325 692 τὸ
354 652 433 691 τοῦ
462 647 586 703 ἀέρος
614 649 871 706 κατάστημα,
898 654 978 693 τοῦ
1002 652 1164 693 Νείλου
1182 649 1552 704 ὑποξηραίνοντος,
1581 649 1686 693 ῶστε

276 715 463 769 ἑρπετῶν
490 715 629 759 πάντα
658 720 952 773 πληρωθῆναι.
1009 717 1044 758 εἰ
1073 716 1117 758 δὲ
1147 715 1212 758 ἐπὶ
1239 715 1318 769 τήν
1346 714 1518 768 ἄρκτον,
1555 714 1580 759 ὁ
1611 717 1687 770 μὲν

277 779 440 835 αὐχμὸς
466 785 525 839 τῷ
555 787 704 839 ψυχρῷ
740 786 819 826 τοῦ
854 782 1034 834 κέντρου
1071 779 1369 836 ἡττηθήσεται,
1410 785 1497 835 πῦρ
1524 779 1570 823 δὲ
1595 785 1687 830 ταῖς

274 845 398 896 ὕλαις
436 845 652 902 ἀδοκήτως
686 849 758 892 καὶ
793 852 883 897 τοῖς
911 846 1053 901 ὄρεσιν
1081 846 1334 901 ἐμπεσεῖται,
1373 846 1430 898 ὦς
1457 846 1560 902 μηδὲ
1585 844 1687 896 τοὺς

273 912 321 955 ἐν
356 915 445 962 τοῖς
483 910 629 967 ἀγροῖς
664 914 692 968 ἢ
725 914 953 968 φρουρίοις
985 914 1281 967 διατρίβοντας
1315 913 1391 963 ἔξω
1429 916 1502 967 τῆς
1527 909 1736 966 βλάβηςω

271 977 493 1033 γενέσθαι*
534 977 726 1028 θάνατός
761 995 806 1022 τε
842 977 975 1028 πολύς
1012 978 1144 1028 ἔσται,
1185 979 1257 1020 καὶ
1297 977 1476 1032 μάλιστα
1510 977 1578 1020 ἐπὶ
1612 980 1686 1031 τῆς

273 1042 510 1098 Αἰγύπτου.
568 1043 672 1086 ὅταν
700 1044 746 1086 δὲ
774 1042 957 1099 ἀνίσχων
985 1042 1094 1096 πρὸς
1122 1043 1285 1096 δυσμάς
1313 1043 1414 1100 ὁρᾷ,
1449 1042 1694 1097 κεραυνοὺς

272 1109 352 1165 μὲν
380 1113 434 1164 τῇ
463 1108 603 1164 χώρα,
632 1113 794 1151 πτῶσιν
830 1110 876 1151 δὲ
911 1114 999 1158 τοῖς
1035 1108 1272 1163 βοσκήμασι
1308 1109 1576 1163 μαντεύεται,
1616 1109 1686 1163 ἐμ·
1724 1137 1726 1139 -

269 1176 460 1229 πρησμοί
486 1189 530 1216 τε
558 1174 724 1216 ἔσονται
753 1177 922 1229 βαρεῖς.Ι

384 1243 450 1281 15.
506 1239 766 1295 Κομήτης.
824 1234 951 1289 οὗτος
974 1237 998 1281 ὁ
1029 1237 1159 1293 ἀστὴρ
1181 1237 1288 1288 Διός
1316 1237 1392 1293 μέν
1417 1238 1543 1290 ἐστιν,
1570 1238 1681 1281 οὕτω
1695 1248 1735 1282 15

271 1304 318 1349 δέ
346 1305 462 1348 ἐστιν
488 1304 691 1361 ἐπίσημος
721 1303 779 1356 ὥς
806 1305 848 1357 ἐξ
877 1302 1012 1348 αὐτοῦ
1038 1304 1201 1354 πάντας
1227 1303 1331 1354 τούς
1358 1303 1511 1353 ἄλλους
1539 1305 1685 1358 διοση-

271 1370 471 1427 μειακούς
507 1369 684 1424 ἀστέρας
721 1370 908 1426 κομήτας
943 1368 1351 1424 προσαγορεύεσθαι.
1407 1364 1531 1418 οὗτος
1556 1368 1686 1423 ἡνίκα

270 1437 494 1492 λαμπροὺς
521 1436 592 1479 καὶ
621 1436 913 1490 ἀργυροειδεῖς
934 1435 1033 1485 τούς
1060 1434 1284 1482 πλοκάμους
1311 1438 1372 1473 καὶ
1400 1436 1458 1473 ἐπὶ
1484 1433 1559 1490 τήν
1583 1432 1684 1477 ἀνα-

269 1503 401 1558 τολὴν
428 1502 652 1559 ἀκοντίσῃ,
679 1502 784 1551 Διὸς
812 1503 1000 1558 καρκίνῳ
1028 1500 1056 1556 ἢ
1085 1502 1274 1557 σκορπίῳ
1301 1499 1331 1556 ἢ
1358 1502 1515 1548 ἰχθύσιν
1544 1498 1684 1550 ὄντος,

271 1570 460 1621 Πέρσαις
488 1567 629 1623 ἀγαθοὶ
659 1567 820 1623 μεγάλα
846 1567 1105 1622 μαντεύεται.
1162 1566 1454 1623 ἀναστήσονται
1478 1564 1580 1620 γάρ,
1609 1565 1733 1612 naim

270 1633 340 1676 ἐπὶ
376 1634 427 1676 τά
459 1629 680 1688 Ῥωμαίων
719 1634 962 1688 ἐκχυθέντες
989 1631 1115 1678 πόλεις
1141 1649 1178 1672 τε
1205 1637 1266 1672 καὶ
1293 1635 1466 1688 φρούρια
1491 1631 1682 1682 καθέξου-

270 1709 365 1748 σιν,
390 1699 667 1752 »αἰχμαλώτων
693 1714 736 1740 τε
765 1698 950 1751 ἀπείρων
977 1704 1125 1749 πλῆθος
1152 1699 1224 1741 καὶ
1251 1702 1439 1742 πλοῦτον
1465 1696 1593 1741 πολὺν
1620 1703 1679 1735 ἰα-

269 1763 414 1814 βόντες
441 1763 607 1817 νικηταὶ
636 1764 695 1812 εἰς
722 1762 803 1818 τήν
831 1763 995 1806 ἑαυτῶν
1021 1767 1143 1818 χώραν
1172 1763 1439 1815 ἀναζεύξουσι,
1467 1762 1566 1818 μήτε
1592 1777 1681 1817 συμ-

270 1833 416 1886 βαλεῖν
445 1828 553 1879 ὅλως
578 1828 693 1878 τινός
720 1834 917 1876 τολμῶντος
941 1829 1084 1879 αὗτοῖς.
1119 1829 1223 1872 ὅταν
1251 1828 1296 1873 δὲ
1325 1828 1566 1879 ἀπόστροφος
1584 1827 1681 1876 ,ἀνί-

358 1940 406 1975 22
426 1941 580 1985 praestat
600 1933 768 1982 ἄπειρον·
790 1949 831 1973 ac
853 1938 903 1973 sic
924 1938 1026 1973 verti.
1050 1938 1097 1972 H.
1230 1939 1275 1973 23
1296 1937 1404 1972 malixn
1423 1935 1526 1982 μηδέ.
1548 1938 1596 1972 Η.

270 2038 365 2074 sibus
395 2038 514 2072 humor
543 2037 775 2082 putrefaciens
801 2049 841 2072 ac
862 2038 1013 2072 laedens.
1060 2037 1203 2072 amnium
1221 2037 1364 2081 eluvies,
1398 2037 1553 2072 imbrium
1572 2036 1678 2071 vehe—

268 2083 467 2118 mentiorum
493 2083 669 2127 delapsus,
709 2082 882 2116 fulminum
912 2083 1070 2116 elisiones
1102 2087 1212 2117 erunt.
1261 2088 1295 2117 et
1327 2088 1438 2116 tamen
1466 2082 1679 2116 nihilominus

267 2128 390 2172 gliscet
416 2127 569 2161 siccitas:
599 2127 678 2160 inde
703 2132 871 2171 perennes
895 2139 1030 2171 quoque
1057 2139 1169 2161 amnes
1197 2132 1407 2161 exarescent.
1453 2127 1484 2161 si
1506 2127 1679 2160 meridiem

266 2176 420 2216 spectat,
443 2171 549 2215 magis
571 2171 670 2204 etiam
695 2172 791 2205 arida
814 2183 853 2205 ac
875 2172 1041 2217 pestifera
1062 2173 1127 2206 erit
1148 2173 1237 2206 aetis
1257 2171 1469 2216 temperatio.
1514 2172 1681 2205 siccescet

267 2216 386 2252 Nilus:
419 2215 498 2248 iude
515 2216 732 2268 serpentibus
754 2216 883 2250 referta
902 2222 1001 2250 erunt
1017 2217 1140 2250 omnia.
1186 2217 1217 2250 si
1239 2216 1510 2261 septentriones,
1541 2216 1678 2250 siccitas

266 2272 306 2295 su
334 2260 486 2294 erabitur
503 2271 522 2293 a
545 2260 673 2303 frlgore
696 2261 823 2301 centri3
845 2260 935 2304 ignis
957 2261 993 2294 in
1016 2262 1118 2295 silvas
1141 2266 1338 2305 montesque
1356 2262 1400 2295 de
1417 2261 1462 2295 im
1488 2261 1602 2294 roviso
1621 2260 1675 2293 in-

267 2273 380 2348 οὶὲει,
410 2309 449 2338 ut
472 2314 582 2348 neque
612 2305 816 2338 rusticantes
844 2316 953 2349 neque
983 2306 1156 2340 castellani
1185 2311 1282 2339 extra
1308 2317 1428 2340 noxam
1478 2305 1565 2340 nturi
1594 2305 1676 2338 sint.

267 2355 395 2384 mortes
418 2348 542 2382 multae
570 2355 688 2392 erunt,
718 2348 901 2394 praecipue
924 2360 987 2393 per
1002 2351 1206 2394 Aegyptum.
1253 2351 1386 2394 quando
1408 2350 1496 2384 idem
1521 2349 1677 2383 exoriens

266 2395 304 2428 in
328 2393 535 2428 occidentem
555 2398 699 2438 spectat,
720 2400 834 2428 terrae
850 2393 995 2439 fulgura,
1019 2395 1204 2441 pecudibus
1226 2394 1400 2429 interitum
1420 2394 1606 2439 praedicit;
1622 2394 1675 2427 in-

268 2439 391 2474 cendia
411 2439 534 2473 acerba
554 2443 665 2472 erunt.

359 2483 414 2517 15.
460 2484 668 2517 Cometes
699 2482 838 2527 proprie
868 2483 919 2517 sic
944 2483 1067 2517 dictus.
1112 2483 1148 2516 id
1169 2483 1263 2517 sidus
1287 2482 1363 2516 Iovi
1389 2482 1602 2517 attribuitur:
1626 2487 1678 2516 est

262 2529 352 2565 adeo
374 2527 510 2572 insigne
537 2531 575 2560 ut
603 2539 646 2560 ex
667 2526 724 2560 illo
747 2538 862 2561 omnes
888 2528 975 2562 aliae
1004 2528 1220 2572 prodigiosae
1247 2527 1366 2561 stellae
1386 2527 1528 2561 crinitae
1548 2538 1676 2561 nuncu—

290 2579 401 2608 entur.
449 2573 480 2607 is
506 2571 638 2617 quando
669 2573 827 2605 ardentes
849 2578 1096 2616 argenteosque
1121 2572 1231 2605 crines
1253 2572 1290 2605 in
1315 2571 1479 2605 orientem
1498 2571 1675 2615 iaculatur,
1730 2603 1734 2606 .

262 2586 349 2654 fove
371 2618 407 2652 in
427 2627 549 2652 cancro
568 2621 627 2650 aut
642 2616 822 2660 scorpione
843 2624 901 2650 aut
922 2618 1071 2660 piscibus
1093 2622 1254 2660 morante,
1288 2616 1426 2650 Parthis
1447 2618 1536 2650 bona
1556 2627 1675 2659 magna

262 2663 446 2709 praedicit.
493 2661 618 2697 etenim
645 2661 806 2695 concitati
833 2666 869 2694 et
899 2663 1162 2695 effervescentes
1188 2661 1225 2694 in
1250 2660 1442 2705 provincias
1463 2660 1578 2705 populi
1600 2661 1672 2694 Ro-

264 2709 354 2742 mani
381 2706 509 2753 oppida
530 2710 567 2740 et
589 2705 727 2740 castella
746 2706 928 2747 tenebunt3
959 2707 1166 2750 captivorum
1189 2706 1321 2739 infinita
1337 2704 1548 2740 multitudine
1569 2716 1671 2748 gaza—

263 2764 330 2797 que
347 2754 490 2797 ingente
505 2751 608 2796 potiti
627 2751 777 2785 victores
794 2750 830 2784 in
850 2762 929 2784 suos
951 2762 990 2785 se
1010 2752 1095 2786 fines
1116 2751 1300 2795 recipient,
1327 2749 1460 2784 nemine
1476 2751 1608 2784 omnino
1630 2761 1673 2782 ne

262 2798 306 2832 ad
326 2809 459 2835 manum
477 2796 613 2843 quidem
635 2795 756 2831 venire
781 2795 848 2830 illis
870 2797 1029 2832 audente.
1075 2795 1197 2842 quodsi
1217 2806 1357 2831 aversus
1373 2795 1526 2830 exoritur
1544 2799 1673 2828 cometa
