1748 3210
246 217 339 262 132
757 215 979 259 IOANNIS
1007 216 1141 259 LYDI

238 329 436 384 ἰ’ππαρχον
456 327 815 383 μετονομάσαντες·
850 329 915 369 καὶ
935 325 1089 384 μάρτυς
1107 326 1312 384 Αὐρήλιος
1333 327 1354 369 ὁ
1375 327 1554 383 νομικός,
1587 329 1662 388 ῥή-

241 411 363 448 μασιν
386 396 518 444 αὐτοῖς
542 396 641 450 πρὸς
661 394 866 451 ἑρμηνείαν
889 393 1043 444 τούτοις
1069 393 1185 436 εἰπών
1212 394 1309 436 “dui
1336 397 1518 451 βραχίων
1545 398 1662 439 εἷπεΐν

239 463 426 517 χρειῶδες
446 463 527 503 ἐστι
548 461 674 503 πόθεν
694 461 766 514 τὴν
786 461 911 516 ἀρχὴν
934 460 954 502 ὅ
977 466 1056 509 τῶν
1075 463 1324 517 πραιτωρῖων
1340 463 1519 516 ὕπαρχος
1538 462 1660 517 ἴσχεν.

243 528 319 569 ἀπὸ
351 533 423 570 τοῦ
455 527 650 582 ἱππάρχου
672 527 698 581 ἢ
721 532 895 582 μᾶλλον·
927 531 980 578 εἷς
999 527 1119 571 τόπον
1138 529 1212 584 γὰρ
1235 529 1377 570 ἐκείνου
1399 529 1468 571 τὸν
1490 529 1662 584 ἔπαρχον

240 599 564 651 προχειρισθῆναι
585 596 718 650 φασίν.
785 601 868 645 τοῖς
884 596 1062 652 ἀρχαίοις
1079 596 1181 638 ἔστιν
1200 593 1260 644 οἷς
1279 594 1305 648 ἦ
1325 600 1433 637 πᾶσα
1452 596 1550 651 πρὸς
1570 601 1692 638 και-5

241 661 310 714 ρὸν
333 662 491 710 ἶξουσιά
512 665 591 703 τῶν
614 659 855 716 πραγμάτων
875 661 1107 705 ἐπιστεύετο.
1175 662 1395 716 ἐπελέγοντο
1412 663 1488 719 γὰρ
1509 661 1662 713 ἑαυτοῖς

239 725 410 781 ἡγεμόνα
428 731 506 768 τῶν
526 727 670 769 ἱππέων
689 730 864 779 ἕκαστον,
900 730 1083 771 κοινωνὸν
1100 730 1229 784 ὥσπερ
1247 733 1319 782 τῆς
1338 730 1462 783 ἀρχῆς
1475 731 1541 771 καὶ
1561 731 1660 771 διοι-

240 792 389 847 κήσεως
408 799 486 835 τῶν
508 795 761 849 πραγμάτων.
826 800 899 837 τοῦ
918 798 959 838 δὲ
980 796 1149 851 κράτους
1169 796 1332 850 ὕστερον
1351 797 1411 837 ἐπὶ
1428 797 1522 846 τούς
1541 796 1660 838 αὖτο-

239 859 437 916 κράτορας
478 862 794 914 μετενεχθέντος,
841 862 940 917 πρὸς
979 862 1164 915 ὁμοίωσιν
1196 867 1268 903 τοῦ
1300 861 1496 918 ἱππάρχου
1530 861 1552 904 ὃ
1583 867 1660 905 τῶν

238 929 488 983 πραιτωρίων
507 932 709 983 προῆλθεν
731 928 912 983 ἔπαρχος.
971 932 1038 970 καὶ
1058 931 1213 971 δέδοται
1235 929 1343 985 αὐτῷ
1358 932 1499 983 μείζων
1518 929 1545 983 ἢ
1564 930 1654 972 κατ’
1670 939 1713 973 10

238 995 381 1036 ἐκεῖνον
402 995 514 1047 ἰσχὺς
534 999 605 1048 τῆς
626 1012 666 1037 τε
692 995 918 1049 διοικήσεως
938 1002 1016 1038 τῶν
1038 996 1280 1052 πραγμάτων
1303 1000 1374 1050 τῆς
1395 1014 1437 1038 τε
1459 995 1660 1038 καταπά-

235 1077 336 1110 σεως
365 1063 430 1102 καὶ
462 1060 664 1115 ἀσκήσεως
688 1067 767 1104 τῶν
797 1062 1101 1117 στρατευμάτων
1129 1066 1194 1104 καὶ
1226 1062 1536 1118 ἐπανορθώσεως
1554 1062 1660 1105 ἁπά-

235 1143 331 1182 σης,
357 1130 422 1169 καὶ
445 1131 499 1177 εἷς
519 1133 708 1170 τοσοῦτον
727 1128 922 1184 ὑπεροχῆς
939 1135 1148 1185 προελθεῖν
1170 1129 1223 1179 ὡς
1244 1132 1380 1184 μηδενὶ
1399 1132 1538 1180 ἐξεῖναι
1561 1130 1661 1186 πρὸς
1714 1148 1718 1151 “

236 1193 369 1250 ἔφεσιν
395 1194 523 1250 ὁρμᾶν
542 1194 568 1248 ἢ
593 1195 694 1244 ὅλως
719 1197 971 1238 ἐκκαλεῖσθαι
1000 1197 1070 1251 τὴν
1095 1198 1218 1238 αὐτοῦ
1238 1197 1407 1252 κρι’σιν.”
1476 1199 1542 1239 καὶ
1572 1195 1659 1239 τότε

235 1261 308 1314 μὲν
332 1259 353 1301 ὃ
378 1259 642 1316 νομογράφος.
1669 1271 1713 1307 15

376 1327 449 1370 15.
507 1327 595 1368 Ὅτι
629 1326 691 1378 δέ,
724 1325 799 1368 κᾶν
831 1327 864 1368 εἲ
891 1326 1010 1379 τυχὸν
1038 1327 1285 1383 πρεσβυτέρα
1319 1331 1384 1368 καὶ
1417 1330 1558 1381 μείζων
1581 1333 1659 1371 τῶν

235 1393 370 1448 ἀρχῶν
403 1392 567 1435 ἁπασῶν
600 1391 820 1449 ε’παρχότης
851 1398 929 1435 τῶν
961 1395 1209 1449 πραιτωρίων
1242 1392 1338 1435 εἶναι
1373 1395 1552 1444 δέδοται,
1593 1397 1660 1436 καὶ

231 1462 419 1515 χρειῶδες
438 1456 487 1513 ἦν
509 1460 593 1514 ἅμα
614 1463 678 1502 καὶ
699 1459 890 1515 ἁρμόδιον
914 1461 968 1501 δι’
996 1460 1090 1514 ὅλης
1114 1460 1236 1514 αὐτῆς
1255 1466 1326 1514 τῆς
1343 1460 1490 1510 τάξεως
1504 1463 1570 1502 καὶ
1588 1463 1658 1503 δυ-

234 1525 389 1579 νάμεως
410 1527 608 1580 ἐξαγαγεῖν
628 1527 696 1569 τὸν
714 1525 850 1581 λόγον·
885 1527 976 1568 ἀλλ’
997 1522 1066 1568 οὖν
1086 1528 1219 1580 ἐπειδὴ
1237 1527 1294 1581 μὴ
1315 1527 1385 1568 ἀπ’
1408 1528 1545 1583 ἀρχῆς,
1579 1528 1658 1569 άπὸ

235 1593 280 1634 δὲ
302 1597 375 1635 τοῦ
392 1592 629 1648 Αὐγούστου
656 1593 742 1635 ἀντὶ
771 1597 843 1635 τοῦ
874 1592 1092 1649 ἱππάρχου,
1127 1593 1181 1643 ὡς
1206 1594 1327 1650 ἔφην,
1361 1597 1655 1651 προεχειρίσθη,
1667 1604 1712 1640 20

323 1722 343 1755 1
376 1720 470 1754 locus
492 1719 642 1763 Aurelii,
677 1720 786 1764 qualis
809 1731 898 1754 nunc
919 1721 956 1754 in
977 1720 1130 1764 Digestis
1159 1722 1207 1764 (1
1231 1721 1285 1755 tit.
1310 1722 1377 1765 11)
1410 1724 1540 1766 exstat,
1571 1733 1658 1755 non-

320 1766 410 1799 nulla
428 1766 530 1799 habet
548 1777 568 1798 a
585 1765 684 1807 Lydo
704 1778 769 1799 non
789 1777 963 1811 expressa.
987 1767 1031 1800 F.
1167 1767 1190 1800 3
1213 1762 1233 1800 ὁ
1255 1767 1356 1810 vulgo
1375 1778 1441 1800 om.
1577 1767 1600 1800 4
1619 1762 1658 1808 ἢ,

320 1810 357 1844 ni
380 1810 497 1853 fallor,
520 1810 710 1844 delendum.
756 1811 802 1844 cf.
825 1813 841 1843 1
866 1812 911 1845 33
934 1815 969 1844 et
990 1812 1013 1844 2
1038 1812 1080 1846 12
1100 1811 1247 1852 μᾶλλον,
1269 1812 1315 1846 F.
1439 1810 1460 1845 5
1482 1810 1594 1853 φασίν
1612 1812 1656 1854 F,

318 1865 430 1889 πασιν
463 1856 507 1889 C.
717 1856 739 1889 7
773 1855 849 1899 lego
887 1853 1045 1894 ἕκαστος.
1089 1857 1133 1889 F.
1330 1856 1352 1890 9
1390 1853 1410 1890 ὁ
1451 1854 1551 1899 vulgo
1589 1867 1655 1889 om.

322 1901 363 1934 11
387 1911 424 1933 τε
442 1899 549 1934 διοικ.
566 1901 609 1944 F,
632 1898 671 1934 δὲ
690 1899 798 1933 διοικ.
822 1901 864 1934 C.
1004 1901 1045 1934 14
1067 1898 1188 1944 ἔφεσιν
1203 1901 1246 1942 F,
1271 1898 1401 1943 ἄφεσιν
1417 1900 1459 1934 C.
1579 1911 1658 1933 mox

320 1945 352 1978 F
371 1942 609 1988 ἐγκαλεῖσθαι.
772 1945 848 1988 lego
866 1943 963 1979 τόδε.
987 1946 1032 1979 F.
1198 1947 1239 1980 16
1258 1945 1334 1989 lego
1357 1943 1659 1989 πρεσβυτέραν-

323 1986 560 2032 ἐπαρχότητα.
578 1991 624 2024 F.
670 1989 753 2024 mihi
773 1990 908 2024 facilius
929 1990 1039 2024 visum
1060 1989 1166 2033 μείζω
1190 1994 1320 2024 mutare
1343 1989 1379 2023 in
1400 1990 1539 2033 μείζων.

232 2097 482 2142 gnominarunt.
529 2099 628 2133 testis
657 2103 711 2133 est
738 2099 895 2133 Aurelius
927 2098 1206 2143 iurisconsultus,
1241 2099 1336 2134 cuius
1366 2100 1443 2144 ipsa
1467 2102 1575 2134 verba
1598 2112 1655 2134 se-

232 2144 375 2176 cundum
396 2143 588 2178 versionem
607 2145 691 2178 haec
709 2150 803 2178 sunt:
824 2142 1011 2178 “breviter
1031 2157 1291 2179 commemorare
1311 2157 1451 2179 necesse
1473 2150 1545 2189 est,
1567 2147 1657 2180 unde

230 2187 364 2220 initium
387 2189 581 2240 praefectus
605 2190 778 2232 praetorio
797 2189 966 2222 habuerit.
1013 2201 1034 2223 a
1056 2190 1218 2233 magistro
1241 2190 1391 2235 equitum
1414 2191 1590 2234 profecto:
1619 2190 1658 2224 in

231 2232 321 2265 illius
349 2244 436 2266 emm
458 2233 566 2267 locum
588 2235 798 2277 praefectum
822 2233 996 2278 praetorio
1022 2241 1171 2268 creatum
1193 2247 1268 2269 esse
1291 2235 1398 2268 aiunt.
1445 2236 1536 2280 apud
1555 2239 1654 2268 vete-

230 2288 287 2311 res
335 2277 510 2311 uibusdam
542 2279 648 2312 omnis
674 2290 786 2313 rerum
815 2278 1063 2312 administratio
1093 2281 1136 2313 ad
1163 2285 1295 2325 tempus
1318 2280 1534 2314 credebatur.
1568 2291 1655 2323 ¹nam

232 2289 407 2365 eliggbant
428 2322 495 2356 sibi
517 2323 662 2367 quisque
690 2324 885 2367 magistrum
920 2323 1070 2368 equitum
1093 2325 1220 2357 socium
1246 2324 1344 2368 quasi
1370 2323 1505 2369 imperii
1535 2329 1571 2357 et
1602 2323 1655 2358 rei

233 2365 392 2412 publicae
422 2367 720 2403 administrandae.
780 2373 902 2412 postea
932 2380 1016 2402 vero
1047 2381 1174 2402 summa
1209 2380 1321 2402 rerum
1357 2369 1401 2402 ad
1430 2368 1655 2414 imperatores

235 2411 421 2456 translata,
456 2413 500 2447 ad
527 2413 779 2447 similitudinem
801 2413 956 2457 magistri
983 2425 1002 2446 e
1029 2414 1132 2447 uitum
1155 2414 1349 2458 praefectus
1375 2413 1549 2458 praetorio
1571 2425 1653 2458 pro-

235 2455 322 2499 diit,
343 2457 488 2501 dataque
506 2463 561 2491 est
578 2457 611 2491 ei
628 2457 736 2491 maior
755 2469 854 2501 quam
875 2459 990 2492 fuerat
1005 2459 1018 2491 i
1032 2459 1095 2493 lius
1114 2463 1288 2503 potestas,
1313 2469 1386 2491 cum
1407 2458 1444 2491 in
1466 2459 1570 2492 rebus
1592 2458 1654 2492 ad—

235 2501 484 2545 ministrandis,
518 2508 589 2536 tum
614 2503 649 2535 in
675 2502 882 2536 exercitibus
907 2508 942 2536 et
963 2503 1181 2537 instituendis
1208 2508 1244 2536 et
1270 2503 1492 2547 exercendis,
1524 2508 1595 2537 tum
1617 2502 1654 2537 in

233 2546 323 2579 omni
350 2546 529 2592 disciplina
561 2548 788 2589 emendanda3
826 2558 913 2592 quae
937 2548 1071 2592 quidem
1095 2559 1136 2582 eo
1163 2558 1348 2591 progressa
1369 2553 1440 2591 est,
1469 2553 1507 2582 ut
1527 2547 1654 2581 nemini

233 2590 406 2668 aplpellare
433 2598 491 2627 aut
513 2592 647 2626 omnino
670 2592 829 2627 incusare
852 2592 925 2626 eius
948 2593 1153 2627 senteutiam
1174 2589 1334 2627 liceret.”
1379 2593 1466 2628 haec
1484 2592 1651 2627 iuriscon-

234 2645 274 2668 su
289 2641 357 2670 tus.

326 2681 380 2714 15.
426 2681 594 2722 Quoniam
613 2693 697 2716 vero
710 2708 720 2725 ‚
748 2681 902 2727 quamvis
923 2682 1016 2716 forte
1035 2682 1205 2716 vetustior
1224 2682 1378 2717 omnibus
1397 2681 1651 2726 magistratibus

233 2723 443 2769 ampliorque
460 2726 508 2760 sit
528 2727 745 2782 praefectura
765 2727 948 2771 praetorii,
981 2738 1021 2760 ac
1046 2739 1187 2761 necesse
1208 2727 1306 2761 simul
1324 2737 1575 2771 congruumque
1593 2731 1649 2760 to-

234 2773 314 2802 tum·
335 2770 408 2804 eius
447 2772 595 2806 officmm
626 2777 898 2816 potestatemque
933 2773 1123 2806 enarrando
1159 2772 1341 2817 persequi:
1378 2783 1496 2806 verum
1524 2777 1650 2813 tannen,

232 2814 391 2857 quoniam
416 2826 483 2850 non
514 2816 634 2862 initio,
671 2818 734 2852 sed
765 2818 808 2851 ab
835 2819 988 2862 Augusto
1019 2829 1083 2863 pro
1111 2818 1274 2862 magistro
1305 2817 1472 2862 equitnm,
1508 2822 1548 2852 ut
1566 2815 1650 2858 dixi,
