1748 3210
203 167 300 212 232
726 166 946 210 IOANNIS
979 167 1109 209 LYDI

200 278 369 335 ι’σχυρᾶν
399 278 420 320 ὃ
447 278 634 333 βασιλεὺς
663 277 764 332 μετὰ
784 280 928 318 καλ...
957 273 1165 331 ἇνίστησε,
1197 282 1431 336 περινοστῶν
1451 277 1536 333 ἅμα
1557 280 1623 321 καὶ

200 345 512 403 περιθεώμενος,
541 344 638 398 μήτε
667 349 746 385 τῶν
773 343 966 385 ἀνέκαθεν
991 341 1246 398 ὑπαρξάντων
1275 346 1374 402 αὐτῇ
1397 345 1624 402 γνωρισμά-

200 430 280 456 των
311 414 334 454 ὃ
360 413 417 467 μὴ
443 411 542 465 μετὰ
575 409 810 467 προσθήκης
837 414 916 451 τῶν
945 410 1094 466 ἀρετῶν
1120 408 1327 463 ὗπολάβοι.
1393 413 1483 454 ἀλλ’
1516 413 1576 454 ὅτι
1602 410 1623 453 ὁ

197 479 354 535 χρόνος,
378 477 614 531 λυμαντικὸς
635 476 689 518 ὢν
710 477 812 519 κατὰ
832 475 964 533 φύσιν,
992 477 1042 519 τὰ
1061 478 1189 518 πολλὰ
1208 481 1287 518 τῶν
1302 481 1373 531 τῆς
1390 481 1627 533 πειθομένης

200 551 252 601 τῇ
277 547 382 600 ἀρχῇ
402 544 549 594 τάξεως
568 542 742 599 χρειώδη
773 543 859 597 ἅμα
890 546 957 586 καὶ
981 542 1126 597 κόσμια
1146 543 1172 598 ἢ
1194 547 1392 593 παντελῶς
1417 545 1572 598 ἔσβεσεν
1595 545 1657 599 ’ἢό

201 616 390 653 τοσοῦτον
411 609 619 664 ἐνήμειψεν
640 609 695 661 ὡς
719 611 825 664 ἴχνος
845 611 1022 667 ἀμυδρὸν
1045 616 1124 653 τῶν
1143 611 1236 652 ποτὲ
1255 613 1565 663 θαυμαζομένων
1580 612 1625 654 τὸ

201 678 338 719 λοιπὸν
355 676 577 728 διασώζειν,
610 682 680 732 τῆς
700 679 772 731 μὲν
792 678 916 733 ἀρχῆς
938 679 978 719 ἐν
997 682 1048 733 τῇ
1071 678 1241 736 σφετέρᾳ
1261 676 1425 730 δυνάμει
1443 693 1627 720 συνιστα-

198 744 341 798 μένης,
380 749 451 798 τῆς
473 745 515 786 δὲ
534 743 682 794 τάξεως
701 748 771 787 νῦν
787 746 860 799 μὲν
882 746 925 786 ἐκ
948 749 1026 787 τῶν
1048 745 1193 798 ἐκείνης
1211 747 1477 800 παραλλαγῶν
1495 748 1565 786 νῦν
1586 746 1629 787 δὲ

200 813 244 852 ἐκ
265 815 344 852 τῶν
365 813 516 853 οἰκείων
535 811 759 870 ῥᾳθυμιιῢν,
794 815 828 853 εἷ
846 811 903 865 μὴ
923 813 1021 861 θεὸς
1039 814 1104 853 καὶ
1120 811 1310 865 βασιλεὺς
1327 806 1442 860 οὗτος
1459 809 1482 852 ὅ
1502 808 1631 854 πάντα

202 878 322 927 καλὸς
342 876 552 934 ἐπεκούρει,
587 878 698 932 ἐγγὺς
718 882 772 927 εἷς
788 882 959 932 παντελῆ
976 877 1190 920 κατάλυσιν
1211 876 1530 932 ὀλισθαινούσης.
1596 879 1630 920 εἰ
1642 881 1684 917 10

202 945 251 986 δέ
268 961 344 986 που
365 943 496 997 τυχόν,
530 949 586 1000 τῷ
604 947 692 1000 περὶ
709 945 779 997 τὴν
799 945 932 998 κοινὴν
953 946 1182 998 ἐλευθερίαν
1203 943 1320 1001 ζήλῳ,
1350 945 1455 994 τινὸς
1474 948 1553 986 τῶν
1572 944 1631 999 μὴ

201 1011 305 1053 κατὰ
332 1011 478 1053 σκοπὸν
506 1016 578 1065 τῆς
596 1012 792 1064 βασιλέως
811 1013 1108 1066 καλοκαγαθίας
1127 1013 1199 1061 τὰς
1217 1012 1344 1066 ἀρχὰς
1366 1010 1633 1053 διανυσάντων

201 1075 436 1133 δριμύτερον
462 1078 592 1132 ἠρέμα
622 1079 769 1133 προϊὼν
800 1076 820 1118 ὅ
849 1077 964 1132 λόγος
989 1077 1246 1132 καθάψεται,
1291 1078 1348 1131 μὴ
1378 1085 1466 1127 ταῖς
1492 1078 1633 1133 ἀρχαῖς

200 1145 340 1193 αὗταῖς
358 1144 459 1185 ἀλλὰ
478 1151 559 1192 τοῖς
578 1143 624 1184 οὐ
638 1142 914 1198 προσηκόντως
930 1145 1269 1199 ἀποχρησαμένοις
1284 1145 1421 1194 αὗταΐς
1439 1144 1512 1198 τὴν
1533 1144 1632 1198 ἄγα-

199 1209 388 1263 νάκτησιν
421 1210 458 1251 οἳ
488 1207 705 1265 σωφρόνως
731 1213 786 1259 εἷς
813 1210 863 1251 τὰ
891 1209 1105 1265 πράγματα
1132 1211 1342 1263 βλέποντες
1370 1211 1630 1266 ἆναγέτωσαν.
1645 1216 1686 1250 15

203 1275 295 1318 οὐδὲ
319 1277 394 1331 γὰρ
414 1276 507 1325 τοὺς
523 1276 668 1325 κακοὺς
685 1277 850 1330 ἐλέγχειν
867 1275 988 1329 μόνον
1010 1275 1030 1318 ὃ
1053 1275 1166 1331 λόγος
1187 1275 1410 1330 ἐτόλμησεν,
1444 1277 1546 1318 ἀλλὰ
1567 1279 1634 1319 καὶ

201 1342 296 1391 τοὺς
314 1341 507 1397 ἀγαθούς,
538 1346 572 1384 εἰ
589 1345 653 1383 καὶ
673 1343 729 1397 μὴ
751 1343 840 1384 κατ’
865 1344 991 1394 ἀξίαν,
1026 1343 1254 1397 ἐκόσμησεν.
1296 1342 1399 1384 οὕτω
1423 1343 1500 1399 γὰρ
1519 1341 1635 1399 ὑβρί-

201 1411 279 1460 ζειν
297 1411 369 1462 μέν
386 1410 457 1463 τὴν
476 1411 703 1465 ἐλευθερίαν
722 1412 787 1451 καὶ
813 1409 1049 1466 σπαράττειν
1071 1411 1164 1460 τοὺς
1180 1409 1378 1463 ὑπηκόους
1399 1410 1436 1451 οἶ
1456 1411 1524 1451 τὸν
1543 1409 1636 1464 ὅρον

201 1480 273 1530 τῆς
293 1478 418 1532 ἀρχῆς
437 1477 665 1531 ἀγνοοῦντες
683 1476 1005 1532 ἐντραπήσονται,
1026 1478 1065 1518 οἵ
1079 1495 1119 1520 τε
1139 1479 1342 1531 ζηλοῦντες
1358 1477 1431 1530 τὴν
1439 1477 1636 1529 βασιλέως

201 1541 408 1597 πραότητα
431 1545 495 1584 καὶ
516 1543 615 1598 πρὸς
636 1543 708 1592 τὰς
725 1543 848 1592 ἄλλας
870 1544 1011 1599 ἀρετὰς
1035 1545 1157 1586 αὐτοῦ
1178 1544 1263 1594 ὀξεῖ
1276 1549 1332 1601 τῷ
1352 1541 1490 1600 δρόμῳ
1508 1549 1690 1586 σπου-20

201 1608 384 1652 δάσουσι.
451 1610 588 1666 καιρὸς
619 1611 661 1650 δὲ
690 1609 770 1665 ἄρα
799 1611 871 1663 τὴν
893 1609 1093 1666 ἀφήγησιν
1117 1613 1288 1652 διελθεῖν
1313 1612 1380 1652 καὶ
1405 1611 1479 1659 τὰς
1509 1612 1637 1659 αἰτίας

203 1678 323 1717 εἰπεῖν
354 1670 409 1718 ὧν
441 1677 552 1718 ἕνεκα
587 1676 636 1718 τὰ
673 1682 743 1730 τῆς
776 1675 923 1727 τάξεως
953 1679 1015 1719 ἐπὶ
1047 1674 1242 1732 τοσαύτην
1269 1676 1486 1732 ἐναλλαγὴν
1513 1693 1635 1730 κατη-

199 1742 339 1797 νὲχθη.

294 1849 313 1881 1
337 1846 475 1880 videtur
496 1847 603 1882 fuisse
625 1847 773 1887 καλούς.
798 1848 842 1882 F.
962 1849 985 1883 3
1002 1844 1084 1882 ἀλλ’
1107 1843 1178 1892 ὅτι]
1202 1848 1400 1882 coniectura
1417 1859 1460 1881 ex
1479 1846 1636 1892 reliquiis

289 1891 479 1926 literarum.
498 1894 543 1927 1⁴¹.
565 1893 678 1938 aptius
697 1890 772 1926 ἀλλ’
792 1887 874 1927 οὖν.
943 1896 987 1928 10
1002 1891 1262 1937 ὅλισθενούσης
1270 1894 1313 1927 C.
1381 1894 1426 1926 20
1441 1889 1581 1931 αὐτοὺς
1592 1893 1634 1926 C.

201 2012 357 2046 mamque
377 2002 566 2047 potentiam
583 2003 771 2048 imperator
788 2014 862 2038 cum
878 2001 979 2037 bonis
990 2002 1170 2046 extulerit,
1189 2002 1388 2036 circumiens
1406 2013 1474 2035 una
1493 2002 1639 2035 circum-

201 2047 433 2091 spiciensque,
457 2060 568 2092 neque
587 2049 688 2082 ullum
704 2049 919 2093 antiquorum
935 2048 1007 2082 eius
1025 2053 1307 2091 ornamentorum,
1323 2048 1411 2091 quod
1429 2059 1496 2080 non
1511 2047 1637 2080 additis

200 2091 387 2126 virtutibus
398 2092 602 2126 restituerit.
620 2095 682 2127 sed
693 2095 781 2127 enim
791 2099 935 2137 tempu5‚
945 2098 1066 2126 natura
1076 2104 1137 2126 sua
1145 2104 1282 2135 nocens,
1291 2091 1431 2138 plurima
1440 2092 1637 2135 apparentis

202 2136 418 2179 magistratui
442 2137 548 2169 officii
570 2138 667 2171 utilia
685 2139 782 2172 simul
802 2143 838 2171 et
854 2139 979 2171 decora
997 2143 1056 2171 aut
1076 2138 1212 2182 penitus
1237 2137 1411 2179 exstinxit,
1433 2142 1492 2170 aut
1507 2141 1638 2170 tantum

204 2180 398 2214 immutavit
417 2185 456 2214 ut
475 2181 720 2216 admirabilium
744 2183 911 2228 quondam
933 2184 1111 2216 obscurum
1138 2193 1226 2215 nunc
1246 2181 1428 2225 vestigium
1446 2186 1638 2223 conservet,

205 2230 320 2259 stante
337 2225 473 2268 quidem
494 2237 556 2259 sua
577 2227 789 2270 magistratui
806 2232 990 2271 potestate,
1015 2227 1130 2260 officio
1151 2231 1275 2270 autem,
1299 2227 1397 2260 modo
1422 2237 1465 2259 ex
1483 2226 1556 2259 eius
1574 2225 1649 2259 im-.

205 2269 447 2304 mutationibus
471 2272 569 2304 modo
594 2284 636 2305 ex
659 2273 890 2316 apparitorum
912 2272 1051 2315 ignavia
1076 2272 1160 2314 (nisi
1181 2273 1265 2306 deus
1290 2276 1326 2305 et
1348 2271 1404 2304 hic
1425 2270 1460 2303 in
1485 2270 1640 2303 omnibus

205 2314 366 2358 egregius
389 2315 574 2359 imperator
596 2328 694 2360 opem
714 2318 856 2360 ferant),
882 2328 991 2361 paene
1010 2317 1162 2350 funditus
1184 2322 1364 2360 pereunte.
1409 2314 1520 2349 sicubi
1541 2325 1638 2357 vero,

204 2359 388 2392 communis
408 2359 577 2393 libertatis
599 2361 726 2402 studio,
751 2373 866 2395 eorum
887 2361 1032 2405 aliquem
1056 2362 1114 2405 qui
1136 2373 1203 2394 non
1225 2362 1409 2394 secundum
1427 2359 1638 2403 propositum

203 2403 366 2447 generosi
391 2404 605 2449 imperatoris
638 2406 892 2450 magistratibus
922 2408 1146 2450 praefuerunt
1173 2405 1329 2439 acerbius
1361 2405 1470 2446 forte,
1505 2403 1639 2447 placide

203 2448 447 2493 progrediente
467 2450 695 2492 enarratione,
714 2451 927 2493 incusaveru,
948 2463 1014 2484 non
1033 2451 1118 2495 ipsis
1135 2449 1389 2494 magistratibus
1409 2450 1469 2482 sed
1489 2448 1532 2482 iis
1551 2447 1640 2482 male

203 2493 321 2527 abusis
339 2493 512 2537 sapientes
533 2505 646 2528 rerum
669 2495 902 2528 aestimatores
920 2496 1186 2539 indignationem
1204 2495 1369 2528 tribuant.
1418 2504 1530 2538 neque
1549 2493 1639 2526 enim

204 2539 435 2572 tantummodo
461 2538 564 2573 malos
584 2551 744 2573 accusare
767 2551 868 2573 ausus
892 2552 976 2582 sum,
1000 2541 1063 2574 sed
1086 2546 1121 2573 et
1141 2541 1263 2582 bonos,
1284 2539 1351 2574 etsi
1369 2550 1436 2572 nen
1454 2549 1517 2582 pro
1534 2536 1638 2571 meri·

206 2582 252 2616 tis
265 2608 274 2624 ‚
300 2583 433 2617 ornavi.
479 2584 530 2618 sic
553 2584 680 2629 quippe
705 2584 869 2618 insultare
891 2584 1044 2618 libertati
1067 2590 1103 2618 et
1123 2584 1313 2618 dilacerare
1335 2583 1450 2625 cives,
1484 2582 1543 2628 qui
1565 2593 1637 2616 mo-

205 2627 284 2661 dum
303 2627 439 2671 imperii
455 2627 624 2672 ignorant,
649 2630 871 2671 erubescent3
895 2635 930 2663 et
953 2630 1012 2674 qui
1031 2628 1247 2673 imperatoris
1266 2627 1556 2662 mansuetudinem
1578 2637 1637 2660 ae-

206 2671 397 2715 mulantur,
422 2673 466 2706 ad
482 2673 631 2718 reliquas
650 2674 751 2708 etiam
774 2674 847 2708 eius
871 2674 1016 2708 virtutes
1038 2675 1142 2708 citato
1161 2675 1269 2717 gradu
1287 2673 1506 2707 contendent.
1551 2674 1636 2722 “¹¹¹5

207 2726 272 2760 pus
295 2716 412 2761 itaque
436 2723 490 2751 est
511 2719 759 2753 enarrationem
786 2719 973 2765 persequi,
1005 2729 1193 2763 causasque
1219 2720 1264 2753 ob
1293 2729 1379 2763 quas
1406 2722 1504 2752 tanta
1530 2714 1637 2750 offioni

209 2760 351 2796 mutatio
371 2762 504 2797 exstitit
520 2763 667 2798 referre.
