1748 3210
421 174 498 218 DE
530 171 980 218 MAGISTRATIBUS
1013 172 1062 215 P.
1088 171 1142 215 R.
1175 171 1281 215 LIB.
1305 171 1341 215 1.
1516 169 1612 216 141

155 287 352 346 ἐνέργειαν
381 290 701 345 παραδηλοῦντι,
729 288 910 344 λέγουσι,
940 288 1006 329 καὶ
1036 287 1291 344 κυεριμονίας
1317 287 1384 328 καὶ
1414 284 1614 343 κυερήλας

135 357 229 408 'mig
245 357 435 412 μέμψεις.

291 425 369 470 26.
431 426 568 474 ‘'07th
587 424 630 466 δὲ
646 423 705 478 μὴ
722 423 843 478 τυχὸν
861 423 1126 479 τεχνολογίαις
1139 422 1316 478 τάληθὲς
1339 421 1517 477 δόξωμεν
1537 438 1611 465 σο-

156 494 346 552 φίζεσθαι
357 527 369 545 ,
405 493 506 549 πρὸς
534 498 612 535 τῶν
641 494 730 549 περὶ
754 497 881 535 ταῦτα
902 492 1184 547 ἠσχολημένων
1204 489 1418 546 μάθωμεν.
1486 494 1528 533 Γ
1525 490 1612 540 &rog

120 571 145 609 5
157 563 288 617 τοίνυν
304 561 326 604 ὃ
344 561 507 616 νομικὸς
522 563 563 604 ἓν
582 565 640 618 τῷ
658 561 964 617 ἐπιγραφομένῳ
981 561 1082 617 παρ’
1107 561 1232 603 αὐτοῦ
1249 560 1301 602 ad
1317 563 1454 615 legem
1474 564 1526 603 12
1546 569 1612 602 ta·

154 632 341 674 bularum
376 629 494 687 (οἷον
525 633 580 680 εἷς
605 629 675 672 τὸν
692 627 816 683 νόμον
837 633 911 671 τοῦ
933 630 1343 683 δυοκαιδεκαδέλτου)
1379 630 1518 679 αὐτοῖς
1538 627 1612 686 ῥή-

979 695 1038 711 tte

152 717 253 754 μασι
274 699 376 757 πρὸς
395 698 606 757 ἑρμηνείαν
627 696 755 740 ταῦτά
778 714 914 755 φησιν.
1010 715 1065 748 ως
1088 699 1132 740 δὲ
1155 698 1199 740 τὸ
1222 697 1520 755 γαζοφυλάκιον
1540 701 1613 740 τοῦ

154 767 286 822 δήμου
317 771 372 819 εἷς
401 770 577 812 ἐπίδοσιν
602 761 728 821 ἦλθε,
763 767 1126 823 προεχειρίσθησαν
1154 768 1402 823 κυαίστωρες
1419 765 1519 824 ὑπὲρ
1541 770 1614 822 τῆς

154 837 279 879 αὐτοῦ
299 839 535 894 φροντίδος,
567 835 646 877 ἀπὸ
663 839 735 890 τῆς
750 833 1038 891 περιποιήσεως
1058 836 1124 876 καὶ
1150 838 1335 891 φυλακῆς
1356 840 1436 877 τῶν
1445 834 1613 892 χρημά-

97 916 235 952 1οτων
269 904 397 956 οὕτως
423 905 727 958 ὀνομασθέντες.
797 903 932 957 ἐπειδὴ
966 904 1008 944 δὲ
1044 905 1133 960 περὶ
1167 907 1388 959 κεφαλικῆς
1418 906 1614 961 τιμωρίας

153 974 226 1016 οὐκ
245 975 337 1029 ἐξῆν
355 981 440 1024 τοῖς
459 973 629 1030 ἄρχουσι
650 971 753 1014 κατὰ
768 969 969 1026 Ῥωμαίου
987 973 1152 1014 πολίτου
1175 974 1463 1028 ψηφίσασθαι,
1491 989 1613 1030 προε-

149 1041 372 1097 βλήθησαν
403 1044 648 1098 κυαίστωρες
678 1041 953 1098 παρρικίδιοι”
997 1038 1140 1083 ὡσανεὶ
1172 1042 1303 1097 κριταὶ
1333 1043 1399 1082 καὶ
1427 1043 1614 1083 δικασταὶ

149 1098 229 1152 τῶν
249 1113 415 1161 πολίτας
437 1109 670 1153 ἀνελόντων.
738 1111 981 1167 παρρικίόας
1005 1110 1047 1151 δὲ
1060 1108 1252 1164 Ῥωμαῖοι
1272 1107 1497 1164 ὁμωνύμως
1518 1108 1614 1160 τούς

148 1196 192 1222 τε
222 1180 369 1234 γονέων
400 1179 495 1230 τούς
522 1196 563 1221 τε
592 1183 765 1221 πολιτῶν
786 1180 934 1235 φονέας
951 1179 1220 1229 ἀποκαλοῦσι,
1256 1179 1453 1236 παρέντης
1474 1177 1612 1222 ἑκατέ-

95 1259 139 1295 15
152 1265 248 1305 ρους
276 1247 654 1305 προσαγορεύοντες.
724 1248 927 1304 διαφορὰν
956 1248 999 1288 δὲ
1025 1249 1087 1290 ἐπὶ
1113 1252 1185 1302 τῆς
1215 1248 1442 1300 ἐπωνυμίας
1460 1246 1611 1303 ταύτην

148 1317 373 1372 παρέχουσί
390 1330 500 1358 τινα·
536 1317 815 1364 συστέλλοντες
832 1316 910 1371 γὰρ
928 1316 1000 1369 τὴν
1016 1314 1177 1372 πρώτην
1197 1317 1404 1370 συλλαβὴν
1421 1318 1487 1358 καὶ
1503 1320 1612 1373 βρα-

144 1391 260 1440 χεῖαν
295 1388 501 1435 ποιοῦντες
531 1383 627 1433 τοὺς
654 1384 817 1439 γονέας,
853 1385 1087 1434 ἐκτείνοντες
1115 1386 1158 1426 δὲ
1186 1385 1280 1435 τοὺς
1308 1383 1511 1440 ὑπηκόους
1536 1402 1611 1441 ση-

147 1454 372 1508 μαίνουσιν.

285 1521 364 1566 27.
436 1523 508 1578 Τῷ
539 1521 582 1562 δὲ
609 1520 730 1576 τρίτῳ
761 1522 828 1562 καὶ
855 1522 1121 1578 διακοσιοστῷ
1140 1525 1220 1563 τῶν
1242 1519 1408 1563 ὖπάτων
1428 1523 1610 1581 ἐνιαυτῷ,

90 1588 213 1635 eoin}
247 1593 319 1644 τῆς
346 1587 540 1639 ὗπατείας
564 1586 781 1643 Ῥηγούλου
822 1591 889 1631 καὶ
919 1589 1107 1640 Ἰουνίου,
1152 1589 1373 1646 κρινάντων
1400 1588 1610 1644 Ῥωμαίων

148 1662 334 1712 πολεμεῖν
351 1664 436 1707 τοῖς
455 1655 745 1711 συμμαχήσασι
764 1656 923 1715 Πύρρῳ
943 1663 1002 1715 τῷ
1015 1658 1265 1716 Ἠπειρώτῃ,
1300 1658 1608 1715 κατεσκευάσθη

147 1725 292 1777 στόλος
308 1729 375 1769 καὶ
393 1726 711 1783 προεβλήθησαν
734 1726 772 1768 οἳ
792 1725 1031 1781 καλούμενοι
1049 1730 1258 1771 κλασσικοὶ
1285 1728 1432 1782 (οἱονεὶ
1451 1727 1608 1786 ναυάρ-

238 1857 262 1892 7
298 1856 447 1891 forsitan
485 1861 521 1890 et
556 1856 614 1890 hic
648 1856 769 1900 Lydus
809 1856 960 1900 erravit,
998 1868 1039 1891 ac
1061 1857 1245 1904 Pomponii
1267 1859 1378 1893 verba
1402 1858 1565 1904 (Digest.
1588 1860 1606 1894 1

237 1902 295 1938 tit.
318 1904 342 1937 2
362 1905 412 1946 2)
437 1903 524 1936 Caio
546 1902 684 1937 tribuit.
709 1904 755 1937 F.
915 1903 957 1938 16
980 1903 1156 1948 βραχεῖαν
1178 1904 1375 1946 ποιοῦντες
1391 1905 1444 1950 F,
1468 1904 1608 1951 βροχὴν

236 1949 441 1994 πυροῦντες
457 1950 500 1983 C.
637 1949 682 1983 22
703 1947 1010 1995 προσεβλήθησαν
1026 1950 1143 1994 vulgo.

144 2061 189 2098 τὸ
212 2061 427 2107 μέμφομαι,
459 2062 570 2095 verbo
601 2061 790 2104 communi,
821 2061 985 2095 affectum
1005 2060 1106 2094 simul
1130 2062 1371 2108 actionemque
1394 2063 1606 2111 declarante,

145 2109 284 2151 dicunt,
309 2120 374 2142 nec
396 2119 464 2141 non
489 2106 721 2152 querimonias
739 2113 776 2140 et
793 2106 952 2151 querelas
975 2105 1044 2145 τὰς
1065 2105 1232 2149 μέμψεις.

235 2155 294 2190 26.
340 2154 398 2188 Ne
427 2159 540 2187 autem
571 2153 663 2186 forte
693 2154 879 2186 verborum
902 2153 1050 2196 argutiis
1073 2153 1235 2188 veritatis
1260 2156 1411 2200 speciem
1435 2168 1607 2202 quaerere

146 2200 349 2243 videamur,
384 2200 428 2233 ab
460 2198 503 2232 iis
536 2198 597 2243 qui
619 2198 656 2232 in
681 2198 746 2232 hoc
774 2205 976 2243 argumento
1001 2198 1133 2233 versati
1156 2205 1236 2234 sunt
1264 2201 1448 2237 discamus.
1498 2204 1606 2238 Caius

145 2245 256 2290 igitur
285 2244 568 2287 iurisconsultus,
603 2243 639 2278 in
672 2244 761 2278 libro
797 2256 898 2290 quem
922 2244 1102 2289 inscripsit
1122 2246 1171 2278 ad
1193 2247 1304 2291 legem
1329 2249 1371 2282 12
1392 2250 1605 2293 tabularum,

146 2291 234 2327 haec
258 2291 320 2326 ait.
366 2287 475 2325 “cum
492 2295 606 2324 autem
624 2290 795 2324 aerarium
819 2290 939 2336 populi
957 2291 1090 2324 auctius
1111 2302 1190 2325 esse
1210 2293 1404 2338 coepisset,
1430 2301 1470 2328 ut
1487 2302 1607 2330 essent

146 2338 208 2383 qui
231 2337 265 2372 ei
286 2342 508 2382 praeessent,
532 2337 712 2370 constituti
735 2342 960 2382 quaestores,
986 2335 1071 2370 dicti
1095 2338 1140 2371 ab
1164 2349 1206 2371 eo
1231 2340 1324 2382 quod
1347 2340 1605 2385 conquirendae

147 2389 182 2418 et
216 2384 474 2418 conservandae
504 2382 674 2428 pecuniae
707 2395 811 2418 causa
839 2383 950 2418 creati
982 2387 1093 2417 erant.
1143 2388 1181 2418 et
1203 2383 1286 2429 quia
1306 2386 1350 2420 de
1375 2386 1490 2432 capite
1516 2387 1604 2422 civis

145 2429 294 2464 Romani
311 2441 381 2464 non
401 2429 532 2463 licebat
549 2429 808 2474 magistratibus
837 2429 891 2463 ius
918 2429 1054 2471 dicere,
1089 2433 1278 2474 propterea
1303 2432 1607 2467 constituebantur

145 2481 350 2521 quaestores
370 2475 551 2522 parricidii
574 2475 699 2520 (quasi
717 2475 934 2520 quaesitores
951 2475 1156 2520 iudicesque
1174 2487 1292 2510 eorum
1314 2477 1374 2524 qui
1393 2478 1488 2512 cives
1508 2479 1603 2516 occi-

146 2521 321 2566 dissent).
333 2519 353 2533 ’'
399 2522 591 2567 parricidas
615 2527 730 2555 autem
753 2522 902 2556 Romani
924 2526 959 2555 et
976 2527 1156 2566 parentem
1180 2527 1217 2556 et
1242 2522 1369 2558 civium
1394 2524 1602 2561 interfecto-

146 2579 204 2603 res
236 2567 334 2602 iuxta
361 2572 508 2612 vocant,
540 2573 706 2614 parentes
729 2572 896 2614 utrosque
917 2566 1146 2612 appellantes.
1192 2568 1380 2603 discrimen
1401 2576 1516 2605 autem
1538 2583 1604 2605 no-

145 2612 251 2648 minis
277 2614 430 2649 afferunt
453 2614 536 2648 hoe:
571 2625 696 2658 nempe
723 2614 868 2659 primam
887 2613 1057 2660 syllabam
1081 2624 1158 2649 cum
1179 2614 1392 2662 corripiunt,
1424 2622 1603 2663 parentes,

145 2670 223 2694 cum
238 2661 455 2705 producunt,
475 2660 572 2695 cives
588 2660 757 2695 indicant.

235 2707 294 2741 27.
341 2706 467 2741 Tertio
488 2712 603 2741 autem
628 2712 665 2741 et
685 2706 921 2741 ducentesimo
947 2717 968 2740 a
991 2706 1171 2743 consulatu
1192 2719 1303 2753 anno,
1325 2708 1461 2754 Regulo
1484 2714 1520 2744 et
1540 2709 1602 2748 Iu-

143 2751 203 2786 nio
233 2751 451 2797 consulibus,
485 2764 560 2788 cum
581 2752 729 2788 Romani
756 2753 801 2787 iis
824 2753 885 2799 qui
906 2751 1036 2796 Pyrrhi
1059 2753 1231 2798 Epirotae
1251 2754 1340 2789 socii
1362 2757 1503 2790 fuerant
1523 2756 1599 2791 bel·

142 2796 212 2832 lum
238 2798 371 2833 inferre
399 2798 621 2843 statuissent,
653 2799 837 2834 aedificata
871 2797 1013 2842 classis,
1049 2804 1085 2834 et
1105 2799 1215 2834 additi
1238 2805 1321 2835 sunt
1344 2801 1403 2848 qui
1431 2807 1602 2837 vocantur

142 2842 277 2879 classici
309 2844 370 2887 (id
393 2850 448 2880 est
470 2845 680 2892 navarchi),
713 2857 854 2882 numero
877 2844 1060 2881 duodecim
1086 2851 1291 2892 quaestores
1304 2874 1315 2893 ,
1354 2848 1600 2884 distributores
