1748 3210
61 1021 97 1053 p.
130 1015 249 1043 XLVIII

86 2407 122 2440 p.
145 2407 235 2431 xmx

281 227 362 257 xxx
653 216 794 260 HASII
825 217 898 260 DE
930 214 1131 260 IOANNE
1163 216 1314 260 LYDO

279 346 496 395 fragmenta
519 354 710 398 quattuor.
753 348 878 398 operis
899 360 990 385 vero
1008 345 1055 384 de
1074 347 1359 397 Magistratibus
1381 345 1477 385 adeo
1495 344 1597 384 nihil
1616 361 1686 399 per

279 412 496 462 fragmenta
526 415 786 466 epitomasque
817 413 866 450 ad
891 427 962 451 nos
988 415 1181 464 pervenit,
1211 420 1254 450 ut
1279 415 1355 452 nisi
1381 427 1456 466 qua
1480 413 1685 464 singularis

279 479 433 516 fortuna
461 480 704 517 Caseolinum
732 479 903 517 codicem
931 493 983 517 ex
1008 481 1145 517 intima
1171 481 1330 517 Graecia
1355 482 1537 527 eruisset,
1572 481 1685 516 tertio

280 546 354 582 isto
375 558 425 582 ex
440 545 543 596 Lydi
560 548 710 597 scriptis
730 547 809 582 fere
832 553 911 583 toto
934 559 1162 583 careremus.
1201 557 1328 596 neque
1350 547 1459 583 enim·
1471 544 1686 584 audiendus

276 611 497 660 Ducangius
524 613 692 650 Glossar.
727 610 832 647 med.
864 618 900 648 et
929 613 1001 649 inf.
1029 612 1234 649 Graecitat.
1262 611 1332 649 sub
1359 625 1396 649 v'.
1423 608 1687 665 Σιλεντιᾶριος

277 677 446 713 column.
467 678 593 724 1371,
634 678 703 714 ubi
721 678 980 727 fragmentum
1003 677 1112 715 affert
1132 691 1183 714 ex
1202 678 1300 714 libro
1319 677 1409 731 περὶ
1428 674 1557 730 ἀρχῶν
1573 681 1685 718 πολι·-

276 744 406 780 τικιόν.
463 742 582 778 istum
609 744 712 779 enim
737 745 866 780 locum
895 743 1065 795 (opinor)
1090 757 1141 781 ex
1160 745 1357 781 Lambecii
1381 743 1684 782 animadversio-

275 808 388 844 nibus
412 806 461 844 ad
478 807 667 845 Codinum
694 808 755 846 ed.
774 812 869 860 Reg.
897 823 936 860 p.
959 812 1039 851 208
1058 823 1122 847 no.
1148 809 1225 851 154
1241 812 1395 858 sumsit,
1425 811 1492 847 ubi
1509 809 1605 848 haec
1621 811 1683 847 le-

275 880 436 922 guntur:
465 876 563 911 ratio
582 882 711 911 autem
732 877 898 912 nominis
920 876 1219 912 silentiariomm
1238 878 1280 913 in
1299 878 1481 927 excerptis
1497 890 1543 914 ex
1562 877 1684 914 Ioan-

274 941 336 975 m's
355 941 462 990 Lydi
485 939 582 976 libro
607 940 695 993 περὶ
726 938 854 993 ἆρχῶν
878 944 1086 982 πολιτικῶν
1110 942 1206 979 haee
1228 942 1415 979 habetur.-
1458 940 1583 984 ἐδόκει
1611 941 1684 994 μὲν

273 1005 407 1058 μηκέτι
425 1005 487 1046 ἐπὶ
507 1002 670 1058 ἆγορᾶς,
701 998 791 1047 οῗλ).1
816 1008 857 1049 ἐν
882 1009 936 1063 τῷ
956 1009 1128 1062 παλατίῳ
1153 1006 1224 1060 τὴν
1250 1007 1398 1061 βουλήν
1422 1006 1680 1063 συνάγεσθαι·

272 1070 415 1124 τήνδὲ
444 1070 628 1124 τοιαύτην
657 1070 826 1114 σύνοδον
854 1073 1068 1126 κομβέντον
1087 1074 1181 1122 ἔθος
1198 1074 1397 1127 Ῥωμαίοις
1414 1079 1564 1126 καλεῖνρ
1594 1072 1684 1115 ἆντὶ

271 1142 345 1178 τοῦ
371 1138 604 1179 συνέλευσιν.
662 1143 772 1192 σιγῆς
809 1138 851 1180 δὲ·
878 1143 960 1187 τοῖς
988 1143 1144 1188 πολλοῖς
1168 1135 1464 1193 βουλευομένοις
1491 1142 1559 1182 δεῖ.
1617 1139 1684 1182 διὰ
1714 1147 1717 1150 ’

271 1207 386 1245 τοῦτο
411 1205 453 1245 ἐκ
477 1207 544 1256 τῆς
560 1205 648 1256 περὶ
668 1204 740 1256 τήν
761 1204 874 1258 σιγήν
891 1208 1068 1257 σπουδῆς
1087 1207 1288 1258 (σιλέντιον
1307 1203 1348 1248 δ’
1373 1205 1494 1259 αὐτήν
1512 1208 1684 1260 πατρίως

269 1269 458 1322 καλοῦσι)
489 1272 767 1323 σιλεντιαρίους
799 1271 955 1324 ἔκριναν
982 1269 1372 1323 ὀνομαζειναῦτούς.
1426 1280 1464 1311 at
1491 1286 1582 1311 vero
1613 1273 1681 1309 ille

268 1335 375 1374 locus
395 1349 474 1372 nou
496 1338 586 1372 libri
608 1336 655 1373 de
674 1339 960 1386 Magistratibus
973 1366 983 1385 ,
1022 1337 1091 1373 sed
1109 1338 1198 1372 libri
1220 1337 1267 1373 de
1284 1339 1480 1376 Mensibus
1501 1345 1580 1386 est,
1617 1337 1681 1375 ed.

267 1400 420 1438 schow.
438 1414 478 1452 p.
500 1403 548 1440 11
572 1415 604 1438 c.
627 1405 674 1448 93
704 1402 808 1438 uude
829 1405 1003 1452 suspicor
1017 1404 1210 1452 insperato
1231 1415 1275 1439 eo
1295 1404 1572 1454 repentinoque
1592 1403 1681 1441 libri

266 1467 315 1504 de
334 1467 619 1516 Magistratibus
645 1468 757 1504 titulo
785 1475 936 1517 praeter
957 1469 1160 1505 veritatem
1177 1482 1218 1505 se
1237 1470 1399 1506 iactasse
1415 1470 1680 1518 Lambecium,

263 1546 391 1583 :neque
407 1534 531 1583 magis
560 1534 619 1569 illi
640 1545 757 1584 quam
775 1534 933 1584 reliquis
956 1534 1183 1571 mortalibus
1202 1532 1317 1571 huius
1335 1535 1425 1571 libri
1447 1542 1679 1585 potestatem

264 1606 356 1635 tuuc
374 1611 455 1635 esse
474 1599 629 1635 factam.
687 1599 837 1648 glossae
866 1607 998 1637 autem
1019 1599 1210 1652 quaedam
1233 1613 1256 1637 a
1275 1602 1475 1650 Ducangio
1498 1603 1539 1638 in
1555 1603 1679 1638 Lexi-

263 1677 336 1701 con
357 1665 581 1702 Graecitatis
602 1672 790 1715 receptae,
821 1678 919 1717 aque
941 1668 1076 1703 Fussio
1097 1668 1137 1703 iu
1158 1667 1259 1703 notis
1279 1680 1317 1716 p.
1339 1669 1392 1706 22
1410 1673 1448 1703 et
1465 1666 1548 1708 214
1570 1681 1679 1705 com-

262 1738 496 1768 memoratae
510 1760 520 1778 ,
548 1744 637 1768 vere
659 1730 818 1782 quidem
838 1745 888 1768 ex
908 1733 1006 1769 libro
1027 1732 1074 1769 de
1094 1733 1382 1782 Magistratibus
1399 1740 1578 1770 manant:
1607 1747 1679 1771 ve-

263 1810 349 1834 rum
377 1809 440 1834 eas
469 1798 535 1848 qui
567 1799 663 1834 scire
691 1799 814 1847 potuit
841 1797 932 1834 inde
962 1800 1026 1835 vel
1053 1801 1209 1835 omniuo
1229 1797 1330 1849 Lydi
1349 1798 1461 1837 esse?
1492 1802 1677 1851 quoniam

260 1863 415 1899 nullum
432 1865 597 1900 auctoris
613 1876 758 1900 nomen
779 1862 954 1900 additum
976 1866 1024 1901 iis
1045 1871 1114 1901 est.
1170 1878 1243 1901 nec
1262 1872 1460 1915 praeterea
1479 1866 1519 1901 in
1535 1867 1676 1904 nostris

262 1929 417 1965 Graecis
442 1928 635 1966 codicibus
654 1929 760 1980 (sunt
785 1937 914 1967 autem
941 1932 1097 1967 omnino
1121 1929 1169 1967 ad
1192 1938 1371 1982 quattuor
1398 1929 1526 1982 milia)
1546 1944 1676 1982 neque

258 1993 300 2029 in
315 1995 406 2030 ullis
426 1995 589 2031 aliarum
607 1995 927 2033 bibliothecarum
947 1999 1123 2048 quamvis
1146 1996 1316 2034 studiose
1336 1998 1505 2034 tractatis
1529 1998 1675 2034 catalo-

258 2061 317 2108 gis
335 2059 444 2110 Lydo
462 2062 593 2097 inveni
617 2063 734 2098 tribui
753 2065 960 2114 quicquam
985 2061 1089 2114 quod
1113 2062 1272 2114 quidem
1290 2063 1340 2100 ad
1356 2063 1499 2100 librum
1519 2061 1567 2099 de
1585 2065 1674 2100 Ma-

257 2127 479 2175 gistratibus
495 2129 716 2176 pertineret,
738 2136 889 2178 praeter
907 2142 1048 2179 paucos
1067 2131 1276 2167 versiculos
1293 2131 1334 2167 in
1354 2128 1438 2167 cod.
1457 2131 1552 2180 Reg·
1568 2132 1673 2170 1630

259 2192 373 2243 (olim
391 2195 498 2234 2216
525 2201 563 2230 et
588 2193 732 2244 3502),
762 2195 830 2231 fol.
854 2196 934 2234 100
953 2209 1076 2240 νενεο,
1103 2197 1306 2246 inscriptos
1323 2192 1392 2235 Ἐκ
1407 2197 1478 2246 τῆς
1500 2194 1672 2248 ἱστορίας

254 2254 435 2299 Ἰωάννου
454 2262 524 2299 τοῦ
545 2258 827 2308 Φιλαδελφέως.
885 2262 952 2310 qui
978 2267 1067 2297 sunt
1093 2259 1340 2298 huiusmodi:
1379 2260 1478 2311 φασὶ
1506 2258 1579 2314 poio
1597 2257 1671 2311 τὴν

257 2325 427 2377 Νέμεσιν
448 2323 495 2365 τοὶ
512 2324 693 2378 γλαφυροὲ
712 2329 790 2364 τῶν
810 2322 1047 2378 πραγμάτων
1066 2326 1120 2372 εἷς
1137 2323 1180 2366 τὸ
1202 2327 1364 2378 ἔμπαλιν
1381 2325 1551 2379 τρέπειν,
1585 2330 1671 2373 ταῖς

259 2390 493 2444 ὑπερβολαῖς
510 2395 579 2443 τῆς
595 2389 733 2443 τύχης,
764 2388 818 2438 ὥς
837 2404 934 2443 φησι
953 2388 1193 2443 Νουμήνιος,
1223 2395 1276 2446 τῷ
1295 2391 1436 2444 ἑαυτῆς
1455 2395 1579 2446 τροχῷ
1596 2390 1670 2444 τήν

254 2455 411 2508 ἰσότητα
436 2457 669 2512 ἐπάγουσαν.
737 2455 834 2498 ὅθεν
866 2456 890 2498 o‘
918 2454 1134 2508 Μεσόδμης
1157 2454 1258 2496 οὕτω
1291 2472 1374 2505 πως
1398 2455 1494 2510 πρὸς
1524 2455 1667 2509 αὐτήν·

250 2522 341 2564 Ὑπὸ
362 2523 431 2564 σόν
445 2521 578 2577 τροχὸν
599 2523 776 2573 ι’ίστατον,
800 2521 951 2575 ἀστιβῆ,
979 2521 1131 2575 χαροποὶ
1147 2519 1325 2575 μερόπων
1342 2523 1543 2576 στρέφεται
1560 2522 1665 2576 τύχα.

252 2604 416 2641 quorum
442 2593 615 2628 locorum
641 2593 809 2640 priorem
830 2591 1011 2627 Numenii
1032 2589 1279 2641 Pythagorici
1306 2591 1467 2628 arbitror
1496 2590 1563 2642 (de
1586 2604 1662 2642 quo

252 2658 402 2694 Harles.
419 2658 520 2694 BIbl.
541 2659 606 2694 Gr.
626 2658 704 2694 vol.
729 2658 750 2696 1
772 2670 811 2707 p.
834 2655 914 2696 854
934 2662 971 2692 et
992 2656 1070 2692 vol.
1089 2659 1112 2696 3
1134 2670 1173 2706 p.
1200 2655 1293 2706 179>
1313 2669 1334 2693 a
1349 2655 1460 2707 Lydo
1478 2659 1595 2693 etiam
1613 2655 1662 2693 de

251 2724 414 2760 Meusib.
431 2731 529 2774 part.
541 2728 566 2765 3
585 2737 618 2760 o.
630 2724 680 2762 11
702 2735 741 2773 p.
753 2722 806 2763 45
832 2725 879 2762 16
903 2724 1204 2759 commemorati.
1259 2723 1444 2772 postremi
1460 2734 1592 2759 versus
1609 2735 1661 2758 ex

250 2789 482 2828 MesomediS
510 2791 590 2827 sive
619 2787 835 2827 Mesodemi
861 2790 942 2826 sive
967 2788 1190 2826 Mesimedis
1223 2790 1303 2826 sive
1328 2788 1550 2828 Mesodmae
1579 2787 1661 2839 (tot
