1748 3210
388 169 464 212 DE
497 168 938 213 MAGISTRATIBUS
971 169 1016 211 P.
1039 167 1093 211 R.
1127 167 1230 210 LIB.
1255 167 1330 211 111.
1478 164 1578 214 247

134 281 426 339 ἆπολειφθῆναι
445 285 503 340 τῷ
516 283 668 339 χωρίῳ,
687 280 816 338 νάπην
836 283 879 326 δὲ
895 282 941 325 τὸ
960 287 1040 324 πᾶν
1057 282 1122 324 καὶ
1142 281 1370 333 σκοπέλους,
1391 281 1436 324 o‘c¹
1449 279 1575 324 πάλαι

129 351 200 394 τὸν
222 349 412 406 Ὀρόντην
445 354 809 407 παρολισθαίνοντα
836 356 888 408 τῇ
918 349 1028 394 πόλει
1059 352 1249 403 ἐσκίαζον.
1309 352 1478 408 χρυσιόν
1501 345 1572 392 οὖν

128 418 291 475 ἄπειρον
310 421 428 475 ἐχρῆν
445 419 684 475 ἔπομβρίσαι
706 419 778 474 τὴν
796 418 1047 477 ἔπαρχότητα
1067 418 1166 477 πρὸς
1186 420 1361 477 ἐκφορὰν
1377 420 1476 470 τέως
1491 422 1571 460 τῶν

128 486 207 529 ἀπὸ
226 490 300 528 τοῦ
317 486 529 541 πτώματος
545 489 845 542 ἐξογκωθέντων
862 490 928 530 καὶ
947 490 1002 539 εἷς
1019 488 1208 542 ἠλίβατον
1221 489 1448 544 δυσχωρίαν
1461 476 1572 529 ἆνοι-

92 561 120 599 ’5
128 552 334 609 δησάντων
350 554 573 609 χωμάτων·
608 555 700 598 οὐδὲ
715 556 792 612 γὰρ
810 551 860 610 ἦν
880 556 1059 614 ἀσφαλὲς
1085 556 1157 611 τὴν
1175 555 1318 613 Σύρων
1343 553 1572 612 πρωτεύουῆ

123 640 203 667 σαν
223 626 404 680 παριδεῖν
426 623 662 680 ἐρριμμένην
683 627 740 674 εἷς
761 623 924 681 ἔδαφος.
959 623 1014 674 ὥς
1035 625 1078 666 δὲ
1096 623 1207 682 κόπῳ
1228 629 1365 683 πολλῷ
1382 626 1449 666 καὶ
1464 641 1571 680 χρη-

122 690 262 745 μάτων
283 691 464 751 ἀφθονίᾳ
485 693 552 734 καὶ
573 696 718 746 τεχνῶν
738 694 922 752 συνεργία
940 692 1072 750 ὥσπερ
1094 691 1283 749 ἐρεβόθεν
1301 691 1327 748 ἦ
1347 690 1461 743 πόλις
1481 691 1570 734 ἆνε-

124 757 247 815 <puero
274 759 486 802 Ἰουστίνου
513 760 624 810 τέλος
641 759 935 814 λαμβάνοντος,
972 759 1164 818 Χοσρόης
1184 759 1206 802 ὃ
1225 761 1482 814 κακοδαίμων
1503 759 1573 801 διὰ

122 832 197 880 τῆς
208 827 400 884 Ἀραβίας
419 827 598 882 ἐμπεσών
620 829 693 870 σὺν
711 828 861 886 ἀπείρῳ
880 834 1050 888 στρατιᾷ
1069 836 1156 878 ταῖς
1169 831 1337 885 Συρίαις
1355 828 1482 883 αὐτὴν
1499 828 1572 881 μὲν

71 902 118 937 10
127 895 198 949 τὴν
217 895 309 952 ἄρτι
329 900 644 947 καταπεσοῦσαν,
679 896 910 953 εὐχείρωτον
928 897 1041 953 αὐτῷ
1061 903 1254 952 φανεῖσαν
1273 895 1328 946 ὥς
1349 896 1571 953 ἄφρακτον,

124 963 261 1016 λαβὼν
289 965 448 1021 πολέμῳ
477 964 711 1020 κατέφλεξε,
746 963 868 1020 φόνον
894 963 1057 1020 ἄπειρον
1078 962 1421 1019 κατεργασάμενος
1429 995 1443 1015 ,
1476 963 1572 1014 τοὺς

125 1032 169 1074 δὲ
189 1030 427 1088 ἀνδριάντας
435 1063 447 1082 ,
491 1029 552 1081 οἷς
571 1032 772 1085 ἐκοσμεῖτο
795 1031 840 1074 τὸ
861 1031 984 1083 ἄστυ,
1022 1031 1095 1075 σὺν
1122 1034 1242 1082 πλαξὶ
1263 1034 1330 1073 καὶ
1351 1034 1482 1082 λίθοις
1502 1033 1571 1073 καὶ

123 1090 277 1149 πίναξιν
315 1098 451 1149 ἁπλῶς
486 1097 722 1155 ἀναρπάσας
759 1098 855 1154 ὅλην
897 1102 952 1150 εἷς
982 1101 1149 1156 Πέρσας
1185 1101 1338 1157 Συρίαν
1374 1098 1570 1154 ἀπήλασε.

120 1167 295 1223 γεωργὸς
313 1168 356 1209 δὲ
376 1167 448 1209 οὗκ
464 1161 527 1221 ἦν,
561 1167 635 1220 οὐχ
655 1165 850 1221 ὖποτελὴς
868 1173 926 1225 τῷ
943 1168 1121 1224 δημοσίῳ
1138 1167 1298 1210 λοιπόν·
1325 1169 1392 1210 καὶ
1414 1167 1571 1221 δασμὸς

70 1239 113 1276 15
122 1235 195 1289 μὲν
216 1236 289 1278 οὗκ
311 1235 532 1291 εἰσεφέρετο
553 1238 604 1291 τῇ
624 1236 828 1295 βασιλεία,
863 1236 932 1278 τὸν
954 1237 997 1278 δὲ
1023 1235 1268 1292 στρατιώτην
1288 1235 1525 1292 ἀποτρέψειν
1548 1233 1570 1276 ὃ

121 1302 301 1359 ὕπαρχος
321 1303 558 1358 ἠναγκάζετο
581 1304 647 1344 καὶ
667 1301 801 1353 πάσας
827 1303 900 1353 τὰς
929 1302 1117 1358 συνήθεις
1146 1302 1364 1346 ἐπιδιδόναι
1386 1307 1435 1359 τῇ
1455 1307 1571 1345 πολι-

121 1372 208 1430 τείᾳ
223 1370 426 1422 δαπάνας,
460 1371 506 1412 οὗ
526 1368 649 1424 μόνον
668 1371 764 1420 τοὺς
786 1370 864 1413 ἀπὸ
886 1370 1030 1428 Σύρων
1047 1370 1200 1428 φόρους
1220 1370 1478 1426 ζημιούμενος
1487 1403 1501 1423 ,
1531 1370 1577 1413 οἳ

123 1441 191 1481 καὶ
209 1438 324 1493 μόνοι
343 1438 468 1495 ῥοπὴν
485 1445 568 1489 τοῖς
585 1443 800 1495 κρατοῦσιν
814 1440 984 1491 ἐποίουν,
1015 1440 1106 1482 ἀλλ’
1129 1439 1184 1482 ἔτι
1204 1442 1270 1482 καὶ
1287 1437 1570 1497 προσεπιδιδό-

121 1525 190 1549 ναι
212 1505 394 1557 δαπάνας
411 1507 592 1563 ἀριθμοῦ
611 1508 836 1563 κρείττονας
854 1508 1161 1561 συνωθούμενος
1185 1509 1279 1564 περί
1295 1525 1336 1551 τε
1358 1507 1431 1557 τὰς
1448 1505 1570 1549 ἁλού-

68 1581 199 1624 2οσας
222 1580 303 1618 τῶν
322 1575 475 1617 πόλεων
501 1575 594 1631 περί
608 1591 648 1616 τε
670 1575 763 1624 τοὺς
784 1580 1001 1629 συντελεῖς,
1045 1576 1087 1618 εἶ’
1099 1574 1177 1618 πού
1196 1593 1307 1626 τινας
1324 1576 1376 1618 τὰ
1396 1578 1570 1632 Περσιῦν

123 1643 252 1697 δεσμὰ
270 1641 538 1700 διαφυγόντας
555 1643 840 1695 ἓμπλανᾶσθαι
855 1645 895 1687 ἐν
915 1650 1003 1694 ταῖς
1021 1645 1204 1701 ἐρημίαις
1222 1648 1302 1687 τῶν
1318 1642 1444 1686 πάλαι
1459 1647 1570 1686 θαυ-

121 1712 353 1766 μαζομένων
366 1712 524 1768 χωρίων
541 1710 782 1765 συνέβαινεν.

213 1887 238 1922 3
259 1885 432 1922 recentior
453 1897 571 1922 manus
593 1884 834 1932 ἐπομβρῆσαι.
974 1888 1017 1922 16
1035 1885 1235 1931 συνηθείας
1253 1886 1297 1922 C.

123 2042 205 2078 licto
226 2045 336 2078 totum
357 2044 464 2080 valles
488 2048 525 2080 et
545 2045 679 2090 scopuli
701 2047 929 2088 occuparent,
954 2043 1014 2088 qui
1037 2043 1299 2088 praeterfluenti
1316 2043 1437 2077 urbem
1455 2042 1571 2076 Oron-

124 2095 182 2124 tae
204 2091 356 2124 umbram
376 2091 545 2136 quondam
565 2092 808 2136 praebuerant.
855 2089 1052 2124 immensam
1070 2090 1187 2134 itaque
1209 2088 1285 2122 auri
1305 2089 1438 2134 copiam
1460 2089 1572 2122 effun-

123 2136 208 2169 dere
229 2137 426 2179 praefectus
446 2137 644 2181 cogebatur,
670 2147 737 2189 quo
758 2135 870 2170 elatae
886 2135 987 2168 ruina
1006 2134 1124 2178 moles,
1148 2145 1236 2179 quae
1259 2134 1296 2167 in
1315 2135 1452 2169 excelsa
1474 2134 1574 2168 avia-

124 2191 193 2225 que
214 2179 296 2224 iuga
318 2181 561 2225 intumuerant,
585 2182 722 2216 interlm
741 2182 980 2215 auferrentur:
1007 2180 1132 2215 etenim
1155 2179 1383 2225 periculosum
1403 2185 1480 2214 erat
1502 2180 1574 2223 Sy-

125 2236 239 2259 rorum
263 2226 453 2271 principem
473 2229 592 2261 urbem
614 2227 782 2261 deiectam
803 2227 994 2272 negligere.
1042 2238 1116 2260 cum
1137 2231 1249 2259 autem
1272 2225 1376 2260 multo
1398 2226 1519 2260 labore
1539 2230 1576 2258 et

125 2270 293 2316 pecuniae
316 2272 354 2305 vi
376 2272 569 2317 artiumque
591 2285 657 2318 ope
676 2273 775 2318 quasi
793 2285 836 2306 ex
859 2275 964 2307 erebo
987 2273 1324 2314 urbsenasceretur,
1348 2272 1481 2305 Iustino
1500 2272 1575 2304 fato

126 2317 313 2360 fungente,
345 2317 461 2352 fatalis
490 2318 664 2353 Chosroes
696 2330 759 2363 per
786 2318 950 2353 Arabiam
978 2329 1053 2352 cum
1083 2317 1325 2351 innumerabili
1351 2317 1507 2351 exercitu
1539 2315 1577 2349 in

127 2362 250 2405 Syrias
278 2362 401 2408 irruit,
433 2364 612 2409 ipsamque
645 2375 755 2409 nuper
785 2365 968 2410 collapsam
996 2365 1134 2407 urbem,
1168 2362 1304 2397 facilem
1332 2363 1423 2407 sibi,
1453 2366 1577 2406 utpote

125 2414 280 2462 apertam
293 2434 303 2452 ‚
327 2415 493 2455 superata
513 2410 645 2454 visam,
668 2409 758 2444 bello
777 2415 930 2455 captam,
951 2409 1088 2443 infinita
1110 2410 1215 2442 caede
1238 2414 1393 2452 patrata,
1417 2408 1576 2441 combus-

126 2463 193 2496 nt3
225 2453 333 2498 signis
351 2461 487 2499 autem,
519 2456 618 2502 queis
643 2461 765 2490 ornata
791 2461 887 2500 erat,
920 2467 995 2489 cum
1017 2454 1144 2489 tabulis
1167 2453 1338 2499 lapidibus
1360 2452 1578 2498 picturisque

127 2498 283 2534 omnibus
301 2511 368 2535 una
388 2501 525 2545 ablatis,
545 2507 653 2536 totam
671 2501 707 2535 in
724 2502 850 2538 Persas
870 2501 1008 2545 Syriam
1029 2500 1159 2544 abegit.
1191 2510 1304 2544 neque
1322 2511 1406 2533 vero
1426 2497 1578 2542 agricola

127 2548 189 2578 aut
208 2544 350 2581 collator
364 2547 449 2582 fisco
473 2547 615 2582 relictus
634 2553 729 2588 erat3
753 2553 788 2582 et
809 2547 975 2581 tributum
997 2546 1134 2591 quidem
1157 2545 1282 2578 nullum
1302 2543 1503 2589 imperatori
1521 2543 1575 2577 in-

129 2590 325 2636 ferebatur,
349 2597 386 2626 at
406 2592 549 2628 militem
569 2599 764 2628 sustentare
786 2593 985 2639 praefectus
1004 2593 1203 2636 cogebatur,
1228 2602 1413 2635 omnesque
1431 2601 1578 2623 consue-

128 2641 184 2669 tos
211 2635 265 2670 rei
293 2637 452 2682 publicae
478 2645 631 2684 sumptus
662 2641 850 2684 praebere,
883 2638 943 2684 qui
976 2650 1044 2672 non
1075 2643 1206 2670 tantum
1236 2636 1404 2679 Syrorum
1432 2636 1576 2679 tributa,

128 2691 219 2725 quae
236 2682 374 2726 quidem
391 2684 465 2718 sola
485 2683 600 2730 magni
617 2685 864 2731 imperantibus
888 2683 1049 2718 momenti
1069 2688 1186 2726 erant,
1213 2681 1404 2726 amisisset,
1428 2682 1491 2715 sed
1514 2681 1578 2714 ad·—

128 2729 214 2760 dere
242 2727 320 2762 insu
345 2740 384 2763 er
410 2735 562 2776 sumptus
586 2743 726 2765 numero
751 2730 898 2764 maiores
922 2734 1123 2774 cogeretur,
1156 2739 1231 2772 cum
1258 2728 1294 2761 in
1323 2734 1442 2772 captas
1473 2727 1578 2760 urbes

127 2777 200 2826 tum
218 2773 255 2807 in
276 2741 474 2819 adiutores,
507 2775 538 2810 si
559 2788 645 2822 quos
670 2777 806 2822 elapsos
828 2776 1012 2810 Persarum
1033 2773 1179 2810 vinculis
1196 2774 1233 2808 in
1256 2773 1405 2809 desertis
1429 2772 1577 2808 admira-

128 2818 248 2854 bilium
269 2821 439 2866 quondam
459 2821 610 2859 locorum
631 2834 750 2858 errare
773 2821 1004 2867 contingeret.
