1748 3210
237 195 334 251 ’206
450 201 454 205 ’
482 195 486 198 ’
762 196 1146 247 loANNIs·LY1)1

365 315 445 362 12.
507 316 619 370 Ἐμοὶ
646 317 690 358 δὲ
720 313 903 372 δακρύειν
929 315 1128 372 ἐπέρχεται
1155 316 1228 371 τὴν
1253 322 1324 360 τοῦ
1342 316 1465 373 νόμου
1488 316 1657 362 συνιόντι

233 381 423 438 δύναμιν,
452 385 517 425 καὶ
544 382 651 432 ὅπως
677 381 809 436 πάσης
837 382 943 437 ἡμᾶς
966 383 1108 438 ἀρετῆς
1131 383 1306 439 ἀφείλετο
1328 390 1506 436 καταξῶν
1527 385 1547 428 ὅ
1567 389 1657 428 δαί-

231 469 332 506 μων.
396 448 625 491 ὑποπτεύων
642 449 718 506 γὰρ
739 447 759 490 ὃ
779 448 921 503 νόμος,
951 452 1017 491 καὶ
1037 450 1108 492 οὒκ
1129 449 1204 500 ἔξω
1222 449 1336 506 λόγου
1346 484 1360 503 ,
1391 454 1464 507 τὴν
1483 458 1561 495 τῶν
1580 470 1655 495 πο-

232 518 442 575 ριζομένων
463 517 535 565 τὰς
554 514 720 572 ψήφους
737 517 838 573 πρὸς
854 517 946 566 τοὺς
965 516 1175 574 πληρωτάς
1184 549 1196 568 ,
1232 518 1360 560 αὐτῶν
1380 519 1454 568 τὰς
1472 521 1573 561 καθ’
1601 515 1655 562 ὧν

231 585 516 641 προσφέροιντο
557 582 751 633 αὐθάδεις
790 582 974 637 ὁμονοίας
981 616 994 635 ,
1042 585 1254 640 αὐστηροῖς
1286 587 1352 626 καὶ
1379 585 1517 636 ποινὰς
1543 586 1687 630 &net-5

229 655 342 693 λοῦσι
375 650 523 707 ῥήμασι
553 652 895 707 παραγγέλλεσθαι
927 650 1083 708 διώρισε
1114 652 1214 708 πρὸς
1240 656 1318 693 τῶν
1338 649 1656 707 ὑπηρετουμένων

227 723 278 774 τῇ
307 719 395 773 δίκῃ
424 718 518 766 τοὺς
541 718 886 774 ε’γχειριζομένους,
921 721 986 760 καὶ
1007 723 1132 761 ταῦτα
1155 717 1382 774 γράφεσθαι
1407 718 1510 776 πρὸς
1523 721 1656 776 ἔνι’-ρο-

228 785 307 838 πὴν
339 789 418 826 τῶν
449 783 578 826 πάντα
609 784 845 838 τολμώντων
865 787 906 827 ἓν
921 793 1007 835 ταῖς
1025 788 1229 842 ἐπαρχίαις
1251 788 1509 839 ἐκβιβαστῶν.
1572 788 1657 828 ἔπι-

228 853 380 907 τρέπων
395 852 472 908 γὰρ
496 851 626 907 ὥσπερ
649 851 670 893 ὃ
689 853 845 906 βοηθὸς
863 860 946 902 τοῖς
967 852 1209 908 πρωτεύουσι
1232 858 1304 894 τοῦ
1323 851 1542 908 τάγματος,
1568 853 1608 898 ,ἓν
1625 847 1659 910 ᾧ

227 920 432 972 συνέβαινε
459 920 749 974 καταλέγεσθαι
776 919 845 961 τὸν
874 922 936 961 ἐπὶ
964 920 1038 974 τὴν
1059 919 1260 975 πλήρωσιν
1275 924 1354 962 τῶν
1374 919 1527 976 ’ψήφων
1545 923 1656 962 στελέ-
1669 930 1713 964 10

227 984 414 1039 λόμενον·
447 984 601 1035 τούτοις
630 987 706 1043 γὰρ
733 985 898 1043 γράφων
929 989 1068 1043 ἐχρῆτο
1102 995 1184 1036 τοῖς
1213 986 1406 1043 ῥήμασιν,
1441 986 1496 1036 ὥς
1527 985 1576 1028 ι’ίν
1600 1004 1660 1036 τις

227 1054 328 1095 καθ’
360 1053 567 1108 ἑρμηνείαν
597 1053 719 1104 εἷ’ποι,
763 1053 862 1109 πρὸς
890 1053 983 1103 τοὺς
1011 1053 1304 1110 πρωτεύοντας,
1350 1053 1405 1104 ὥς
1434 1053 1556 1110 ἔφην,
1589 1058 1660 1095 τοῦ

228 1119 450 1174 καταλόγου
483 1121 523 1160 ἓν
551 1114 584 1176 ᾧ
605 1125 711 1161 τελεῖ
725 1120 843 1173 τυχὸν
864 1119 884 1161 ὅ
905 1121 977 1169 τὰς
995 1120 1161 1175 ψήφους
1182 1119 1500 1176 ε’γχειριζόμενος·
1529 1119 1658 1162 “dio-te

227 1187 284 1240 μὴ
317 1189 405 1241 περὶ
436 1186 503 1227 τὸν
530 1187 696 1239 βαθμὸν
731 1185 874 1228 ἑαυτοῦ
903 1189 944 1236 ἐξ
973 1187 1218 1240 ἀπολείψεως
1244 1187 1402 1241 βλάβην
1427 1185 1658 1241 ὖποστῆναι,

227 1254 445 1309 ἆφορίσατε
465 1251 576 1294 τόνδε
595 1255 637 1294 ἔκ
657 1251 816 1303 τάξεως,
846 1254 922 1294 ἀπὸ
941 1258 1012 1306 τῆς
1029 1252 1234 1309 παρούσης
1251 1253 1402 1310 ἡμέρας
1414 1253 1507 1311 ἄχρι
1523 1256 1656 1309 τῆσδε,
1670 1263 1713 1299 15

224 1318 415 1369 ὑπατείας
434 1322 573 1370 τοῦδε,
610 1322 643 1361 εἷ
661 1321 793 1373 μέντοι
813 1322 894 1362 ἐστὶ
915 1325 985 1374 τῆς
1005 1318 1227 1376 ὄρθοδόξου
1250 1322 1414 1369 πίστεως
1431 1328 1515 1369 τοῖς
1534 1323 1659 1371 θείοις

225 1387 474 1441 μεμυημένος
504 1389 755 1442 μυστηρίοις,
790 1389 856 1429 καὶ
881 1388 938 1441 μὴ
963 1389 1166 1441 δημοσίοις
1191 1388 1424 1440 τελέσμασιν
1437 1385 1660 1437 ὖπεῦθυνός

226 1455 330 1501 ἔστι,
365 1456 467 1507 μηδὲ
497 1454 596 1510 πρὸς
622 1456 757 1509 γένους
784 1453 1019 1496 συνάπτεται
1047 1458 1104 1511 τῷ
1129 1454 1200 1508 τὴν
1229 1455 1381 1509 αἴτησιν
1411 1455 1659 1511 ἀποθεμένῳ,

224 1523 327 1575 μηδὲ
347 1521 426 1574 μὴν
446 1523 506 1562 ἐπὶ
526 1525 598 1562 τοῦ
616 1521 886 1577 παρελθόντος
908 1523 1086 1562 ἐνιαυτοῦ
1107 1522 1348 1577 ἐνεχειρίσθη
1368 1523 1429 1562 ἐπὶ
1451 1526 1523 1575 τῆς
1538 1523 1660 1575 αὐτῆς

224 1590 435 1644 ἐπαρχίας,
466 1589 661 1641 δημοσίας
682 1590 806 1630 ἕνεκεν
827 1587 854 1642 ἢ
876 1590 1074 1641 ἰδιωτικῆς
1091 1591 1249 1644 χρείας,
1286 1587 1388 1630 οὕτω
1406 1590 1538 1641 μέντοι
1559 1587 1715 1630 (ὅστεΞΟ

221 1655 279 1708 μὴ
301 1659 528 1710 παραβῆναι
549 1656 620 1708 τὴν
644 1654 811 1708 δύναμιν
833 1659 911 1696 τῶν
934 1656 1346 1708 νενομοθετημένων.”
1416 1654 1571 1704 τούτοις
1588 1656 1661 1708 μὲν

223 1729 304 1772 τοῖς
326 1720 497 1779 ῥήμασιν
521 1719 541 1763 ὅ
566 1722 722 1776 βοηθὸς
739 1726 809 1763 τοῦ
830 1724 1120 1778 πριμισκρινίου
1138 1722 1231 1771 τοὺς
1250 1723 1542 1780 πραττομένους
1562 1739 1659 1764 κατ-

315 1829 334 1861 1
359 1808 584 1870 συνορῶντιῒ
731 1827 754 1861 4
775 1827 852 1871 lego
875 1823 898 1870 ἢ
924 1824 1058 1861 αὐτῶν.
1083 1829 1127 1861 F.
1282 1828 1323 1861 11
1346 1831 1424 1871 post
1447 1825 1603 1871 ῥήμασιν
1622 1827 1659 1861 in

303 1873 343 1906 *C
380 1877 569 1917 sequuntur
605 1871 731 1906 Latina
763 1873 929 1906 adiutoris
962 1874 1089 1915 verba,
1124 1884 1144 1906 a
1164 1873 1262 1915 Lydo
1285 1872 1322 1905 in
1346 1873 1514 1906 Graecum
1539 1884 1659 1914 versa;

313 1917 374 1951 sed
397 1917 484 1950 haec
501 1917 637 1961 penitus
659 1923 781 1961 atque,
806 1923 846 1951 ut
869 1929 1009 1951 cernere
1027 1918 1125 1960 licet,
1149 1919 1230 1951 data
1249 1928 1355 1961 opera
1376 1929 1475 1952 erasa
1495 1922 1587 1951 sunt.
1611 1919 1656 1952 F.

315 1963 358 1996 18
383 1959 487 2005 γένος
509 1961 626 2005 vulgo.
762 1963 808 1995 20
829 1957 854 2005 ἢ
880 1962 1061 2005 ἰδιωτικῆς
1077 1963 1129 2006 F,
1153 1959 1348 2006 η’διωτικῆς
1368 1962 1411 1996 O.

315 2051 370 2084 12.
417 2050 506 2083 Mihi
528 2061 612 2083 vero
634 2049 793 2084 lacrimae
818 2050 1018 2084 oboriuntur
1038 2050 1125 2094 legis
1152 2050 1238 2095 vim,
1273 2062 1314 2084 ac
1333 2051 1499 2095 quomodo
1521 2060 1584 2085 nos
1602 2050 1657 2085 di-

223 2094 428 2128 laceraverit
457 2095 614 2138 omnique
637 2096 767 2129 virtute
793 2095 995 2140 spoliaverit
1016 2096 1176 2140 daemon,
1213 2107 1340 2129 mecum
1362 2095 1550 2140 reputanti.
1597 2106 1656 2130 su-

222 2139 359 2184 spicans
391 2138 479 2171 enim
508 2139 585 2182 leX‚
619 2151 731 2184 neque
759 2140 834 2173 sine
857 2151 980 2181 causa,
1013 2152 1128 2174 eormn
1152 2141 1210 2185 qui
1231 2140 1448 2185 porrigerent
1468 2140 1658 2174 sententias

223 2195 298 2218 cum
322 2183 606 2226 completoribus,
641 2191 699 2217 aut
722 2185 840 2218 horum
863 2196 936 2218 cum
966 2185 1009 2218 iis
1033 2191 1151 2218 contra
1176 2197 1261 2230 quos
1284 2187 1475 2229 ferrentur,
1512 2185 1658 2219 audaces

223 2239 430 2271 consensus,
467 2229 598 2261 severis
628 2241 826 2273 poenasque
858 2230 1090 2263 minitantibus
1121 2231 1238 2264 verbis
1264 2230 1438 2264 admoneri
1455 2242 1476 2263 a
1492 2230 1658 2263 ministris

223 2273 379 2307 iustitiae
405 2284 464 2306 eos
493 2273 616 2316 quibus
650 2275 871 2307 crederentur
897 2275 1092 2320 praecepit,
1125 2275 1277 2319 haecque
1300 2275 1426 2318 scribi,
1458 2285 1524 2319 quo
1546 2274 1659 2309 omnia

222 2319 387 2352 audentes
417 2317 669 2361 provinciarum
701 2324 900 2352 executores
923 2320 1052 2364 pudore
1073 2319 1351 2363 reprimerentur.
1398 2319 1534 2353 adiutor
1555 2319 1657 2362 enim,

223 2363 321 2407 quasi
343 2362 542 2407 permittens
566 2363 778 2406 principibus
798 2365 946 2406 ordIniS‚
970 2365 1005 2397 in
1027 2376 1093 2410 quo
1114 2366 1204 2397 forte
1222 2365 1406 2407 militabat,
1431 2375 1506 2397 eum
1530 2363 1590 2408 qui
1613 2364 1656 2398 ad

222 2408 427 2452 implendum
447 2408 635 2441 sententias
659 2408 875 2442 mittebatur:
900 2410 952 2442 his
977 2410 1065 2442 enim
1087 2409 1223 2451 verbis,
1246 2409 1297 2442 uti
1317 2409 1499 2442 secundum
1521 2408 1655 2442 versio-

224 2465 300 2487 nem
323 2453 438 2486 dicere
461 2452 591 2496 possis‚
629 2454 808 2496 utebatur,
842 2455 884 2487 ad
908 2455 1100 2499 principes,
1126 2458 1164 2487 ut
1186 2453 1276 2497 dixi,
1304 2453 1469 2496 catalogi,
1494 2454 1537 2486 ad
1555 2462 1656 2497 quem

223 2499 315 2532 forte
337 2497 506 2542 pertinet,
531 2498 585 2530 cui
606 2497 798 2531 sententiae
817 2500 1019 2543 creduntur,
1046 2499 1198 2532 scribens
1221 2494 1240 2508 “
1251 2498 1317 2542 ita,
1341 2503 1379 2531 ut
1401 2498 1493 2531 circa
1514 2499 1655 2542 gradum

222 2542 332 2587 ipsius
351 2542 474 2575 nullum
493 2553 535 2575 ex
552 2542 804 2576 intermissione
825 2545 978 2577 damnum
1003 2544 1169 2588 patiatur,
1197 2543 1285 2576 hunc
1306 2554 1348 2576 ex
1370 2543 1484 2576 officio
1506 2542 1567 2576 sel'
1594 2543 1652 2586 ‘te,

223 2599 245 2621 a
268 2587 442 2632 praesenti
465 2587 522 2620 die
543 2587 583 2620 ad
614 2587 718 2631 hanc,
755 2588 945 2622 consulatus
976 2589 1092 2628 huius3
1127 2588 1158 2622 si
1181 2588 1317 2632 quidem
1339 2588 1547 2621 orthodoxae
1597 2587 1653 2620 dei

223 2632 351 2666 divinis
374 2632 548 2676 mysteriis
571 2632 745 2676 initiatus,
781 2645 892 2678 neque
915 2638 973 2666 aut
994 2633 1205 2677 publicorum
1228 2633 1432 2666 tributorum
1459 2632 1653 2666 reddendae

223 2677 348 2711 rationi
371 2677 556 2720 obnoxius,
592 2682 652 2710 aut
672 2688 746 2711 cum
765 2690 805 2711 eo
825 2678 884 2722 qui
906 2678 1092 2723 postulavit
1113 2690 1239 2722 genere
1262 2677 1461 2711 coniunctus
1485 2682 1559 2720 est,
1590 2687 1651 2709 ne-

224 2733 292 2766 que
322 2733 406 2756 vero
433 2722 546 2766 elapso
582 2733 669 2755 anno
699 2722 735 2756 in
762 2724 878 2758 eadem
907 2723 1104 2767 provincia,
1141 2723 1276 2768 publica
1300 2722 1355 2756 vel
1387 2722 1523 2767 privata
1541 2721 1578 2754 in
1599 2732 1651 2776 re3

222 2777 305 2800 cura
336 2767 370 2800 ei
398 2768 556 2800 mandata
582 2767 664 2809 fuit3
699 2768 748 2800 ita
765 2773 879 2801 tamen
901 2774 939 2801 ut
963 2768 1032 2801 vim
1052 2767 1129 2811 lege
1151 2768 1357 2801 sancitorum
1381 2778 1448 2800 non
1468 2763 1638 2799 violetis.’

222 2810 276 2845 his
306 2812 423 2847 verbis
448 2812 582 2848 adiutor
602 2812 823 2858 primiscrinii
844 2818 984 2859 agentes
1007 2824 1122 2848 omnes
1150 2814 1328 2856 firmabat5
1361 2815 1440 2857 post
1466 2821 1541 2845 eum
1564 2820 1650 2845 vero
