1748 3210
613 177 1069 226 COMMENTARIUS}
1325 193 1327 195 ·
1515 187 1564 219 xi

116 322 207 356 runt
226 329 300 355 nec
319 315 484 354 fortasse
505 321 598 355 sunt
617 326 796 367 unquam
814 313 857 352 in
879 312 1024 364 vulgus
1046 310 1214 363 prolata.
1271 314 1310 347 et
1335 307 1564 348 adolescens

115 383 279 439 quidem
298 384 452 435 scripsit
483 383 534 436 1)
553 382 823 421 laudationem
841 382 970 419 Zotici
982 394 1023 432 p.
1039 393 1078 431 p.
1099 381 1200 416 circa
1217 391 1253 415 a.
1269 377 1372 428 512,
1399 384 1564 430 patrono

115 459 199 491 tam
221 452 429 504 probatam
446 458 491 489 ut
510 464 581 503 pro
601 451 769 502 singulis
787 450 964 487 versibus
983 449 1158 500 singulos
1186 445 1332 485 solidos
1355 459 1494 484 aureos
1515 444 1564 482 de

115 533 254 559 mensa
272 521 540 573 praefecturae
559 517 672 570 Lydo
689 524 915 555 numeraret
939 516 1039 570 (vid.
1055 519 1080 558 3
1109 517 1164 558 27
1191 529 1231 567 p.
1244 517 1327 558 219
1353 514 1428 566 21)
1447 527 1566 552 reno-

118 595 207 628 vata
231 589 456 627 caracallae
477 589 519 626 in
539 588 763 639 Oppianum
784 586 1069 637 Octaviaeque,
1099 590 1143 621 ut
1164 584 1318 633 ferunt,
1347 585 1390 621 in
1408 585 1454 622 P.
1474 584 1567 622 Vir-

117 657 260 709 gilium
288 657 536 694 liberalitate.
593 653 737 693 deiude
765 653 818 706 2)
848 654 1062 691 orationem
1086 653 1131 689 in
1157 652 1317 690 laudem
1348 651 1570 690 Iustiniani

117 725 235 777 Aug.
259 722 438 763 habitam
455 736 587 762 coram
603 723 746 774 legatis
762 722 998 773 amplissimi
1014 719 1163 759 ordinis
1182 734 1235 759 ex
1253 721 1350 759 urbe
1370 719 1422 758 ad
1442 720 1568 758 comi-

118 801 245 832 tatum
265 795 396 832 missis
413 791 459 844 (3
487 792 541 832 28
563 791 697 842 p.221
725 787 811 842 14).
844 790 892 827 ab
907 791 1142 841 imperatore
1158 791 1278 826 etiam
1296 788 1465 828 scribere
1483 789 1570 826 ius-
1591 795 1629 830 P·
1653 794 1693 818 XI

119 872 188 902 sus
217 869 276 900 est
310 860 364 914 δ)
391 859 598 898 historiam
619 859 769 909 prioris·
797 857 894 895 belli
915 859 1086 904 Persici,
1117 855 1226 910 quod
1252 864 1479 908 susceptum
1503 856 1571 894 vel

118 930 253 982 potius
274 929 537 967 instauratum
565 927 638 966 sub
662 927 813 965 Iustino
833 932 923 978 post
941 927 1140 978 insignem
1159 927 1331 963 Perozae
1354 924 1406 962 ad
1423 927 1571 962 Daram

119 997 312 1050 oppidum
329 995 484 1036 cladem
514 996 578 1048 (v.
597 997 763 1047 Procop.
782 996 892 1032 Pers.
910 997 930 1036 1
969 997 1017 1035 13
1034 1006 1094 1047 sq.
1123 992 1188 1031 ed.
1203 993 1302 1045 Reg.
1318 995 1443 1031 Paris.
1465 991 1573 1034 1662

118 1072 217 1110 tom.
241 1069 260 1108 1
286 1075 327 1118 Ρ.
346 1064 557 1117 35—42)
586 1076 685 1116 pace
706 1070 897 1114 aper-anto
917 1062 988 1100 illa
1021 1062 1092 1115 (eo
1113 1063 1222 1100 enim
1243 1062 1392 1099 Graeco
1411 1061 1573 1099 nomine
1642 1108 1647 1113 ¹

120 1146 146 1172 a
172 1135 324 1172 Latinis
350 1147 510 1188 quoque
538 1131 761 1171 auctoribus
782 1130 1032 1183 nominatur)
1064 1143 1100 1169 a.
1119 1130 1200 1172 533
1221 1130 1476 1167 terminatum
1500 1135 1575 1166 est.

119 1211 348 1255 quanquam
375 1216 455 1242 non
486 1202 736 1254 exploratum
762 1198 890 1238 habeo
908 1207 1143 1238 exsecutum
1163 1211 1256 1236 eum
1278 1211 1364 1237 esse
1386 1197 1578 1248 principis

120 1269 309 1308 mandata
325 1271 513 1324 illiusque
529 1271 627 1308 belli
643 1268 852 1307 historiam
868 1281 1005 1306 revera
1020 1268 1308 1320 perscripsisse.
1364 1278 1439 1303 nec
1450 1294 1460 1314 ‚
1487 1277 1579 1302 cum

121 1338 165 1375 in
193 1338 283 1376 aliis
309 1339 463 1388 scriptis
491 1339 572 1374 suis
604 1334 962 1374 commemorandis
986 1336 1167 1386 quamvis
1187 1335 1337 1372 multus
1356 1335 1428 1383 sit,
1459 1331 1578 1371 huius

124 1411 229 1442 certe
247 1415 418 1456 usquam
435 1404 631 1441 meminit.
687 1415 762 1439 nec
779 1401 959 1439 hercules
977 1407 1181 1453 tantopere
1201 1415 1290 1439 eam
1308 1400 1581 1440 desideramus

125 1472 188 1524 (si
213 1470 334 1510 modo
359 1470 558 1509 mediocre
586 1476 717 1521 potest
749 1481 834 1506 esse
859 1469 981 1506 ullius
1003 1470 1190 1521 antiquae
1211 1467 1398 1507 historiae
1419 1468 1581 1508 deside-

125 1538 277 1592 rium),
316 1537 424 1592 quod
450 1539 597 1576 nobilis
621 1537 737 1575 nobis
767 1536 933 1587 scriptor
959 1543 1115 1588 praesto
1141 1544 1200 1575 est
1229 1538 1443 1589 Procopius
1459 1567 1469 1587 ,
1509 1538 1580 1590 qui

125 1607 227 1646 libro
255 1608 504 1645 Persicorum
530 1607 660 1658 primo
688 1606 847 1656 prolixe
876 1605 971 1642 satis
1000 1603 1143 1642 eodem
1179 1603 1228 1642 de
1257 1605 1364 1644 bello
1382 1619 1455 1644 nos
1481 1605 1581 1644 edo-

126 1682 226 1714 ceat.
283 1682 402 1728 atque
431 1672 531 1711 haec
562 1672 725 1726 quidem
744 1672 882 1725 Lydus
901 1678 1028 1709 aetate
1050 1674 1212 1711 ineunte
1233 1686 1279 1711 ac
1300 1673 1456 1712 media:
1485 1687 1582 1726 pro-

126 1749 240 1782 vecta
257 1755 349 1781 vero
368 1749 407 1780 et
425 1748 602 1780 extrema
624 1742 779 1793 scripsit
799 1741 866 1778 vel
886 1748 989 1779 certe
1013 1744 1180 1780 confecit
1199 1743 1284 1780 illa.

238 1812 299 1849 Dr:
317 1812 530 1849 MENSIBUS
545 1810 715 1848 librum:
745 1815 789 1847 ut
806 1810 891 1861 ipse
909 1811 1096 1863 loquitur,
1125 1808 1201 1864 τήν
1219 1810 1310 1864 περὶ
1326 1812 1468 1863 μηνῶν
1485 1820 1576 1864 συγ·
1605 1808 1631 1850 5

126 1875 290 1933 γραφήν
306 1879 410 1916 infra
426 1891 466 1930 p·
483 1880 560 1920 179
582 1881 622 1928 7,
652 1880 736 1916 sive
754 1874 830 1930 τήν
847 1877 938 1931 περὶ
958 1882 1099 1931 μηνῶν
1117 1880 1386 1933 πραγματείαν
1399 1879 1532 1930 Ρ.119
1555 1881 1582 1920 8

128 1953 169 1984 et
198 1959 241 1998 Ρ.
263 1947 341 1988 169
370 1948 418 1996 7,
447 1943 496 1987 τοὶ
524 1946 615 1999 περὶ
645 1948 785 1999 μηνῶν
808 1959 848 1998 p·
875 1945 954 1988 184
986 1944 1040 1989 15
1069 1954 1108 1985 et
1138 1962 1178 1999 p.
1199 1947 1282 1989 254
1313 1949 1384 1997 19,
1414 1945 1463 1988 τοὶ
1492 1945 1584 2000 περὶ
1650 1996 1653 2000 ⁴

129 2017 273 2068 μηνῶν
290 2013 491 2068 γραφέντα
506 2027 546 2066 Ρ.
570 2015 648 2056 127
678 2017 733 2055 22
762 2020 801 2051 et
830 2028 871 2066 p.
891 2016 970 2055 178
1000 2016 1023 2055 1
1037 2044 1047 2064 ,
1085 2012 1133 2055 τοὶ
1151 2015 1242 2069 περὶ
1264 2019 1402 2068 μηνῶν
1419 2015 1586 2057 τεθέντα
1607 2031 1644 2065 p.
1670 2030 1726 2054 xu

128 2097 170 2135 p.
192 2083 277 2126 128
304 2085 370 2132 17,
398 2080 444 2124 τό
463 2080 554 2135 περὶ
574 2084 715 2134 μηνῶν
734 2095 778 2134 Ρ.
798 2082 876 2124 184
904 2084 972 2124 20.
1028 2081 1136 2121 hunc
1155 2083 1336 2122 distinxit
1366 2084 1586 2137 (quantum

131 2163 186 2189 ex
213 2152 396 2203 epitomis
422 2149 664 2199 iudicamus,
702 2163 804 2203 quae
826 2151 933 2189 solae
962 2151 1197 2203 supersunt)
1239 2160 1425 2205 quattuor
1453 2154 1584 2201 tomis,

131 2217 177 2257 id
206 2225 267 2257 est
296 2220 535 2270 segmentis3
573 2219 792 2271 inscripsit,
828 2225 873 2257 ut
906 2218 1050 2258 Suidas
1085 2228 1221 2258 auctor
1250 2227 1309 2258 est
1338 2220 1400 2258 ed.
1429 2223 1587 2258 Kuster.

133 2294 231 2325 tom.
253 2288 282 2328 2
309 2300 349 2338 Ρ.
374 2288 472 2336 131,
503 2287 676 2325 Gabrieli
704 2301 744 2339 p.
774 2299 838 2340 p.:
867 2286 959 2325 vide
989 2300 1108 2339 supra
1136 2301 1176 2340 p.
1200 2302 1242 2326 x.
1301 2288 1376 2327 hoc
1400 2290 1443 2326 iu
1470 2289 1586 2337 libro,

134 2354 299 2393 decurso
316 2356 438 2393 totius
457 2356 551 2392 anui
570 2357 718 2407 spatio,
750 2356 872 2394 festos
893 2356 1032 2407 populi
1052 2358 1221 2394 Romani
1241 2356 1345 2406 dies,
1377 2369 1455 2409 quo
1476 2357 1588 2407 quis-

134 2437 212 2476 que
227 2421 348 2461 modo
371 2435 540 2476 quamve
561 2424 611 2461 ob
633 2437 793 2462 causam
816 2426 985 2476 agitatus
1003 2431 1126 2474 esset,
1158 2426 1206 2462 ab
1226 2426 1338 2464 initio
1358 2437 1490 2462 rerum
1506 2427 1588 2462 Ro-

134 2504 342 2530 manarum
371 2503 496 2544 usque
527 2490 580 2528 ad
608 2493 869 2530 Iustinianum
887 2494 1113 2543 Augustum
1132 2492 1342 2545 diligenter
1360 2499 1590 2543 persecutus

137 2566 220 2608 est,
256 2559 377 2612 idque
405 2573 459 2597 ex
484 2558 639 2599 idoneis
667 2561 912 2610 auctoribus,
950 2575 1041 2599 cum
1074 2563 1234 2599 Graecis
1269 2561 1476 2612 permultis
1503 2567 1589 2598 tuln

138 2626 309 2675 Latinis,
346 2628 471 2665 Gavio
505 2629 650 2677 Basso,
690 2629 876 2677 Fonteio,
914 2631 1126 2682 Aquilino,
1166 2629 1322 2677 Cincio,
1359 2630 1588 2678 MVarrone,

138 2692 336 2741 Maximo,
365 2695 549 2744 Visellio,
578 2697 770 2748 Apuleio,
799 2698 1032 2747 MMessala,
1062 2698 1243 2735 Cornelio
1272 2697 1478 2746 Labeone,
1512 2697 1587 2735 Se-

139 2771 259 2809 neca,
289 2760 472 2811 Valente,
505 2765 720 2814 Mummio,
750 2766 917 2818 aliisque
955 2779 1061 2802 nunc
1086 2766 1152 2802 vel
1179 2765 1339 2802 omnino
1359 2766 1425 2803 vel
1442 2778 1589 2817 magna

141 2839 194 2865 ex
220 2834 332 2879 parte
357 2828 532 2880 perditis.
589 2845 713 2886 quem
742 2835 776 2873 si
806 2835 1058 2887 superstitem
1085 2845 1170 2871 esse
1198 2833 1356 2872 fortuna
1385 2834 1588 2884 voluisset,
