1748 3210
187 204 285 248 220
705 203 923 247 IOANNIS
957 205 1087 248 LYDI

182 333 233 369 με
256 317 498 369 κομίσασθαι
524 313 859 371 παρεκελεύσατο,
898 315 935 355 οἳ
964 315 1006 356 δὲ
1034 315 1133 371 πρὸς
1157 317 1200 358 τὸ
1226 322 1390 373 βοηθεῖν
1422 318 1499 362 ἀπὸ
1531 324 1603 362 τοῦ

183 384 389 437 λεγομένου
418 384 472 435 ἆβ
502 382 611 430 ἄκτις
641 380 894 434 καλούμενοι,
923 381 967 423 τὸ
991 381 1140 435 μήποτε
1165 384 1388 438 γενόμενον,
1418 404 1600 442 παρακα-

182 453 339 499 λοῦντες
366 447 658 503 προσελάβοντό
683 465 733 501 με
761 451 815 497 εἷς
845 453 1003 505 πρῶτον
1023 448 1333 505 χαρτουλάριον,
1367 451 1507 510 ἑτέρων
1529 451 1600 495 δύο

179 515 325 569 μόνων,
355 516 431 568 ἤδη
452 514 655 570 γερόντιον,
684 513 874 571 πρότερον
892 516 992 569 μετὰ
1005 518 1172 572 χρυσίου
1194 516 1338 566 δόσεως
1360 521 1600 572 συνταξαμέ-

179 600 257 624 νων
277 583 409 630 αὐτοῖς
423 595 434 605 ·
482 583 548 622 καὶ
567 582 613 623 οὗ
633 587 748 624 τοῦτο
767 581 888 636 μόνον
898 614 911 634 ,
947 583 1049 624 ἀλλὰ
1071 585 1136 624 καὶ
1158 583 1352 640 τέσσαρας
1365 585 1465 640 πρὸς
1480 586 1598 627 εἴκοσι
1611 595 1633 629 5

172 653 350 704 χρυσοῦς
369 648 459 690 κατ’
484 647 568 697 ἔτος
586 647 734 703 ὥρισαν
753 650 928 691 ἕκαστον.
995 649 1140 703 ὁμοίως
1163 667 1204 692 τε
1225 657 1346 692 ποιεῖν
1363 651 1451 692 ἀντ’
1473 653 1602 694 αὐτῶν

177 716 222 756 τὸ
253 713 458 770 λεγόμενον
488 714 744 771 περσονάλιον
772 718 836 758 καὶ
860 716 1123 767 κοττιδιανόν,
1155 719 1242 773 περὶ
1265 711 1316 758 ὧν
1339 716 1427 773 ἄρτι
1451 719 1602 772 διεξῆλ-

176 786 268 832 θον,
298 784 605 836 σουγγεστίωνας
625 783 824 837 ἐτιθέμην,
854 777 909 825 ὧν
929 781 949 824 ὅ
971 782 1086 838 λόγος
1103 778 1191 825 ὧδε.
1258 782 1399 833 πάντες
1418 785 1492 837 μὲν
1513 785 1602 826 ἀνέ-

175 854 302 890 καθεν
323 850 360 890 οἳ
377 850 487 905 παρὰ
516 854 566 904 τῇ
593 851 686 890 ποτὲ
717 849 854 906 πρώτῃ
885 854 963 892 τῶν
994 851 1127 906 ἀρχῶν
1151 855 1396 905 βοηθοῦντες
1413 858 1496 900 τοῖς
1515 851 1603 906 τρέ-

171 933 288 969 χουσι
305 918 490 971 σκρινίοις
512 918 660 970 δ...ης
676 917 892 970 ἐξέλαμπον
911 919 1112 968 παιδείας,
1143 919 1231 973 περὶ
1254 920 1297 959 δὲ
1316 918 1387 972 τὴν
1399 916 1602 971 Ῥωμαίων
1613 923 1656 958 10

175 983 310 1039 φωνὴν
330 982 375 1024 τὸ
399 983 515 1024 πλέον
536 982 633 1037 ἔχειν
653 982 914 1035 ἐσπούδαζον·
947 983 1143 1039 χρειώδης
1165 985 1240 1040 γὰρ
1267 980 1315 1039 ἦν
1341 985 1474 1038 αὐτοῖς
1499 985 1603 1026 κατὰ

140 1067 143 1070 ·
172 1051 420 1104 τάναγκαῖον.
489 1051 598 1103 δίκης
622 1045 690 1091 οὖν
709 1051 897 1106 ἓφεσίμου
918 1052 1037 1103 τυχὸν
1056 1052 1275 1106 γενομένης,
1310 1050 1392 1093 εἶτα
1412 1051 1512 1107 πρὸς
1529 1051 1603 1105 τὴν

172 1115 390 1171 σύγκλητον
411 1117 651 1170 ἀναγομένης
670 1117 769 1171 πρὸς
789 1116 1027 1172 διόρθωσιν,
1073 1117 1094 1159 ὃ
1115 1122 1194 1159 τῶν
1220 1118 1348 1159 ἄλλων
1369 1148 1379 1158 .
1393 1148 1424 1159 ..
1437 1148 1450 1159 .
1471 1119 1602 1173 κρείτ-

171 1199 251 1224 των
273 1185 477 1225 συνέταττε
494 1183 564 1235 τὴν
580 1176 787 1236 λεγομένην
806 1185 1091 1237 σουγγεστιίονα
1111 1184 1216 1238 (ἀντὶ
1233 1189 1302 1225 τοῦ
1322 1185 1599 1238 διδασκαλίαν)

171 1250 272 1303 πρὸς
292 1247 481 1304 ἀκρόασιν
501 1253 571 1302 τῆς
589 1253 739 1302 βουλῆς
757 1248 866 1306 οὕτω,
879 1249 1054 1302 μάλιστα
1073 1248 1127 1299 ὡς
1145 1249 1368 1303 ἐκπλήττειν
1383 1249 1452 1292 τόν
1469 1267 1509 1292 τε
1530 1255 1600 1305 τῆς
1611 1256 1653 1290 15

170 1320 320 1368 βουλῆς
347 1317 573 1371 κυαίστωρα
600 1317 666 1356 καὶ
691 1315 785 1365 τοὺς
812 1317 1045 1371 λεγομένους
1071 1315 1194 1357 πάλαι
1213 1317 1284 1369 μὲν
1307 1315 1600 1373 ἀντεκήνσωρας

172 1383 273 1423 καθ’
299 1381 404 1435 ἡμᾶς
436 1383 478 1424 δὲ
508 1383 771 1438 ἀντιγραφεῖς.
837 1388 908 1424 τοῦ
939 1385 981 1424 δὲ
1008 1387 1109 1425 θεοῦ
1133 1381 1501 1436 συλλαμβάνοντος,
1533 1385 1600 1424 καὶ

170 1455 243 1503 τῆς
271 1450 350 1490 ἀπὸ
375 1453 454 1491 τιῦν
483 1451 782 1504 περιγινομένων
812 1466 882 1502 μοι
907 1454 1177 1506 παραμυθιῶν
1192 1451 1420 1505 προθυμίας
1440 1450 1600 1492 ἀνεπαί-

171 1522 324 1570 σθητον
344 1515 610 1570 ἀποτελούσης
627 1517 694 1558 τὸν
713 1515 905 1569 κάματον,
933 1519 979 1558 οὗ
1001 1515 1122 1569 μόνον
1141 1515 1334 1572 ἐπλήρουν
1352 1517 1424 1566 τὰς
1442 1517 1599 1572 εἲρημέ-

170 1601 243 1632 νας
261 1585 502 1639 λειτουργίας
520 1584 580 1623 ἐπὶ
602 1587 674 1624 τοῦ
696 1585 869 1639 σκρινιόυ
880 1615 894 1633 ,
938 1584 1040 1624 ἀλλὰ
1066 1583 1147 1636 μὴν
1169 1585 1470 1638 ἔπισηκρητευον
1490 1583 1653 1640 παρὰ20

169 1658 251 1698 τοῖς
273 1649 541 1705 ταχυγράφοις
561 1650 616 1691 ἔτι
639 1652 705 1690 καὶ
726 1649 924 1703 ἐβοήθουν
940 1649 1084 1706 ἑτέροις
1102 1652 1142 1691 ἐν
1161 1654 1217 1705 τῷ
1237 1651 1381 1702 τεμένει
1402 1655 1472 1703 τῆς
1491 1652 1600 1704 δίκης

168 1721 515 1773 ταχυγραφοῦσιν,
553 1715 575 1757 ὃ
604 1721 777 1758 καλεῖται
811 1716 1027 1772 σήκρητον·
1061 1719 1126 1758 καὶ
1154 1717 1200 1758 οὐ
1228 1717 1352 1772 μικρὰ
1382 1716 1408 1770 ἣ
1435 1734 1475 1758 τε
1500 1715 1598 1767 δόξα

259 1824 278 1857 1
303 1834 345 1855 an
368 1818 472 1856 ὑπόί)
584 1823 606 1855 6
625 1821 742 1855 ποιῶν
759 1822 804 1854 F.
918 1824 940 1856 9
965 1821 1021 1865 οἱ]
1043 1834 1065 1864 η
1090 1823 1132 1855 C.
1253 1822 1296 1855 10
1318 1818 1380 1855 διὰ
1395 1822 1528 1863 πολλῆς
1550 1822 1597 1855 F.

257 1868 301 1901 13
331 1872 410 1911 post
436 1864 553 1900 ἄλλων
583 1866 704 1900 literae
731 1867 911 1900 nonnullae
945 1867 1146 1901 exstinctae.
1191 1866 1347 1911 suspicor
1375 1866 1483 1899 fuisse
1509 1866 1599 1909 βοη-

255 1912 356 2000 ιῖιόιὲ
366 1954 374 1966 ἱ
400 1913 452 1991 F&
601 1913 647 1945 20
663 1911 739 1956 lego
762 1909 1058 1955 ἐπεσηκρήτευον.
1095 1912 1140 1945 F.
1274 1912 1318 1946 21
1341 1908 1529 1955 ἐβοήθουν
1551 1912 1596 1954 F,

283 1968 324 2000 οη
360 1969 403 1990 ον
456 1980 467 1990 .

168 2058 226 2081 sus
251 2057 389 2080 aureum
409 2057 462 2079 me
487 2056 508 2078 a
536 2056 653 2078 mensa
683 2046 776 2078 ferre
802 2043 920 2078 iussit:
950 2044 1000 2077 illi
1031 2056 1114 2078 vero
1145 2056 1232 2088 quos
1263 2044 1435 2078 adiutores
1463 2043 1597 2087 legerat

167 2103 267 2135 quem
290 2093 332 2124 ab
354 2091 439 2124 actis
462 2095 598 2132 vocant,
621 2090 799 2123 invitatum
819 2101 884 2131 me,
908 2091 999 2132 quod
1018 2101 1186 2133 nunquam
1201 2101 1263 2123 usu
1278 2094 1431 2132 venerat,
1452 2089 1595 2133 primum

167 2135 406 2169 chartularium
429 2146 604 2178 sumpsere
618 2160 627 2176 ,
659 2146 733 2168 cum
756 2135 891 2178 quidem
909 2136 974 2167 duo
1002 2140 1131 2168 tantum
1149 2134 1226 2177 alii,
1259 2135 1324 2168 iam
1347 2145 1463 2176 senes,
1494 2138 1596 2166 antea.

166 2193 242 2214 cum
263 2180 306 2213 iis
325 2181 405 2212 data
427 2179 573 2222 pecunia
590 2179 759 2222 egissent3
783 2190 894 2223 neque
915 2179 951 2212 id
973 2179 1091 2223 solum,
1113 2191 1231 2212 verum
1255 2180 1355 2213 etiam
1376 2183 1537 2223 quattuor
1559 2181 1596 2211 et

166 2225 292 2269 viginti
315 2235 436 2259 aureos
459 2223 495 2256 in
519 2223 669 2266 singulos
691 2236 796 2257 annos
822 2224 1082 2258 constituerunt.
1129 2224 1354 2268 personalium
1377 2224 1459 2257 item
1479 2226 1515 2256 et
1535 2233 1596 2255 co-

166 2271 344 2311 tidianum,
367 2273 405 2302 ut
422 2272 557 2312 vocant,
585 2270 628 2301 de
647 2269 770 2312 quibus
789 2269 887 2302 modo
906 2269 1033 2312 rettuli,
1055 2269 1177 2303 iisdem
1195 2269 1378 2303 conficiens
1400 2267 1594 2311 suggestio-

167 2327 229 2350 nes
264 2315 524 2358 componebam3
564 2324 704 2356 quarum
732 2314 817 2347 haec
847 2319 901 2347 est
927 2314 1028 2348 ratio.
1075 2326 1189 2347 omnes
1223 2314 1301 2347 olim
1331 2314 1421 2358 apud
1450 2312 1594 2356 primum

167 2361 336 2405 quondam
371 2358 625 2402 magistratuum
650 2359 864 2392 currentibus
891 2358 926 2391 in
955 2359 1091 2393 scriniis
1118 2359 1290 2392 adiutores
1314 2357 1417 2391 multa
1438 2356 1594 2390 doctrina

167 2406 411 2450 splendebant,
434 2405 584 2437 Romana
603 2408 714 2436 autem
731 2403 848 2447 lingua
867 2403 1034 2437 excellere
1054 2405 1255 2444 studebant3
1286 2403 1414 2446 quippe
1431 2411 1591 2434 necessa-

166 2452 220 2484 ria
242 2451 286 2484 iis
309 2450 511 2494 quandoque
533 2453 619 2482 erat.
645 2460 721 2481 nam
742 2459 815 2481 cum
836 2449 927 2481 forte
950 2448 1152 2493 appellatum
1174 2448 1209 2481 in
1230 2458 1342 2489 causa,
1366 2457 1474 2489 eaque
1491 2445 1590 2479 dein-

166 2507 248 2540 ceps
268 2496 310 2528 ad
329 2499 494 2535 senatum,
516 2497 555 2526 ut
573 2493 794 2535 iudicaretur,
817 2494 1003 2527 deferenda
1027 2499 1139 2534 esset3
1163 2493 1221 2537 qui
1240 2491 1364 2525 ceteris
1380 2491 1591 2535 praestabat,

167 2552 267 2585 quam
297 2539 550 2583 suggestionem
578 2544 704 2572 vocant
738 2538 798 2581 (id
824 2543 877 2571 est
905 2538 1185 2580 διδασκαλίαν),
1216 2537 1350 2571 senatui
1370 2535 1590 2576 recitandam,

166 2586 403 2629 componebat,
423 2584 473 2617 ita
489 2583 632 2617 maxime
649 2588 687 2616 ut
704 2587 740 2617 et
759 2590 973 2626 quaestorem
989 2589 1127 2617 senatus
1142 2587 1178 2616 et
1191 2588 1424 2616 antecessores
1442 2581 1496 2622 (ut
1511 2579 1590 2612 olim

166 2631 338 2664 vocabant
362 2640 448 2673 quos
465 2640 553 2662 nunc
574 2625 822 2671 οἷντιγραφεῖς)
843 2629 1131 2672 obstupefaceret.
1178 2629 1242 2661 deo
1263 2632 1375 2661 autem
1395 2625 1591 2666 adiuvante,

168 2680 205 2708 et
224 2675 401 2708 alacritate
423 2685 445 2707 a
469 2674 744 2717 contingentibus
763 2672 846 2706 mihi
868 2673 1010 2716 solatiis,
1033 2685 1076 2706 ne
1096 2673 1258 2706 sentirem
1274 2672 1435 2713 laborem,
1456 2668 1588 2719 facien-3

167 2725 203 2753 te
218 2746 226 2762 ,
250 2731 318 2752 non
334 2723 464 2753 tantum
481 2723 664 2753 memorata
685 2718 874 2752 ministeria
892 2718 929 2750 in
951 2718 1077 2751 scrinio
1099 2718 1296 2761 implebam,
1329 2715 1391 2749 sed
1411 2717 1589 2748 secretam

168 2765 309 2808 insuper
322 2775 461 2798 munere
475 2765 566 2809 apud
579 2763 730 2798 notarios
746 2764 925 2806 fungebar,
947 2762 1090 2806 aliisque
1108 2762 1143 2795 in
1163 2762 1287 2806 templo
1308 2759 1472 2802 iustitiae,
1498 2756 1590 2807 quqd

168 2815 336 2844 secretum
359 2814 512 2855 vocatur,
534 2809 677 2845 notariis
697 2820 835 2855 operam
852 2809 997 2850 dabam3
1019 2819 1083 2843 nec
1101 2819 1211 2854 parva
1230 2811 1305 2842 erat
1321 2816 1395 2839 cum
1412 2804 1456 2838 ab
1473 2811 1588 2847 open-
