1748 3210
378 195 453 238 DE
485 189 928 237 MAGISTRATIBUS
960 190 1006 235 P.
1038 189 1092 235 R.
1126 188 1230 234 LIB.
1260 189 1336 234 111.
1483 189 1578 236 251

134 303 227 367 ἐρῶ.
286 305 484 363 Ἀντίοχός
503 325 584 360 τις,
619 307 698 363 ἤδη
717 307 842 366 γέρων
863 307 935 363 τὴν
954 304 1118 361 ἡλικίαν,
1149 301 1330 361 ἐμηνύθη
1354 302 1464 362 αὖτῷ
1477 321 1581 361 χρυ-

135 379 222 422 σίου
242 375 435 432 δεσπότης
458 375 558 418 εἷναί
573 390 698 427 τινος·
734 377 893 430 συσχιὺν
913 370 982 418 οὖν
1008 375 1127 417 αὐτὸν
1145 375 1356 431 καλῳδίοις
1376 378 1582 428 στιβαροῖς

134 445 319 498 ἀνέδησεν
339 446 381 486 ἔκ
399 451 571 502 χειροῖν,
607 446 681 495 ἕως
711 444 885 501 ἴξαρμος
909 442 1116 499 γενόμενος
1140 441 1160 484 ὃ
1193 444 1318 500 γέρων
1347 442 1484 499 νεκρὸς
1502 446 1582 482 τῶν

135 515 293 567 δεσμῶν
310 513 590 570 ἠλευθερώθη.
658 512 806 567 ταύτης
823 512 898 568 ἐγὼ
918 516 989 567 τῆς
1003 513 1237 569 μιαιφονίας
1254 511 1393 567 γέγονα
1403 508 1582 567 θεωρός·

101 591 125 628 ⁵
136 580 362 636 ἠπιστάμην
383 581 461 638 γὰρ
479 581 546 623 τὸν
559 581 769 636 Ἀντίοχον.

269 650 349 694 58.
415 652 574 706 Πρᾶξις
589 650 663 703 μὲν
683 644 752 691 οὖν
772 646 872 703 αὕτη
894 652 953 706 τῷ
971 646 1225 704 Καππαδόκῃ
1247 650 1387 690 πασῶν
1407 661 1579 702 μετριω-

133 714 249 771 τάτη.
318 719 384 760 καὶ
404 717 488 760 εἴθε
513 721 608 774 γοῦν
630 716 753 772 μόνος
776 724 863 767 ταῖς
886 717 1058 767 ἀδικίαις
1081 715 1306 773 ἒνηγρύπνει
1322 721 1337 756 !
1373 713 1581 771 Βριάρεως

136 786 180 827 δὲ
200 782 386 844 καθάπερ
405 783 425 828 ὃ
448 789 520 828 τοῦ
540 785 679 840 μύθου
706 787 854 843 μυριάς
876 792 1016 841 χεῖρας
1045 785 1143 839 ἔχειν
1171 791 1253 834 τοῖς
1270 789 1452 838 ποιηταῖς
1472 783 1581 838 λέγε-

135 870 216 904 ται,
253 852 380 904 οὕτως
480 854 624 904 ἐκεῖνος
656 852 841 910 ἀλάστωρ
869 853 1056 909 ἀπείρους
1082 851 1308 908 ὑπουργοὺς
1336 856 1416 894 τῶν
1447 854 1582 893 κακῶν

82 929 127 964 10
137 920 236 977 ἔχων
256 922 327 964 οῧκ
347 923 409 964 ἐπὶ
427 927 498 976 τῆς
513 922 710 976 βασιλέως
728 921 851 975 μόνον
869 920 1063 977 εἰργάζετο
1073 951 1086 972 ,
1122 920 1214 962 ἀλλ’
1232 922 1293 961 ἐπὶ
1314 918 1443 961 πάντα
1461 917 1582 961 τόπον

136 1007 178 1032 τε
201 992 267 1032 καὶ
279 982 422 1047 χώραν
440 989 649 1032 ἀπέστελλε
669 989 763 1040 τούς
779 987 941 1043 ὁμοίους
958 988 1080 1046 αὐτῷ,
1116 989 1228 1042 δίκην
1247 987 1497 1043 ἓξειπότηρος
1516 987 1585 1029 τὸν

137 1056 368 1111 ἁπανταχοῦ
392 1057 645 1100 λανθάνοντα
663 1058 760 1107 τέως
779 1057 924 1111 ὀβολὸν
944 1055 1199 1111 ἄνιμώμενος.
1269 1058 1311 1098 ἐκ
1329 1057 1372 1098 δὲ
1387 1060 1465 1098 τῶν
1485 1060 1584 1096 πολ-

135 1130 217 1168 λῶν
237 1124 323 1174 ἑνὸς
340 1125 440 1182 πρὸς
460 1123 659 1176 ἀπόδειξιν
677 1131 748 1180 τῆς
767 1129 848 1167 τῶν
866 1129 1014 1167 λοιπῶν
1032 1125 1248 1180 βδελυρίας
1269 1122 1584 1178 ἀναμνησθήσο-

134 1210 222 1247 μαι.
255 1191 467 1248 ὁμώνυμός
487 1210 546 1243 τις
563 1189 612 1247 ἦν
635 1193 757 1251 αὐτῷ,
779 1192 879 1249 πρὸς
897 1193 1033 1247 γένους
1052 1191 1177 1247 ἐγγύς,
1204 1192 1302 1248 ἀνὴρ
1329 1191 1428 1248 ὑπὲρ
1450 1196 1585 1234 πᾶσαν

83 1267 127 1302 15
140 1262 314 1303 ἐπίνοιαν
335 1260 537 1316 θεηλάτου
565 1262 728 1312 κακίας,
774 1259 1052 1315 Καππαδόκης
1079 1261 1152 1314 μὲν
1179 1261 1244 1301 καὶ
1277 1259 1419 1311 αὐτός,
1454 1261 1519 1301 καὶ
1543 1261 1586 1302 ἐκ

136 1328 263 1384 μόνης
282 1334 354 1383 τῆς
375 1334 446 1371 τοῦ
477 1327 664 1382 σώματος
684 1331 894 1383 διασκευῆς
923 1328 968 1371 τὸ
999 1328 1195 1385 βδελυρὸν
1217 1332 1290 1381 τῆς
1311 1332 1447 1383 ψυχῆς
1468 1329 1586 1370 ἔκκα-

137 1395 310 1440 λύπτων.
355 1392 404 1451 ἦν
425 1397 497 1451 μὲν
517 1395 594 1453 γάρ
613 1414 674 1446 τις
693 1397 944 1454 πολύσαρκος
964 1399 1030 1439 καὶ
1052 1396 1232 1453 περιττὸς
1250 1397 1321 1450 τὴν
1342 1395 1452 1450 ὄψιν,
1482 1394 1587 1437 πλά-

137 1481 195 1508 τει
215 1467 289 1519 μ’ἓν
310 1464 484 1523 ἀμόρφῳ
504 1467 570 1507 καὶ
591 1470 718 1521 κρεῶν
739 1464 1005 1522 περιττώμασι
1029 1466 1101 1515 τὰς
1120 1463 1306 1520 σιαγόνας
1329 1466 1587 1521 ἒξῳδημένος,

138 1535 205 1575 καὶ
224 1537 283 1591 τῷ
301 1532 418 1589 βάρει
442 1537 522 1575 τῶν
548 1538 709 1589 σαρκῶν
730 1532 795 1575 οἷα
826 1532 1008 1587 μανδύην
1029 1531 1311 1589 ἀποκρεμάσας
1333 1538 1406 1575 τοῦ
1426 1532 1582 1588 προσώ-

81 1606 238 1644 2οπου·
270 1606 350 1644 τῶν
375 1599 567 1643 θυλάκιον
591 1599 1009 1655 μαξιλλοπλουμάκιον
1031 1601 1151 1643 αὐτὸν
1184 1599 1204 1642 ὃ
1235 1603 1364 1655 δῆμος
1387 1600 1589 1643 ἀπεκάλει.

138 1665 256 1720 οὗτος
284 1668 306 1711 ὅ
326 1670 530 1726 Κέρβερος
556 1667 576 1711 ὃ
606 1668 884 1726 καρχαρόδους
913 1669 1044 1719 κοινὸς
1069 1671 1142 1723 μὲν
1167 1667 1376 1724 ἐτύγχανεν
1401 1667 1586 1710 ἁπάντων

138 1736 329 1796 ὄλεθρος,
362 1737 434 1793 τὴν
457 1738 498 1780 δ’
522 1737 620 1792 ἐμὴν
647 1739 942 1795 Φιλαδέλφειαν
969 1737 1096 1788 οὕτως
1124 1739 1179 1788 εἷς
1208 1737 1350 1779 λεπτὸν
1377 1735 1588 1792 ἆπεμασή-

227 1867 252 1903 7
272 1865 404 1910 μόναις
426 1867 470 1902 C.
629 1868 652 1902 9
688 1871 769 1914 post
807 1863 926 1907 οὕτως
959 1867 1083 1902 literae
1121 1867 1253 1913 aliquot
1289 1866 1494 1903 exstinctae.
1540 1869 1586 1902 F.

229 1909 456 1958 ὕπουργοὺς]
475 1913 673 1948 coniectura
693 1926 734 1948 ex
756 1914 912 1959 reliquiis
936 1914 1123 1948 literarum.
1147 1915 1191 1949 F.
1263 1914 1307 1947 14
1328 1914 1501 1948 recentior
1519 1926 1592 1947 ma-

229 1969 294 1993 nus
314 1957 408 2003 πρὸς
431 1957 580 2003 γένουςε
602 1959 713 2004 prima
731 1960 821 1993 enim
844 1958 938 2004 πρὸς
958 1958 1075 2004 γένος.
1227 1961 1268 1994 18
1290 1956 1524 2004 ἐξοιδημένος
1545 1960 1589 1993 C.
1618 1982 1621 1986 ·

140 2070 422 2117 quemadmodum
445 2083 625 2116 exponam.
671 2071 875 2106 Antiochum
898 2073 1066 2117 quendam
1091 2071 1158 2106 iam
1192 2083 1308 2106 senem
1332 2072 1407 2106 auri
1434 2072 1590 2106 nonnihil

140 2117 341 2163 possidere,
375 2117 408 2150 ei
431 2117 683 2151 indicaverant.
731 2124 925 2162 correptum
948 2119 1066 2162 itaque
1088 2118 1183 2152 duris
1209 2118 1369 2152 funiculis
1394 2131 1414 2152 e
1433 2119 1590 2153 manibus

142 2163 335 2207 suspendit,
357 2164 468 2197 donec
484 2163 606 2196 solutis
627 2163 794 2197 iuncturis
818 2175 924 2198 senex
947 2170 1099 2198 mortuus
1123 2175 1143 2198 e
1163 2164 1309 2198 vinculis
1332 2164 1498 2199 liberatus
1521 2170 1589 2199 est.

141 2207 245 2242 huius
268 2220 333 2252 ego
356 2209 452 2242 necis
473 2213 650 2253 spectator
670 2209 739 2242 fui:
765 2221 927 2243 noveram
949 2210 1039 2244 enim
1063 2210 1278 2244 Antiochum.

235 2253 292 2288 58.
338 2255 490 2288 Facinus
517 2254 654 2298 quidem
685 2255 750 2289 hoc
773 2256 919 2289 omnium
945 2256 1162 2300 Cappadocis
1183 2255 1510 2290 moderatissimum:
1535 2258 1590 2290 at-

143 2309 214 2344 que
235 2298 363 2333 utinam
385 2299 477 2333 solus
501 2299 620 2344 utique
644 2299 779 2335 iniuriis
801 2301 1038 2346 invigilasset!
1084 2313 1203 2336 verum
1225 2302 1389 2337 Briareus
1408 2301 1516 2335 veluti
1533 2302 1589 2334 fa-

142 2344 247 2378 bulae
272 2350 454 2379 sexcentas
477 2357 594 2379 manus
617 2345 744 2380 habere
765 2358 786 2380 a
809 2348 923 2392 poetis
947 2347 1091 2391 dicitur,
1124 2348 1175 2382 sic
1195 2372 1205 2382 .
1219 2372 1251 2382 ..
1277 2347 1431 2383 nefarius
1454 2347 1511 2380 ille
1535 2347 1591 2380 in·-

142 2400 304 2424 numeros
326 2391 490 2425 malorum
512 2391 687 2426 ministros
711 2392 838 2427 habens
861 2405 929 2427 non
952 2399 1083 2427 tantum
1104 2394 1326 2438 imperatoria
1343 2393 1381 2426 in
1399 2395 1485 2426 urbe
1507 2405 1591 2437 age-

143 2437 216 2479 bat,
239 2437 302 2470 sed
324 2437 361 2470 in
379 2448 510 2471 omnem
528 2437 639 2471 locum
659 2438 904 2483 regionemque
922 2440 977 2472 sui
997 2439 1124 2473 similes
1148 2440 1318 2482 mittebat,
1342 2439 1475 2472 haustri
1497 2450 1593 2472 more

143 2481 341 2527 ubicunque
364 2483 526 2517 latentem
548 2483 724 2528 hucusque
744 2485 879 2519 obolum
905 2484 1079 2518 hauriens.
1127 2497 1146 2518 e
1169 2485 1282 2518 multis
1302 2495 1386 2518 vero
1411 2485 1453 2518 ad
1475 2484 1592 2518 decla-

145 2528 287 2561 randam
320 2534 512 2563 ceterorum
544 2529 756 2574 impietatem
783 2531 883 2564 unius
914 2530 1119 2564 mentionem
1153 2531 1289 2564 faciam.
1352 2535 1427 2563 erat
1454 2529 1593 2574 quidam

146 2571 300 2607 eiusdem
318 2585 393 2608 cum
414 2574 472 2608 illo
495 2575 662 2619 nominis,
697 2575 754 2609 vir
774 2588 878 2621 super
899 2588 1031 2610 omnem
1055 2576 1298 2620 cogitationem
1319 2575 1434 2609 fatalis
1461 2575 1591 2620 impro-

146 2617 278 2663 bitatis,
302 2620 492 2665 Cappadox
515 2626 551 2654 et
572 2621 661 2666 ipse,
683 2621 826 2666 soloque
845 2622 999 2666 corporis
1021 2622 1140 2656 habitu
1157 2622 1325 2666 impurum
1343 2621 1489 2656 animum
1510 2633 1591 2666 pro-

147 2664 246 2697 dens.
293 2671 368 2699 erat
387 2666 477 2699 enim
498 2668 678 2701 admodum
701 2679 864 2701 carnosus
883 2667 1033 2712 quidam,
1062 2674 1098 2701 et
1113 2667 1321 2702 redundanti
1342 2668 1452 2709 facie3
1475 2667 1594 2702 latitu-

148 2709 231 2742 dine
257 2711 393 2754 quidem
418 2711 576 2756 informi,
610 2719 645 2748 et
665 2713 812 2747 maxillis
838 2713 1034 2748 luxuriante
1059 2725 1163 2748 carne
1188 2713 1417 2757 tumentibus,
1443 2713 1595 2747 carnium

146 2754 302 2799 pondere
329 2756 430 2801 quasi
454 2759 622 2792 manduen
643 2771 664 2793 a
686 2759 783 2793 vultu
803 2759 998 2794 demittens.
1047 2760 1090 2792 ab
1109 2759 1244 2793 utribus
1266 2759 1595 2804 Maxillothylacium

147 2811 225 2834 eum
247 2801 351 2845 vulgo
381 2803 566 2838 vocabant.
612 2806 788 2839 Cerberus
823 2806 880 2839 hic
914 2805 1024 2839 acutis
1051 2805 1211 2839 dentibus
1240 2806 1426 2839 communis
1482 2805 1595 2839 uidem

148 2851 225 2880 erat
248 2847 395 2883 omnium
416 2848 610 2894 perniciem
639 2862 749 2886 meam
774 2863 858 2886 vero
886 2851 1159 2897 Philadelphiam
1184 2851 1236 2885 ita
1262 2851 1398 2896 penitus
1424 2864 1444 2886 e
1492 2851 1594 2894 ausit,
