1748 3210
263 206 404 236 xnvm
854 198 858 201 ’
890 195 1062 238 FUSSII

263 330 425 376 uterque
450 322 699 362 emendatum
726 331 880 362 textum
911 325 1110 375 legerunt,
1140 324 1187 360 ab
1218 324 1344 377 iisque
1370 323 1591 365 admonitus
1609 339 1688 365 non

262 392 384 429 semel
405 397 472 428 aut
492 392 630 428 vitium
651 390 810 442 aliquod
827 404 905 428 non
926 390 1238 429 animadversum
1258 393 1435 430 intellexi
1459 400 1526 430 aut
1543 394 1689 444 proba-

259 458 378 495 bilius
405 459 593 508 corrigere
615 464 773 495 conatus
791 470 891 495 sum.
949 470 1048 509 quae
1069 471 1160 496 vero
1183 471 1298 508 opere
1314 459 1394 495 iam
1410 458 1564 510 pridem
1581 462 1687 511 typis

260 537 404 562 excuso
429 522 670 561 emendanda
693 536 893 575 superesse
917 523 1021 572 vidi,
1052 537 1097 561 ea
1117 537 1195 562 una
1217 537 1305 562 culn
1324 524 1476 564 mendis
1497 532 1686 578 typogra-

256 589 382 640 phicis
405 590 454 628 ad
475 598 694 627 extremum
714 591 890 641 opusculi
907 589 1090 628 indicavi.

365 692 410 727 In
446 691 550 728 vitiis
592 696 723 730 autem
757 688 992 740 corrigendis
1030 688 1132 727 hanc
1166 690 1247 726 fere
1287 683 1496 727 rationein*
1513 691 1686 728 servavi:

44 769 79 801 p.
97 766 233 791 Lxxxlv
257 755 546 794 emendationes
559 785 569 804 ,
600 755 648 793 de
677 756 816 807 quibus
846 755 1014 793 dubitari
1030 770 1110 794 non
1125 763 1256 808 posset
1268 785 1278 804 ,
1307 757 1348 792 in
1368 763 1523 793 textum
1541 757 1682 808 recepi,

34 1737 69 1771 p.
102 1735 226 1760 Lxxxv

28 2657 64 2692 p.
81 2655 219 2683 Lxxxvl

255 824 390 860 ceteris
414 824 456 859 in
483 823 585 859 notis
613 829 767 859 tantum
797 824 1018 873 propositis.
1075 823 1118 859 in
1150 821 1293 859 iisdem
1325 821 1548 860 emendatas
1573 835 1595 859 a
1618 836 1684 860 me

258 888 400 926 codicis
435 890 622 926 lectiones
661 890 814 936 notavi,
853 890 1025 939 exeeptis
1051 902 1146 940 quas
1171 889 1328 926 nonnisi
1354 890 1564 940 scripturae
1589 889 1683 926 vitio

255 956 431 992 laborare
463 956 673 992 constabat.
729 954 845 992 huius
872 956 1024 1005 generis
1050 953 1215 992 mendae
1239 956 1281 991 in
1306 953 1438 992 codice
1456 956 1683 992 innumerae

256 1021 528 1068 occurrebant,
558 1022 667 1058 nullo
697 1022 843 1072 passim
871 1023 972 1058 inter
1001 1020 1176 1058 eiusdem
1194 1022 1279 1059 soni
1297 1022 1450 1059 vocales
1469 1019 1685 1071 diphthon-

253 1100 402 1139 gosque
421 1087 642 1124 discrimine
664 1095 828 1125 servato.
888 1087 1053 1125 eandem
1075 1089 1156 1126 sive
1178 1089 1438 1139 ignorantiam
1455 1089 1536 1125 sive
1555 1089 1686 1139 negli-

252 1156 426 1203 gentiam
451 1156 493 1190 in
515 1160 675 1190 accentu
696 1153 1002 1191 animadvertere
1026 1155 1137 1202 licet,
1175 1155 1218 1190 in
1244 1167 1321 1206 quo
1345 1155 1572 1206 saepissime
1590 1168 1685 1206 pec-
1717 1161 1720 1164 “

252 1225 404 1267 catum3
434 1221 513 1257 imo
530 1222 664 1257 multis
683 1221 799 1268 locis,
829 1221 897 1257 ubi
916 1233 1020 1256 nunc
1044 1219 1308 1268 desideratur,
1337 1223 1494 1259 omnino
1515 1221 1685 1259 defuisse

250 1284 416 1323 videtur.
473 1285 524 1323 ad
552 1301 577 1326 ν
606 1282 883 1336 ἐφελκυστικόν
911 1299 1002 1323 vero
1030 1284 1137 1336 quod
1165 1287 1321 1334 attinet,
1349 1288 1505 1330 tametsi
1529 1286 1684 1324 credere

249 1364 329 1388 non
367 1352 492 1388 ausim
525 1351 629 1389 hanc
657 1353 814 1389 literam
841 1364 922 1388 non
953 1351 1030 1388 nisi
1063 1363 1199 1388 eorum
1228 1352 1296 1402 qui
1324 1365 1421 1404 opus
1448 1352 1685 1404 descripsere

250 1417 364 1468 culpa
397 1424 486 1455 ante
523 1424 779 1455 consonantes
812 1429 891 1454 non
919 1417 1050 1454 minus
1078 1429 1194 1468 saepe
1217 1424 1333 1469 atque
1357 1426 1446 1456 ante
1465 1420 1619 1458 vocales
1642 1421 1685 1456 in

250 1482 382 1521 codice
413 1484 594 1535 reperiri,
631 1484 756 1520 malui
784 1489 938 1531 tamen,
974 1484 1142 1521 aliorum
1171 1486 1354 1534 consilio,
1389 1487 1432 1522 in
1457 1499 1498 1523 re
1526 1487 1684 1524 levioris

247 1551 438 1588 momenti
459 1557 688 1587 consuetum
710 1548 903 1586 editorum
922 1563 1073 1587 morem
1091 1552 1215 1602 sequi.
1274 1557 1445 1590 ceterum
1464 1559 1620 1591 textum
1641 1553 1684 1590 in

246 1616 366 1654 libros
384 1623 422 1653 et
441 1618 566 1667 capita
583 1615 754 1654 divisum
771 1615 1024 1667 paragraphis
1044 1618 1203 1668 insuper
1223 1616 1400 1656 distinxi.

358 1717 468 1753 Notis
490 1715 540 1752 ad
557 1722 712 1753 textum
733 1715 1023 1754 emendandum
1040 1716 1454 1770 interpretandumque
1471 1719 1683 1768 spectanti-

247 1784 322 1821 bus
349 1783 465 1830 alias,
498 1783 639 1834 quibus
669 1797 730 1820 res
760 1785 1065 1831 illustrarentur,
1105 1783 1248 1821 addere
1277 1786 1577 1822 constitueram:
1614 1782 1685 1821 sed

247 1862 346 1887 mox
378 1848 636 1887 animadverti
665 1851 792 1887 maius
821 1862 843 1886 a
871 1862 934 1886 me
966 1862 1085 1901 quam
1110 1864 1181 1901 pro
1211 1852 1288 1888 otio
1315 1864 1405 1888 meo
1431 1863 1530 1901 opus
1550 1863 1684 1888 susce-

248 1923 384 1967 ptum:
413 1917 546 1968 itaque
577 1923 726 1954 mutato
759 1918 956 1967 proposito
983 1918 1236 1967 paucissimas
1261 1915 1378 1955 huius
1400 1915 1552 1967 generis
1571 1923 1683 1954 notas

249 1984 429 2033 inspersi.
486 1989 688 2019 auctorum
708 1990 841 2020 tamen
861 1985 947 2020 loca
971 1996 992 2020 a
1013 1983 1124 2035 Lydo
1143 1982 1302 2021 laudata
1326 1985 1520 2036 quaesivi,
1549 1992 1684 2034 reper-

246 2056 363 2100 taque
386 2055 452 2086 aut
470 2050 571 2086 notis
592 2051 738 2087 inserui
761 2057 827 2086 aut
849 2056 950 2087 certe
968 2049 1151 2088 indicavi.
1206 2057 1360 2102 praeter
1375 2049 1533 2088 laudata
1551 2056 1683 2087 autem

246 2117 332 2152 loca
364 2116 439 2152 alia
471 2126 624 2167 quoque
658 2129 738 2153 non
770 2115 901 2154 addito
936 2119 1100 2155 auctoris
1124 2118 1283 2154 nomine
1308 2123 1532 2166 occurrunt,
1561 2117 1683 2155 veluti

245 2182 363 2219 verba
396 2177 488 2221 οὐδ’
517 2182 560 2222 ἐν
589 2180 688 2236 λόγῳ
720 2178 812 2222 οὐδ’
836 2181 879 2222 ἔν
902 2179 1064 2238 ἀριθμῷ
1099 2182 1164 2235 (p.
1195 2186 1273 2224 211
1310 2186 1407 2237 16),
1455 2197 1555 2236 quae
1592 2190 1684 2222 sunt

246 2261 334 2298 pars
354 2249 499 2285 oraculi
521 2248 627 2300 quod
647 2248 759 2286 affert
783 2248 1011 2287 scholiastes
1035 2249 1084 2287 ad
1105 2249 1308 2288 Theocriti
1325 2250 1384 2288 Id.
1405 2250 1459 2292 24
1481 2265 1519 2289 v.
1539 2250 1614 2298 483
1645 2255 1684 2287 et

246 2315 365 2352 verba
387 2314 463 2355 ἔδει
482 2313 524 2354 δὲ
541 2311 750 2368 χρημάτων
776 2319 846 2352 etc.
887 2315 950 2366 (p.
973 2314 1054 2356 246
1081 2317 1180 2369 17),
1219 2330 1318 2368 quae
1351 2324 1459 2368 patet
1486 2331 1508 2354 e
1534 2318 1683 2353 Demo-

247 2379 395 2418 sthenis
426 2381 584 2432 Olynth.
614 2385 633 2422 1
668 2384 789 2432 petita
818 2395 922 2430 esse,
953 2382 1020 2418 ubi
1046 2383 1188 2432 legitur
1218 2384 1280 2423 δεῖ
1305 2381 1355 2434 δή
1380 2379 1586 2435 χρημάτων
1609 2389 1682 2420 eto.

247 2459 346 2498 quae
369 2446 445 2484 duo
466 2458 550 2486 sero
571 2449 840 2487 animadversa
863 2446 929 2483 hic
948 2453 1131 2484 annotare
1153 2450 1279 2497 iuvat,
1309 2451 1466 2497 ceteris,
1495 2459 1595 2500 quae
1619 2461 1684 2485 re-

244 2515 370 2564 perire
399 2516 529 2565 potui,
562 2529 632 2553 suo
661 2516 748 2554 loco
781 2514 974 2552 indicatis.
1032 2520 1090 2550 est
1118 2516 1275 2552 omnino
1304 2514 1439 2566 Lydus
1466 2516 1613 2552 multus
1640 2515 1682 2550 in

243 2587 419 2618 veterum
441 2583 673 2633 scriptorum
690 2583 807 2630 locis,
840 2593 964 2632 quae,
995 2580 1092 2617 olim
1106 2581 1218 2629 lecta,
1251 2583 1463 2618 memoriae
1483 2582 1566 2618 eius
1585 2592 1682 2618 con-

243 2646 330 2683 fusa
356 2647 679 2696 obversabantur,
709 2645 954 2699 usurpandis.
1011 2645 1182 2684 indicem
1209 2659 1364 2699 quoque
1390 2654 1593 2685 auctorum
1605 2659 1680 2697 pe-

245 2715 448 2766 culiarem!
465 2714 612 2766 adieci;
663 2716 808 2768 quippe
847 2720 885 2751 et
920 2711 1091 2751 indicem
1121 2726 1251 2751 rerum
1281 2726 1449 2767 eumque
1480 2709 1679 2766 copiosum

245 2781 406 2819 confeci.
