1748 3210
249 196 315 242 96
771 201 991 244 IOANMS
1028 201 1160 244 LYDI

379 308 457 354 65.
520 305 628 367 ἧπαρ
653 310 776 366 γυπὸς
804 311 877 353 σὺν
896 316 954 367 τῷ
977 312 1115 364 αἵματι
1134 309 1274 364 ὀπτόν,
1307 314 1408 368 μετὰ
1430 314 1588 369 μέλιτος
1608 317 1671 358 δι·-

247 371 409 428 δόμενον
428 378 490 418 ἐπὶ
511 377 738 431 ἑβδομάδας
755 385 857 433 τρεῖς
867 409 880 428 ,
915 377 1152 420 ἀπαλλάττει
1170 380 1394 434 ἐπιληψίας.
1460 381 1606 435 ὅμοίως
1628 384 1672 429 δὲ

94 464 131 496 p.
159 452 220 487 111
245 444 310 483 καὶ
336 443 407 495 τὴν
437 447 603 500 καρδίαν
635 448 707 486 τοῦ
736 443 882 498 γυπός,
917 443 1010 487 ὅταν
1033 449 1238 502 ξηρανθῇ,
1266 448 1306 488 ἓν
1325 448 1442 491 ὕδατι
1462 451 1671 504 διδομένην

242 514 300 566 τῷ
319 509 391 565 ἴσῳ
411 509 544 567 τρόπῳ
564 509 723 563 ἰσχύειν.

379 575 458 620 66.
523 579 623 632 φασὶ
645 577 688 618 δὲ
712 575 832 619 αὐτὸν
853 577 922 619 τὸν
938 576 1100 619 Ἰούλιον
1121 576 1343 632 ἑπτάμηνον
1363 583 1574 634 τεχθῆναι,
1603 582 1668 622 καὶ
1681 588 1703 623 6

244 641 312 682 διὰ
330 645 444 684 τοῦτο
463 642 531 684 τὸν
551 644 720 696 ἕβδομον
738 648 846 697 μῆνα
864 650 936 686 τοῦ
958 646 1154 701 ἱερατικοῦ
1173 646 1352 686 ἐνιαυτοῦ
1370 647 1425 694 εἷς
1439 647 1511 701 τὴν
1527 649 1670 688 οἶκείαν

243 713 479 760 μεταβαλεῖν
524 711 805 767 προσηγορίαν.
871 712 998 761 οὐδεὶς
1040 713 1084 753 δὲ
1131 711 1249 761 ἄλλος
1291 711 1583 768 ἠνδραγάθισεν
1616 712 1671 763 ὦς

244 769 372 824 οὗτος.
666 811 668 814 ,

378 841 456 886 67.
517 842 700 898 χρησμὸς
730 841 854 898 ἐδόθη
875 842 1086 898 ,Ῥωμαίοις
1116 844 1217 900 πρὸς
1244 848 1315 898 τῆς
1345 841 1538 900 Μητρός,
1568 845 1668 899 μηδ’

243 907 344 956 ὅλως
367 909 632 964 Ἀφροδισίοις
656 915 839 966 χρῆσθαι
867 911 942 954 ἀνὰ
969 911 1099 954 πάντα
1118 912 1185 953 τὸν
1200 910 1385 962 Ἰούλιον,
1415 909 1522 961 ὅπως
1537 911 1670 961 αὐτοῖς
1683 922 1725 957 10

242 973 426 1030 ὖγιαίνειν
447 975 496 1017 τὰ
521 975 688 1030 σώματα
706 978 857 1030 μέλλοι.

378 1042 454 1086 68.
521 1043 624 1084 κατὰ
647 1043 714 1086 τὸν
735 1045 775 1085 ἓν
796 1045 922 1087 λεόντι
949 1042 1060 1098 ἥλιον
1089 1043 1288 1097 ἀναχεῖται
1309 1041 1331 1085 ὅ
1348 1047 1508 1094 Νεῖλος.
1568 1043 1672 1094 Ἷλὰς

241 1107 369 1161 ὄνομα
400 1113 458 1164 τῷ
484 1111 617 1166 Νείλῳ
648 1109 860 1166 πρότερον,
899 1109 981 1152 εἶτα
1009 1111 1213 1165 Αἴγυπτος
1243 1112 1283 1160 ἒξ
1313 1109 1520 1164 Αἰγύπτου
1529 1141 1543 1162 ,
1590 1110 1672 1153 εἶτα
1721 1163 1724 1167 Δ

241 1174 527 1230 Χρυσορρόας,
562 1178 627 1218 καὶ
653 1178 698 1219 τὸ
725 1177 864 1218 λοιπὸν
882 1182 1026 1226 Νειλος
1048 1178 1124 1218 ἀπὸ
1140 1178 1334 1230 βασιλέως
1353 1176 1456 1219 οὕτω
1475 1179 1672 1230 καλουμέ-

240 1258 310 1284 νου
323 1255 334 1265 ·
364 1242 408 1283 τὸ
435 1243 512 1297 γὰρ
541 1241 653 1292 δόξαι
673 1250 756 1292 τοῖς
775 1250 1063 1298 γραμματικοῖς
1082 1244 1158 1284 ἀπὸ
1180 1248 1251 1297 τῆς
1270 1245 1361 1292 νέας
1381 1242 1490 1293 ἰλύος
1511 1243 1671 1298 ὥνομά·
1683 1253 1725 1287 15

94 1325 130 1357 p.
156 1314 222 1349 112
245 1312 344 1350 σθαι
377 1309 444 1350 τὸν
474 1313 618 1350 Νεῖλον
646 1310 746 1365 πρὸς
776 1311 1030 1364 ε’τυμολογίαν
1057 1309 1146 1368 ὁρᾷ.
1210 1311 1300 1364 περὶ
1316 1314 1387 1363 τῆς
1405 1311 1446 1352 ἓν
1466 1311 1576 1366 θέρει
1593 1317 1672 1353 τῶν

235 1374 395 1416 ὑδάτων
415 1374 626 1425 ἐπιδόσεως
636 1375 903 1432 Ἀναξαγόρας
924 1379 1022 1433 φησὶ
1038 1377 1111 1426 τὰς
1126 1380 1197 1430 τῆς
1217 1378 1440 1426 Αἰθιοπίας
1455 1378 1673 1431 τηκομένας

233 1441 371 1495 χιόνας
397 1442 648 1484 ἀποστέλλειν
669 1443 738 1485 τὸν
766 1447 927 1485 Νεῖλον.
995 1446 1060 1485 καὶ
1086 1442 1233 1497 ταύτης
1259 1445 1339 1485 fori
1358 1447 1429 1498 τῆς
1451 1443 1570 1498 δόξης
1586 1443 1607 1486 ὅ
1629 1445 1670 1486 τ’

236 1508 442 1562 Αἰσχύλος
469 1511 535 1550 καὶ
559 1512 769 1565 Σοφοκλῆς
790 1513 855 1551 καὶ
879 1510 1108 1565 Εὐριπίδης.
1176 1509 1196 1550 ὃ
1221 1511 1263 1551 δὲ
1286 1511 1468 1564 μέγιστος
1488 1513 1529 1552 ἓν
1554 1515 1670 1568 φιλο-

236 1575 378 1631 σόφοις
392 1575 602 1629 Ῥωμαίοις
618 1576 787 1626 Σενεκὰς
804 1577 988 1631 ἀντιλέγει
1010 1575 1175 1633 φάσκων
1189 1577 1261 1630 τὴν
1280 1572 1509 1619 Αἰθιοπίαν
1530 1577 1724 1631 (ἕνθενὲθ

237 1645 302 1683 καὶ
324 1644 576 1684 διακαίεσθαι
598 1642 649 1683 τὰ
668 1641 836 1695 σώματα
857 1648 935 1684 τῶν
958 1645 1275 1699 Τρωγλοδυτῶν,
1304 1645 1441 1693 οἵτινες
1459 1644 1505 1685 οὗ
1526 1646 1670 1700 φέρον-

235 1726 299 1758 τες
318 1709 386 1751 τὸν
403 1709 514 1763 ἣλιον
530 1707 607 1750 ὕπὸ
625 1709 696 1764 τὴν
714 1714 786 1764 γῆν
805 1712 999 1761 οἰκοῦσιν,
1035 1710 1055 1751 ὅ
1078 1727 1117 1751 τε
1138 1708 1308 1766 ἄργυρος
1328 1711 1421 1752 κατ’
1442 1711 1585 1753 ἐκεῖνον
1601 1711 1669 1753 τὸν

324 1847 348 1882 3
373 1844 542 1889 διδομένη
564 1846 608 1889 V,
632 1845 808 1891 δεδομένη
826 1847 868 1881 Ρ.
1003 1847 1024 1880 6
1050 1846 1232 1890 ἱερατικοῦ
1251 1859 1306 1881 om
1323 1847 1366 1882 P.
1502 1848 1546 1883 12
1563 1845 1668 1893 Ἰλάς]

327 1891 680 1981 ἒιᾶἱὶῑιέἶὲρῖῖέῗωε.
798 1893 845 1927 20
865 1891 999 1927 Seneca
1015 1892 1099 1927 Nat.
1120 1892 1264 1934 Quaest.
1282 1892 1306 1928 4
1327 1893 1365 1927 2.
1432 1893 1437 1896 ’
1477 1892 1524 1928 22
1546 1893 1666 1928 οἰκοῦ-

325 2059 382 2094 65.
429 2059 549 2104 Hepar
563 2058 708 2092 vulturis
725 2070 799 2092 cum
814 2070 935 2093 cruore
951 2062 1099 2094 assatum
1111 2086 1121 2103 ‚
1150 2072 1224 2094 cum
1240 2060 1338 2095 melle
1352 2059 1384 2094 si
1401 2058 1501 2093 datur
1515 2069 1579 2103 per
1592 2061 1665 2093 tres

237 2104 486 2147 hebdomades,
519 2105 635 2137 morbo
667 2104 827 2138 comitiali
857 2104 994 2138 liberat.
1041 2105 1197 2140 similiter
1223 2111 1336 2139 autem
1366 2109 1402 2140 et
1430 2115 1489 2137 cor
1506 2103 1664 2147 vulturis,

238 2161 313 2183 cum
330 2150 492 2182 siccatum
508 2154 562 2182 est
573 2174 583 2192 ‚
616 2149 646 2182 si
663 2150 762 2182 datur
776 2149 813 2182 in
830 2161 938 2193 aqua,
972 2150 1048 2193 pari
1064 2151 1162 2184 modo
1179 2151 1303 2184 efficax
1319 2162 1395 2184 esse
1409 2149 1538 2183 (ficunt.

326 2195 382 2228 66.
428 2194 555 2227 Dicunt
571 2199 681 2227 autem
697 2194 808 2238 ipsum
820 2194 942 2227 Iulium
958 2199 1249 2238 septemmestrem
1263 2200 1377 2228 natum
1387 2220 1398 2238 ‚
1431 2198 1466 2227 et
1479 2196 1665 2238 propterea

234 2239 413 2282 septimum
431 2250 578 2272 mensem
595 2239 674 2272 anni
688 2239 911 2272 sacerdotalis
927 2239 963 2272 in
979 2240 1199 2284 suumipsius
1214 2245 1360 2274 mutasse
1375 2250 1520 2277 nomen.
1565 2249 1664 2272 nemo

233 2295 318 2317 vero
338 2283 423 2317 alius
438 2289 566 2317 tantam
580 2283 743 2316 virtutem
757 2283 932 2327 praestitit
948 2292 1107 2327 quantam
1123 2286 1191 2318 hic.

324 2330 382 2362 67.
430 2328 612 2362 oraculum
630 2329 744 2362 datum
765 2333 819 2362 est
832 2328 994 2361 Romanis
1010 2340 1031 2361 a
1046 2330 1159 2363 Matre
1181 2330 1373 2373 (Magna),
1399 2327 1533 2362 omnino
1556 2327 1662 2361 rebus

233 2373 401 2407 Venereis
417 2373 629 2407 abstinerent
642 2384 705 2416 per
724 2377 831 2406 totum
846 2384 993 2406 mensem
1011 2373 1132 2407 Iulium
1142 2400 1151 2417 ,
1182 2380 1221 2408 ut
1234 2374 1319 2418 ipsis
1333 2372 1488 2406 valerent
1502 2382 1661 2416 corpora.

321 2419 378 2452 68.
424 2418 505 2452 Sole
529 2418 565 2450 in
586 2419 704 2451 Leone
719 2417 819 2451 Nilus
835 2418 1104 2462 superfunditur.
1151 2419 1218 2452 Ilas
1233 2429 1355 2452 nomen
1367 2416 1449 2450 Nilo
1466 2421 1568 2450 antea
1581 2417 1661 2460 fuit,

230 2464 356 2499 deinde
383 2463 583 2508 Aegyptu5‚
615 2464 658 2496 ab
685 2462 844 2506 Aegypto
857 2487 866 2505 ,
896 2467 975 2507 post
994 2463 1271 2506 Chrysorrhoas,
1305 2467 1341 2496 et
1359 2466 1531 2506 postremo
1545 2460 1660 2504 Nilus,

230 2522 253 2544 a
274 2520 358 2552 rege
383 2509 439 2542 cui
461 2509 525 2542 hoc
547 2518 669 2540 nomen
693 2513 786 2540 erat:
818 2518 894 2540 nam
918 2508 1009 2551 quod
1029 2507 1255 2551 grammaticis
1279 2504 1354 2540 ἀπὸ
1373 2506 1439 2549 τῆς
1455 2503 1542 2544 νέοις
1559 2503 1661 2545 ἰλύος

232 2554 284 2597 (i.
311 2567 342 2587 e.
367 2565 389 2588 a
411 2564 500 2587 novo
522 2551 628 2596 limo)
652 2552 790 2586 videtur
818 2552 1009 2586 nominatus
1032 2563 1109 2585 esse
1130 2552 1251 2594 Nilus,
1282 2552 1319 2586 id
1348 2551 1392 2584 ad
1419 2549 1659 2594 etymologiam

231 2602 381 2643 spectat.
429 2600 472 2632 de
489 2596 730 2640 inundatione,
753 2608 841 2641 quae
863 2608 928 2642 per
947 2601 1110 2631 aestatem
1130 2597 1172 2630 fit
1184 2623 1194 2640 ,
1217 2598 1436 2640 Anaxagoras
1458 2595 1508 2628 ait
1526 2595 1570 2628 ab
1587 2594 1659 2628 Ae-

231 2643 385 2688 thiopiae
418 2642 537 2676 solutis
568 2642 706 2676 nivibus
739 2642 873 2676 demitti
900 2642 1028 2676 Nilum.
1075 2646 1111 2676 et
1141 2641 1178 2675 in
1200 2642 1264 2675 hac
1287 2641 1448 2685 opinione
1468 2639 1658 2683 Aeschylus

232 2689 421 2732 Sophocles
446 2693 549 2732 atque
569 2686 758 2731 Euripides
782 2692 874 2721 sunt.
919 2698 1065 2720 summus
1094 2690 1206 2720 autern
1231 2685 1508 2730 philosophorum
1528 2684 1655 2719 Roma-

231 2745 350 2766 norum
383 2733 517 2766 Seneca
549 2732 760 2776 obloquitur,
795 2732 910 2766 dicens
943 2743 1006 2776 per
1027 2731 1243 2776 Aethiopiam
1278 2731 1390 2774 (unde
1414 2733 1451 2762 et
1472 2729 1656 2762 adurantur

231 2789 376 2823 corpora
394 2777 703 2822 Troglodytarum‚
731 2776 791 2821 qui
811 2788 880 2810 non
900 2778 1050 2810 ferentes
1071 2776 1177 2810 solem
1198 2777 1261 2810 sub
1281 2781 1374 2809 terra
1402 2773 1574 2817 habitant,
1597 2783 1657 2827 art
