1748 3210
215 187 308 234 176
726 167 948 231 loANms
980 186 1111 230 LYm

208 298 474 355 μελετήσαντα
500 305 570 343 τοῦ
596 300 668 354 μὲν
694 304 841 342 σκοποῦ
867 298 964 356 ὑπὲρ
998 300 1231 350 λυσιτελείας
1259 305 1336 344 τῶν
1356 304 1492 344 κοινῶν
1510 300 1623 344 zum-

210 374 303 418 σεῖ’ν,
341 371 394 417 εἷς
411 367 623 423 βάραθρον
642 368 684 408 δὲ
703 367 772 420 τὴν
791 367 918 422 ἀρχὴν
938 374 1192 423 καταρρΐψαι.
1259 369 1396 411 αὐτίκα
1416 370 1487 422 μὲν
1504 370 1580 424 γὰρ
1600 367 1622 410 ὃ

210 436 397 488 βασιλεὺς
414 440 483 488 τῆς
503 435 544 474 ἐκ
561 438 639 475 τῶν
658 433 788 475 ὅπλων
808 432 941 486 ἰσχύος
957 435 1182 490 ἀφαιρεῖται
1201 435 1272 488 τὴν
1289 433 1425 491 ἀρχήν,
1458 433 1538 478 εἶτα
1553 439 1624 488 τῆς

210 506 288 544 τῶν
316 502 530 555 λεγομένων
555 505 760 556 φαβρικῶν
789 501 903 542 οἱονεὶ
932 499 1164 543 ὃπλοποιιῶν
1185 504 1391 558 φροντίδος
1409 506 1478 556 τῆς
1493 505 1624 544 τετοῦ

210 570 399 622 δημοσίου
423 565 573 623 δρόμου
595 569 659 608 καὶ
677 566 807 621 πάσης
825 566 980 622 ἑτέρας,
1016 569 1071 610 δι’
1094 563 1147 610 ὧν
1167 570 1211 610 τὸ
1237 567 1438 623 λεγόμενον
1457 569 1654 622 συνέστηὸ

207 634 469 689 μαγιστέριον.
531 632 584 682 ὥς
605 635 647 675 δὲ
665 633 849 690 δύσεργον
866 630 914 688 ἦν
935 635 1167 691 ἀποτρέψειν
1183 636 1254 688 μὲν
1273 636 1342 678 τὸν
1357 634 1532 691 ὕπαρχον
1549 635 1625 676 ἀνὰ

209 701 280 750 τὰς
314 701 501 757 ἐπαρχίας
529 701 622 750 τοὺς
653 702 863 755 δημοσίους
879 704 1023 751 ἵππους
1041 704 1104 743 καὶ
1128 703 1220 751 τοὺς
1240 703 1370 751 αὐτοῖς
1391 703 1626 758 ἐφεστῶτας,

209 766 363 824 ἑτέρους
395 769 438 809 δὲ
466 773 680 821 κεκτῆσθαι
710 769 780 821 τὴν
807 769 872 809 ἐπ’
906 769 1037 818 αὐτοῖς
1067 771 1243 818 ἐξουσίαν
1271 786 1311 811 τε
1332 771 1397 811 καὶ
1423 770 1625 822 διοίκησιν,

208 833 328 888 νόμος
347 835 465 888 ἐτέθη
483 837 678 886 θεσπίζων
699 835 931 888 ἀντέχεσθαι
952 836 1022 888 μὲν
1042 836 1110 877 τὸν
1128 835 1305 890 ὕπαρχον
1319 840 1390 888 τῆς
1410 839 1479 877 τοῦ
1501 836 1627 888 δημο-

210 904 296 943 σίου
325 900 475 957 δρόμου
507 903 731 958 φροντίδος,
764 902 833 943 τὸν
863 908 1018 958 πρῶτον
1044 903 1174 955 μέντοι
1203 907 1280 943 τῶν
1307 902 1627 957 φρουμενταρίων
1638 903 1680 939 10

210 970 417 1024 (πρίγκιπα
437 968 556 1010 αὐτὸν
578 967 748 1024 σήμερον
767 971 972 1022 συμβαίνει
991 970 1217 1022 καλεῖσθαι)
1246 975 1425 1023 παρεῖναι
1445 969 1513 1009 διὰ
1529 985 1629 1008 παν-

208 1036 277 1084 τὸς
297 1041 351 1092 τῷ
372 1037 608 1092 δικαστηρίῳ
630 1041 700 1077 τοῦ
721 1040 798 1077 τῶν
826 1038 1074 1092 πραιτωρίων
1102 1034 1280 1091 ὑπάρχου
1312 1038 1376 1076 καὶ
1402 1039 1630 1090 πολυπραγ-

207 1109 362 1156 μονεῖν,
421 1104 486 1143 καὶ
515 1103 587 1151 τὰς
621 1105 746 1151 αἰτίας
774 1105 972 1158 ἓξερευνᾶν
1003 1097 1056 1143 ὧν
1086 1103 1194 1143 ἕνεκα
1219 1104 1355 1143 πολλοὶ
1385 1101 1628 1157 ποριζόμενοι

209 1170 320 1225 παρὰ
348 1173 419 1221 τῆς
447 1169 571 1223 ἀρχῆς
600 1169 651 1209 τὰ
677 1167 865 1222 λεγόμενα
890 1168 1128 1221 συνθήματα
1150 1173 1206 1224 τῷ
1228 1171 1402 1224 δημοσίῳ
1425 1170 1630 1225 κέχρηνται

210 1234 347 1291 δρόμῳ
372 1234 514 1289 (ταύτῃ
539 1236 604 1275 καὶ
625 1236 839 1289 κουρίωσος
857 1233 1073 1287 ὠνομάσθη
1102 1235 1187 1275 ἀντὶ
1217 1239 1286 1275 τοῦ
1308 1236 1507 1291 περίεργος
1514 1267 1526 1285 ,
1561 1236 1626 1276 καὶ
1640 1238 1681 1273 15

210 1302 281 1342 οὐκ
313 1301 431 1350 αὐτὸς
457 1300 577 1353 μόνος
607 1301 705 1341 ἀλλὰ
737 1302 802 1341 καὶ
831 1300 972 1349 πάντες
999 1300 1083 1342 ὅσοι
1114 1301 1187 1341 κάν
1214 1307 1300 1349 ταῖς
1322 1303 1524 1356 ἐπαρχίαις
1549 1308 1630 1350 τοῖς

210 1369 414 1421 δημοσίοις
440 1367 699 1423 ἐφεστήκασιν
726 1368 882 1420 ἵπποις)
894 1399 907 1418 ,
941 1365 1327 1423 προσεπιγράφοντος
1353 1374 1434 1416 τοῖς
1463 1369 1526 1408 ἐπὶ
1555 1371 1632 1408 τῶν

210 1434 371 1490 δρόμων
395 1433 624 1487 συνθήμασι
646 1436 711 1475 καὶ
733 1439 802 1475 τοῦ
827 1435 1030 1489 λεγομένου
1054 1435 1282 1489 μαγίστρου.
1350 1433 1409 1476 ὅτι
1433 1435 1476 1476 δὲ
1495 1433 1632 1484 οὕτως,

210 1503 332 1555 αὐτῆς
354 1502 521 1542 δυνατὸν
551 1502 715 1543 ἀκοῦσαι
745 1506 818 1554 τῆς
849 1500 1081 1551 διατάξεως,
1117 1503 1156 1542 ἓν
1173 1502 1245 1552 μὲν
1261 1505 1315 1558 τῷ
1337 1500 1459 1542 πάλαι
1482 1501 1632 1547 Θεοδο-

209 1573 332 1626 σιανῷ
347 1568 541 1621 κειμένης,
571 1570 612 1608 ἓν
629 1569 672 1608 δὲ
693 1571 750 1623 τῷ
767 1572 891 1624 νεαρῷ
913 1569 1199 1623 παροφθείσης.
1537 1564 1539 1567 ⁴
1640 1572 1691 1607 20.

348 1635 421 1678 11.
491 1635 628 1683 Οῧτως
649 1629 716 1676 οὖν
737 1634 867 1690 ὥσπερ
888 1635 943 1674 δι’
965 1633 1210 1689 ’ὖποβάθρων
1230 1637 1344 1675 τινῶν
1360 1632 1632 1690 καταφερομέ-

210 1719 280 1756 νης
299 1706 370 1755 τῆς
391 1701 536 1757 ἀρχῆς,
581 1701 672 1750 τοὺς
691 1702 762 1755 μὲν
781 1702 1082 1757 στρατιωτικοὺς
1102 1699 1340 1756 καταλόγους
1359 1700 1490 1751 ἔταξεν
1507 1699 1534 1755 ἦ
1554 1704 1634 1753 βα-

298 1851 321 1885 3
343 1849 486 1883 πολλῶν
509 1850 550 1893 C,
575 1850 637 1883 sed
660 1850 682 1884 3
704 1850 748 1883 40
769 1845 903 1884 ὅπλων.
1038 1851 1059 1883 6
1082 1848 1323 1895 ἀποστρέφειν
1346 1851 1387 1884 C.
1513 1850 1556 1884 10
1577 1860 1635 1883 τοι

298 1896 366 1929 add
384 1897 428 1928 1³¹.
585 1898 625 1928 11
647 1897 835 1929 καλεῖσθαι
853 1895 916 1929 add
937 1896 967 1929 F*
989 1908 1008 1929 e
1030 1896 1051 1929 3
1074 1896 1130 1930 40.
1290 1897 1330 1930 17
1353 1895 1446 1938 lego,
1469 1899 1507 1928 ut
1532 1893 1633 1936 3³40,

297 1936 659 1984 προϋπογράφοντος.
779 1940 829 1985 τῷ
855 1938 975 1986 δρόμῳ
994 1942 1016 1975 3
1038 1940 1106 1975 40„
1229 1942 1271 1975 21
1289 1937 1567 1986 ὑποβαράθρων
1588 1939 1630 1972 C.

212 2071 388 2118 proposito
411 2071 557 2115 quidem,
579 2073 670 2105 bono
687 2072 739 2105 rei
758 2072 923 2116 publicae,
947 2073 1131 2115 aberravit,
1155 2073 1191 2106 in
1210 2073 1402 2106 barathrum
1421 2083 1505 2106 vero
1525 2069 1634 2113 magi-

213 2123 355 2151 stratum
377 2117 630 2160 praecipitavit.
678 2129 820 2160 namque
845 2117 1030 2160 imperator
1059 2118 1217 2152 continuo
1245 2118 1430 2162 potentiam
1458 2118 1500 2150 ab
1532 2114 1634 2149 armis

212 2162 424 2205 magistratui
443 2162 578 2203 adimit,
614 2162 736 2196 deinde
763 2162 984 2204 fabricarum,
1019 2163 1053 2196 id
1078 2169 1130 2197 est
1153 2174 1316 2196 armorum
1339 2162 1634 2202 conficiendorum,

213 2219 276 2240 nec
298 2218 364 2239 non
387 2217 503 2239 cursus
526 2206 653 2250 publici
675 2219 807 2250 curam,
841 2212 876 2239 et
897 2213 1029 2240 ceteras
1051 2220 1186 2250 omnes,
1222 2221 1240 2241 e
1266 2208 1388 2251 quibus
1406 2206 1635 2251 magisterium

213 2253 304 2296 quod
332 2256 455 2284 vocant
478 2252 657 2284 conflat-um
690 2258 754 2286 est.
800 2263 874 2284 cum
905 2258 1015 2285 autem
1045 2253 1287 2286 incommodum
1309 2257 1402 2286 esset
1426 2252 1634 2296 praefectum

211 2295 384 2341 praetorio
406 2306 510 2339 equos
529 2296 680 2339 publicos
698 2297 808 2340 iisque
827 2297 1039 2340 praepositos
1058 2298 1093 2330 in
1114 2297 1300 2341 provinciis
1323 2302 1525 2338 sustentare,
1548 2294 1635 2328 alio-

211 2353 285 2375 rum
307 2352 390 2374 vero
412 2342 474 2373 sub
498 2347 667 2384 potestate
691 2354 749 2374 eos
771 2341 1128 2386 administrationeque
1150 2354 1237 2383 esse,
1261 2342 1315 2376 lex
1333 2343 1414 2375 data
1430 2346 1483 2375 est
1500 2345 1539 2374 ut
1555 2350 1635 2372 cur-

212 2397 269 2420 sus
292 2385 420 2430 publici
439 2396 551 2418 curam
574 2388 766 2429 praefectus
789 2386 960 2430 praetorio
985 2387 1150 2420 retineret
1181 2387 1332 2430 quidem,
1363 2386 1490 2430 primus
1521 2390 1635 2419 tamen
1670 2411 1673 2414 ,

210 2430 504 2464 frumentariorum
525 2431 728 2475 (principem
753 2443 827 2464 eum
848 2430 950 2464 hodie
977 2434 1121 2474 vocant)
1145 2431 1181 2465 in
1207 2431 1374 2465 auditorio
1403 2431 1475 2464 eius
1501 2428 1637 2474 s'emper

203 2477 350 2510 «adesset
362 2501 370 2518 ,
404 2480 438 2508 et
457 2482 577 2508 cuncta
598 2477 731 2509 curiose
750 2476 995 2520 investigaret,
1032 2487 1216 2520 causasque
1234 2476 1423 2520 inquireret
1444 2487 1504 2508 cur
1525 2473 1634 2518 multi,

211 2520 401 2564 impetratis
423 2532 443 2553 a
459 2521 634 2564 praefecto
656 2522 827 2565 praetorio
847 2521 1081 2564 synthematis‚
1106 2532 1206 2555 cursu
1220 2521 1354 2564 publico
1371 2525 1507 2554 utantur
1527 2519 1635 2562 (unde

212 2566 314 2599 etiam
335 2566 487 2599 curiosus
509 2565 618 2599 dictus
642 2572 712 2606 est3
747 2578 858 2610 neque
877 2566 933 2599 ille
952 2566 1054 2609 solus,
1078 2567 1137 2600 sed
1161 2566 1353 2610 quicunque
1375 2566 1472 2609 equis
1489 2563 1634 2609 publicis

211 2610 248 2644 in
269 2610 454 2654 provinciis
477 2611 694 2654 praepositi),
719 2617 823 2654 utque
841 2612 1056 2654 synthemata
1081 2612 1123 2644 ad
1146 2622 1264 2644 cursus
1287 2616 1322 2644 et
1339 2611 1511 2653 magister,
1534 2619 1633 2653 quem

212 2661 356 2698 vocant,
380 2655 478 2699 isque
495 2655 620 2699 primus
642 2657 885 2690 subscriberet.
931 2657 1021 2700 quod
1044 2656 1092 2689 ita
1112 2667 1188 2689 esse
1208 2656 1285 2699 ipsa
1302 2655 1498 2689 constitutio
1520 2655 1632 2696 docet,

211 2700 247 2733 in
264 2706 383 2734 vetere
402 2700 519 2734 codice
541 2701 782 2734 Theodosiano
807 2707 955 2743 exstans,
978 2701 1014 2734 in
1035 2712 1123 2734 novo
1142 2706 1254 2734 autem
1276 2700 1527 2744 praetermissa.

303 2746 356 2779 11.
403 2745 463 2778 Sic
485 2745 590 2788 igitur
610 2751 767 2790 tanquam
790 2758 852 2790 per
874 2747 999 2790 gradus
1021 2745 1156 2779 labente
1179 2745 1397 2789 magistratu,
1431 2743 1632 2778 militaribus

212 2789 374 2834 catalogis
396 2790 593 2836 imperator,
617 2801 701 2836 quos
725 2791 864 2826 comites
884 2797 954 2826 tum
971 2792 1140 2825 vocabant
1159 2790 1235 2824 sive
1254 2791 1370 2834 duces,
1384 2789 1507 2824 officiis
1522 2793 1635 2823 autem
