1748 3210
271 195 373 226 xnvt
406 182 549 226 HASII
580 181 655 226 DE
687 180 893 227 IOANNE
925 181 1078 225 LYDO
1114 181 1559 227 COMMENTARIUS.

271 312 475 352 delitescit.
530 326 610 350 non
641 311 747 364 quod
779 325 913 350 verear
936 325 986 348 ne
1010 310 1137 350 nudus
1154 311 1256 364 Lydi
1271 319 1402 352 textus
1420 311 1543 351 doctis
1560 309 1692 350 homi-
1734 322 1748 351 ³}

269 381 384 418 nibus
412 394 491 418 non
521 378 711 416 iucundus
741 380 790 416 sit
816 379 989 426 futurus,
1018 380 1084 416 vel
1104 377 1210 430 quod
1226 386 1361 429 putem
1378 380 1568 417 iuveniles
1582 392 1691 417 meos
1743 383 1745 393 ²

270 453 428 484 conatus
456 459 539 484 esse
567 448 687 483 tanti:
716 444 786 483 sed
813 452 856 482 ut
884 459 1018 483 omnes
1045 446 1264 495 intelligant
1286 446 1526 483 elaboratum
1547 459 1631 484 esse
1649 447 1692 483 in

269 513 344 550 ista
371 513 630 564 qualicunque
660 525 797 562 opera,
835 518 878 549 ut
905 513 1127 550 liberalitati
1157 512 1411 549 illustrissimi
1436 514 1620 561 fautoris,
1659 513 1693 550 si
1742 560 1744 566 λ

268 580 400 617 minus
428 580 564 616 ceteris
589 579 722 625 rebus,
752 577 954 628 diligentia
975 586 1075 616 certe
1094 578 1405 629 responderetur.
1458 592 1585 632 neque
1600 591 1692 616 vero
1746 607 1748 610 -

270 647 305 683 si
325 658 400 697 qua
417 652 507 683 sunt
527 646 569 680 in
587 645 686 681 libro
708 642 756 680 de
777 645 944 682 Osteutis
960 646 1088 683 minus
1108 646 1291 696 perfecta,
1313 646 1412 683 sicut
1425 652 1526 693 sunt,
1554 646 1692 683 iccirco

268 712 316 748 ab
347 713 415 748 illo
446 710 596 748 edendo
630 709 863 748 deterrebor.
918 723 1011 747 nam
1039 718 1083 748 ut
1113 713 1292 749 universe
1309 710 1444 763 Lydus
1462 713 1625 749 minime
1644 712 1694 749 sit
1744 718 1745 721 ’

269 790 360 814 cum
373 779 537 815 summis
557 789 697 814 aureae
714 778 848 814 aetatis
865 778 1083 815 auctoribus
1103 777 1384 829 comparandus
1395 806 1405 826 ‚
1434 778 1484 815 iis
1503 784 1604 814 certe
1621 775 1695 814 ad-

268 842 532 880 numerandus
552 849 609 880 est
628 844 696 894 qui
710 844 828 880 totius
847 842 1072 882 eruditionis
1093 846 1295 897 antiquae,
1323 846 1434 884 cuius
1449 857 1521 883 nos
1537 844 1696 896 perexi-
1746 847 1748 849 ’

269 922 408 959 guam,
437 911 654 946 maximam
671 907 867 946 habebant
884 910 1124 948 facultatem.
1180 913 1321 963 quibus
1339 913 1380 949 in
1397 911 1615 950 auctoribus
1630 911 1696 947 ni·-

268 975 329 1012 hil
348 977 429 1013 fere
450 983 532 1013 tam
551 976 638 1012 leve
655 981 813 1026 tamque
833 977 936 1013 exile
955 984 1021 1014 aut
1038 984 1154 1015 tenue
1172 979 1330 1029 reperiri
1348 985 1462 1030 puto,
1489 975 1596 1030 quod
1617 989 1696 1014 non

269 1043 432 1080 alicuius
464 1040 674 1094 aliquando
704 1044 893 1079 momenti
919 1056 1026 1092 esse,
1056 1044 1208 1095 quodve
1234 1052 1336 1082 recte
1363 1058 1452 1082 cum
1470 1045 1556 1082 aliis
1573 1044 1697 1081 colla-

78 1122 116 1156 p·
137 1120 253 1147 Lxxrx
268 1115 353 1146 tum
381 1121 461 1146 non
493 1109 667 1159 aliquam
695 1111 899 1146 vetustatis
922 1116 1073 1160 partem
1093 1124 1193 1148 nova
1211 1112 1298 1148 luce
1317 1112 1541 1149 collustrare
1558 1111 1714 1162 possit.¹

270 1173 369 1226 quid
396 1173 502 1225 quod
529 1173 649 1222 mihi,
678 1175 720 1211 in
739 1173 867 1212 studia
884 1174 983 1212 haec
999 1183 1131 1213 nostra
1149 1179 1336 1226 intuenti,
1365 1175 1556 1215 eiusmodi
1574 1177 1698 1214 libro-

268 1254 357 1278 rum
376 1239 494 1277 editio
507 1268 518 1288 ,
546 1242 580 1277 si
601 1241 668 1290 qui
688 1239 815 1276 adhuc
834 1240 976 1288 latent,
1006 1240 1057 1276 ad
1072 1254 1138 1278 eos
1157 1244 1423 1292 potissimum,
1453 1244 1589 1280 ubiubi
1606 1244 1696 1292 sint,

269 1305 424 1344 videtur
443 1307 647 1356 pertinere,
674 1307 814 1356 quibus
829 1305 1002 1342 custodia
1021 1306 1200 1343 codicum
1216 1311 1567 1359 manuscriptorum
1583 1321 1700 1346 mau-

270 1372 362 1410 data
397 1379 468 1409 est.
525 1373 581 1409 sic
610 1371 717 1408 enim
746 1372 950 1418 existimo,
982 1384 1171 1422 magnum
1199 1387 1283 1412 esse
1310 1376 1352 1412 in
1378 1376 1502 1413 literis
1528 1376 1699 1424 Graecis,

269 1443 387 1491 atque
409 1437 505 1476 adeo
527 1438 771 1484 maximum,
799 1444 950 1474 veteres
969 1437 1176 1476 emendare
1197 1440 1377 1490 ingenio,
1406 1442 1604 1492 explicare
1626 1440 1700 1479 do-

270 1508 393 1544 ctrina
406 1533 417 1553 ,
445 1511 625 1542 naturam
649 1504 838 1541 sermonis
863 1506 1110 1554 perscrutari.
1167 1513 1279 1543 acuta
1297 1513 1429 1544 tamen
1450 1508 1607 1558 ingenia
1629 1520 1700 1545 us-

269 1584 503 1625 quequaque
535 1570 633 1607 haec
666 1576 842 1620 possunt.
897 1571 967 1607 illa
994 1584 1106 1620 vero,
1136 1573 1356 1624 fragmenta
1381 1572 1529 1611 inedita
1551 1587 1699 1622 eruere,

267 1639 513 1688 glossator-es,
543 1635 785 1684 scholiastas,
809 1644 983 1675 auctores
1003 1637 1251 1678 secundarios
1270 1639 1539 1678 delitescentes
1558 1653 1700 1692 quam-

267 1706 458 1756 plurimos
483 1706 526 1740 in
550 1704 680 1740 lucem
706 1702 923 1751 vindicare,
954 1703 1155 1756 doctisque
1183 1703 1407 1744 hominibus
1429 1708 1485 1744 sic
1507 1719 1610 1744 nova
1626 1705 1700 1743 ad-

267 1772 442 1808 iumenta
472 1777 711 1821 comportare
744 1769 795 1806 ad
827 1771 1029 1807 universae
1058 1772 1261 1808 vetustatis
1288 1773 1611 1822 intelligentiam,
1653 1785 1700 1809 ea

267 1838 351 1875 sine
370 1836 548 1874 codicum
567 1838 679 1887 copia
695 1849 811 1873 nemo
829 1843 970 1887 potest.
1026 1835 1102 1874 hae
1120 1839 1328 1889 praecipue
1346 1846 1436 1877 sunt
1454 1840 1592 1889 opinor
1607 1851 1701 1889 par-

266 1910 326 1941 tes
352 1912 526 1952 nostrae,
564 1916 703 1953 parum
730 1902 922 1940 iucundae
949 1904 1133 1953 fortasse,
1172 1903 1242 1942 sed
1266 1906 1402 1943 utiles:
1432 1905 1573 1956 quibus
1597 1911 1700 1942 recte

267 1971 361 2007 actis
381 1977 418 2007 et
439 1972 531 2008 satis
547 1970 673 2007 officio
694 1976 824 2007 nostro
844 1971 992 2008 factum
1009 1984 1093 2010 esse
1108 1978 1215 2023 puto,
1245 1978 1283 2010 et
1302 1971 1455 2010 abunde
1472 1972 1700 2023 praestitum

269 2037 547 2074 existimationi
569 2038 749 2089 vitaeque
770 2044 941 2076 nostrae.
