1748 3210
618 140 695 184 DE
733 140 1022 186 OSTENTIS.
1462 144 1558 190 361

242 251 315 298 13'.
342 257 391 312 τῇ
412 253 490 311 πρὸ
513 251 567 297 ια’
590 258 794 300 καλενδῶν
813 246 1037 314 ἀπαρκτίας
1059 248 1188 313 ῥεῦσει
1208 253 1312 309 μετὰ
1333 250 1473 299 νότου·
1491 258 1561 301 τὸν

107 325 154 367 δὲ
175 322 307 367 ὀϊστόν
330 341 430 381 φασι
453 321 639 367 δύεσθαι.

243 390 294 435 ἐτ’.
347 396 399 449 τῇ
424 393 503 450 πρὸ
525 391 550 434 ι’
575 393 776 436 καλενὸῶν
794 396 950 448 βορρᾶς
968 391 1071 446 μετὰ
1091 394 1267 448 βροχῆς,
1309 392 1377 434 καὶ
1404 389 1426 434 ὃ
1457 392 1557 435 λε’ων

107 457 265 502 δύεται·
313 459 504 517 ἄρχονται
528 462 571 503 δὲ
591 462 628 503 οἳ
649 466 804 519 βορραῖ
819 462 856 503 οἳ
871 460 1073 517 λεγόμενοι
1085 459 1300 515 χελιδόνιοι
1311 492 1324 511 ,
1367 460 1412 504 οἳ
1426 460 1557 520 πεφύ-

73 535 223 572 5κασιν
239 529 303 570 ε’πὶ
322 528 537 586 τριάκοντα
553 527 708 586 ἡμέρας
728 536 851 581 πνεῖν,
880 532 947 572 καὶ
969 530 1153 587 φαίνεται
1173 527 1358 582 χελιδών.

241 595 318 639 κοτ’.
344 602 395 654 τῇ
415 597 493 654 πρὸ
507 597 552 639 θ’
571 599 771 641 καλενὸῶν
791 597 812 640 ὃ
837 598 1059 655 ἅρκτοῦρος
1077 602 1129 654 τῇ
1144 595 1283 653 πρώτῃ
1305 602 1467 655 φυλακῇ
1485 601 1557 654 τῆς

101 664 245 715 νυκτὸς
269 665 433 722 ἄρχεται
456 664 650 718 δύεσθαι,
684 668 752 708 καὶ
771 673 864 709 πνεῖ
882 667 1063 723 ζέφυρος.
1094 664 1120 720 ἢ
1141 667 1184 708 δὲ
1202 666 1275 716 νὺξ
1294 665 1505 724 συννεφής.

237 732 317 788 κβ.
337 738 387 790 τῇ
407 733 485 791 πρὸ
502 733 541 789 η’
558 736 759 778 καλενδῶν
774 735 826 777 τοὶ
844 734 1034 790 λεγόμενα
1049 733 1291 777 Ἀλκυόνεια.

235 801 310 858 κγ’.
336 806 388 859 τῇ
406 802 484 860 πρὸ
504 801 538 856 ζ’
555 805 757 847 καλενδῶν
777 801 1011 861 ὅῦδροχόος
1033 803 1199 860 ἄρχεται
1221 803 1419 857 ἀνίσχειν,
1461 800 1488 857 ἦ
1511 803 1556 845 δὲ

46 870 253 928 1οπρωῖνὴ
274 868 467 924 χειμάζει.

234 938 312 981 κδ’.
339 943 389 996 τῇ
410 938 488 996 πρὸ
507 935 542 988 ς’
566 940 768 982 καλενδῶν
788 937 984 996 ἆργέστης
1005 943 1098 981 πνεῖ
1113 937 1200 992 ἅμα
1222 939 1289 980 καὶ
1310 941 1480 996 βορρᾶς.

234 1005 305 1050 κε’.
337 1012 390 1063 τῇ
411 1005 489 1063 πρὸ
515 1004 544 1048 ε’
567 1009 770 1050 καλενδῶν
793 1005 815 1049 ὃ
835 1007 1059 1064 ἄρκτοῦρος
1080 1007 1244 1060 ἀνίσχει,
1278 1009 1346 1049 καὶ
1364 1007 1439 1050 ὕει.

172 1091 176 1095 ·
232 1074 307 1125 κς’.
335 1079 387 1130 τῇ
406 1075 484 1131 πρὸ
509 1072 545 1116 δ’
568 1078 771 1118 καλενόῶν
793 1074 814 1118 ὃ
841 1076 1064 1133 ἄρκτοῦρος
1083 1077 1232 1128 ἀνίσχει
1255 1075 1296 1116 ἓν
1312 1073 1458 1134 ἡμέρᾳ.

231 1141 304 1194 κζ’.
338 1147 390 1199 τῇ
412 1142 490 1200 πρὸ
519 1140 555 1199 γ’
580 1146 785 1187 καλενδῶν
815 1142 952 1187 δύεται
977 1146 1019 1186 ἐν
1048 1143 1197 1203 ἑσπέρᾳ
1221 1141 1243 1185 ὃ
1267 1145 1370 1200 παρ’
1389 1143 1555 1198 τἝλλησι

45 1219 88 1260 15
98 1207 308 1267 λεγόμενος
329 1210 474 1261 ὀϊστός.

233 1278 310 1334 κη’.
344 1283 396 1335 τῇ
418 1278 496 1335 πρὸ
527 1275 567 1320 α’
595 1279 796 1321 καλενδῶν
811 1279 1016 1336 Μαρτίων
1044 1276 1066 1321 ὅ
1089 1278 1259 1336 ζέφυρος
1276 1276 1452 1331 πλατύς,
1487 1281 1555 1320 καὶ

94 1345 122 1390 ἱ·
145 1345 276 1404 ἡμέρα
299 1352 411 1390 πᾶσα
432 1344 585 1404 ἓαρινή.

232 1415 312 1460 61.
381 1416 671 1459 ΜΑΡΤΙΟΣ.
708 1412 761 1456 α’.
780 1414 990 1465 καλὲνδαις
1007 1415 1220 1471 Μαρτίαις
1239 1413 1354 1465 νότος
1374 1416 1440 1458 καὶ
1464 1416 1552 1469 λίψ.

229 1482 286 1537 β’.
320 1488 372 1542 τῇ
392 1485 471 1542 πρὸ
494 1481 527 1534 ς’
550 1487 686 1526 νωνῶν
705 1484 908 1540 Μαρτίων
926 1484 1014 1537 λίψ,
1041 1486 1107 1525 καὶ
1125 1482 1146 1525 ὅ
1170 1484 1368 1540 τρυγητὴς
1389 1483 1555 1541 ἄρχεται

39 1552 331 1610 εοφαίνεσθαι.
395 1553 546 1610 βορέας
566 1552 610 1595 δὲ
630 1551 793 1609 ψυχρὸς
814 1558 906 1594 πνεῖ
922 1551 997 1602 ἕως
1018 1556 1090 1607 τῆς
1112 1550 1286 1607 ἑωθινῆς
1310 1550 1462 1602 δύσεως
1481 1556 1553 1594 τοῦ

95 1618 338 1678 ἀρκτούρου.

229 1688 281 1745 γ’.
333 1693 385 1745 τῇ
414 1687 493 1745 πρὸ
523 1685 553 1730 ε’
583 1689 719 1729 νωνῶν
740 1686 934 1742 δυσαερία
957 1689 1023 1729 καὶ
1044 1686 1200 1744 βροχή·
1239 1690 1306 1731 καὶ
1330 1687 1351 1731 ὃ
1379 1688 1554 1746 ἀρκτοῦ-

95 1774 166 1815 ρος
185 1756 336 1811 ἀνίσχει
356 1755 473 1811 ἡλίου
494 1755 757 1813 ἐγειρομένου,
792 1756 859 1796 καὶ
874 1758 1031 1813 βορρᾶς
1052 1762 1152 1798 πνεῖ.

229 1825 280 1868 δ’.
333 1830 384 1882 τῇ
406 1824 484 1882 πρὸ
503 1822 540 1866 δ’
559 1827 695 1866 νωνῶν
714 1821 734 1864 ὃ
757 1822 979 1879 ἄρκτοῦρος
998 1826 1040 1867 ἐν
1058 1822 1191 1885 ἡμέρᾳ
1212 1824 1376 1878 ἀνίσχει.

36 1898 82 1935 25
229 1891 274 1936 ε’.
325 1897 377 1950 τῇ
396 1893 474 1950 πρὸ
497 1891 532 1948 γ’
551 1895 687 1934 νωνῶν
706 1888 912 1941 ὡσαύτως.

229 1960 278 2012 ς’.
330 1966 382 2018 τῇ
398 1961 477 2017 πρὸ
500 1958 538 2002 α’
559 1964 695 2002 νωνῶν
716 1957 737 2000 ὅ
758 1957 873 2008 ῧετὸς
889 1955 996 2012 χιόνι
1014 1958 1269 2015 μεμιγμένος.

181 2067 204 2104 5
226 2066 476 2113 ἀναφαίνεται
497 2066 568 2101 Rss.
663 2065 708 2100 10
730 2065 885 2110 προεινῆ
910 2065 954 2100 C.
1050 2067 1093 2101 11
1112 2063 1267 2111 ἐργάτης
1290 2066 1335 2100 C.

90 2158 230 2204 incipit.
370 2160 426 2194 19.
455 2167 494 2192 x1
518 2156 599 2191 Kal.
623 2167 661 2190 se
687 2155 817 2190 tentrio
840 2155 982 2200 ingruet
1002 2168 1078 2191 cum
1101 2160 1244 2199 austro3
1275 2157 1437 2202 sagittam
1458 2156 1556 2193 aiunt

92 2205 266 2239 occidere.
360 2206 419 2239 20.
444 2215 468 2237 x
486 2202 566 2236 Kal.
591 2202 672 2247 aqui
687 2214 706 2236 o
722 2213 797 2236 cum
812 2201 943 2247 pluvia,
968 2208 1004 2237 et
1020 2203 1075 2236 leo
1098 2203 1250 2245 occidit3
1274 2203 1447 2249 incipiunt
1465 2215 1552 2248 quo-

91 2262 160 2295 que
185 2250 364 2295 aquilones
391 2248 609 2283 chelidoniae
639 2248 779 2292 vocati,
813 2247 874 2293 qui
895 2248 983 2283 flare
1004 2260 1069 2293 per
1091 2249 1237 2294 triginta
1255 2249 1331 2283 dies
1355 2249 1488 2290 solent3
1521 2255 1558 2284 et

90 2295 241 2330 hirundo
269 2302 428 2341 apparet.
544 2295 602 2328 21.
626 2305 665 2328 1x
689 2293 769 2328 Kal.
800 2299 958 2328 arcturus
981 2294 1093 2340 prima
1114 2295 1236 2340 vigilia
1257 2294 1369 2328 noctis
1394 2295 1556 2329 occidere

91 2341 237 2388 incipit,
272 2349 308 2376 et
330 2342 395 2376 flat
418 2339 594 2375 favonius.
641 2351 710 2373 nox
733 2339 865 2374 nubila.
1002 2341 1059 2375 22.
1085 2352 1157 2375 vm
1176 2341 1256 2374 Kal.
1284 2340 1455 2383 Alcyonei
1478 2340 1554 2374 dies

92 2387 154 2432 qui
171 2393 355 2422 vocantur.
458 2387 517 2420 23.
543 2395 599 2418 vn
622 2385 703 2419 Kal.
727 2386 891 2429 aquarius
916 2384 1002 2421 oriri
1019 2386 1164 2431 incipit;
1190 2386 1393 2420 matutinum
1412 2386 1553 2420 hiemat.

90 2433 151 2468 24.
174 2444 215 2467 vl
237 2433 317 2468 Kal.
346 2443 446 2467 corus
467 2433 544 2476 flat,
569 2437 607 2465 et
626 2430 727 2464 simul
744 2431 873 2475 aquilo.
1011 2432 1070 2466 25.
1096 2444 1119 2466 v
1139 2431 1219 2466 Kal.
1246 2437 1403 2465 arcturus
1429 2432 1553 2475 oritur,

92 2484 130 2512 et
150 2478 252 2523 pluit.
327 2480 386 2513 26.
406 2489 446 2512 1v
467 2477 546 2512 Kal.
571 2483 730 2511 arcturus
750 2476 898 2520 emergit
919 2476 1086 2512 interdiu.
1178 2478 1238 2512 27.
1263 2488 1307 2510 111
1323 2477 1402 2510 Kal.
1427 2477 1556 2511 occidit

91 2535 243 2568 vespera
262 2524 358 2559 sidus
382 2525 476 2569 quod
501 2523 633 2557 Graeci
656 2522 818 2566 sagittam
842 2527 982 2556 vocant.
1085 2524 1144 2557 28.
1169 2523 1262 2568 prid.
1282 2523 1362 2557 Kal.
1390 2523 1554 2557 favonius

91 2568 164 2603 late
185 2569 308 2615 spirat,
332 2576 369 2604 et
390 2569 497 2604 totius
517 2569 589 2603 diei
610 2569 746 2614 species
771 2580 880 2602 verna
904 2573 970 2601 est.

185 2616 242 2649 61.
289 2615 522 2650 MARTIUS.
574 2616 606 2649 1.
637 2614 804 2648 Kalendis
830 2613 970 2647 Martiis
995 2618 1113 2648 auster
1136 2618 1172 2647 et
1191 2613 1336 2648 africus.
1448 2614 1484 2647 2.
1511 2625 1550 2647 vi

92 2659 214 2694 Nonas
237 2661 383 2694 Martias
405 2661 547 2705 africus,
572 2666 609 2695 et
631 2660 863 2695 vindemiator
883 2659 1008 2704 incipit
1031 2671 1214 2705 apparere.
1263 2659 1378 2703 aquilo
1401 2659 1552 2703 frigidus

91 2705 156 2739 flat
174 2717 284 2750 usque
302 2707 347 2740 ad
368 2718 526 2742 occasum
544 2706 747 2741 matutinum
768 2705 912 2739 arcturi.
1029 2706 1064 2740 3.
1090 2717 1114 2739 v
1133 2706 1227 2739 Non.
1257 2707 1318 2740 aer
1341 2704 1552 2749 caliginosus

92 2755 131 2784 et
150 2750 280 2795 pluvia.
328 2758 485 2786 arcturus
510 2753 621 2787 oritur
642 2752 717 2788 sole
741 2751 899 2795 elevato,
925 2756 961 2786 et
979 2751 1094 2796 aquilo
1118 2752 1194 2786 flat.
1331 2751 1368 2784 4.
1393 2762 1430 2784 lv
1456 2751 1550 2785 Non.

92 2803 254 2832 arcturus
277 2797 431 2833 interdiu
454 2797 578 2834 oritur.
684 2799 722 2835 5.
747 2808 791 2833 111
815 2798 910 2834 Non.
934 2797 1032 2838 item.
1135 2798 1171 2834 6.
1195 2796 1289 2843 prid.
1314 2795 1408 2832 Non.
1432 2796 1552 2843 pluvia
