<?xml version="1.0" encoding="UTF-8"?>
<!DOCTYPE html PUBLIC "-//W3C//DTD XHTML 1.0 Transitional//EN"
    "http://www.w3.org/TR/xhtml1/DTD/xhtml1-transitional.dtd">
<html xmlns="http://www.w3.org/1999/xhtml" xml:lang="en" lang="en">
 <head>
  <title>
</title>
<meta http-equiv="Content-Type" content="text/html;charset=utf-8" />
  <meta name='ocr-system' content='tesseract 3.04.00' />
  <meta name='ocr-capabilities' content='ocr_page ocr_carea ocr_par ocr_line ocrx_word'/>
</head>
<body>
  <div class='ocr_page' id='page_1' title='image "./corpusscriptorum27niebuoft/corpusscriptorum27niebuoft_0461.png"; bbox 0 0 1748 3210; ppageno 0'>
   <div class='ocr_carea' id='block_1_1' title="bbox 485 142 1579 192">
    <p class='ocr_par' dir='ltr' id='par_1_1' title="bbox 485 142 1579 192">
     <span class='ocr_line' id='line_1_1' title="bbox 485 142 1579 192; baseline 0.004 -4"><span class='ocrx_word' id='word_1_1' title='bbox 485 143 543 188; x_wconf 92' lang='lat' dir='ltr'><strong>IN</strong></span> <span class='ocrx_word' id='word_1_2' title='bbox 578 143 794 188; x_wconf 82' lang='lat' dir='ltr'>LIBRUM</span> <span class='ocrx_word' id='word_1_3' title='bbox 827 142 902 186; x_wconf 92' lang='lat' dir='ltr'><strong>DE</strong></span> <span class='ocrx_word' id='word_1_4' title='bbox 936 142 1223 187; x_wconf 85' lang='lat' dir='ltr'><strong>OSTENTIS.</strong></span> <span class='ocrx_word' id='word_1_5' title='bbox 1483 146 1579 192; x_wconf 84' lang='lat'><strong>391</strong></span> 
     </span>
    </p>
   </div>
   <div class='ocr_carea' id='block_1_2' title="bbox 111 250 1581 1992">
    <p class='ocr_par' dir='ltr' id='par_1_2' title="bbox 132 250 1580 363">
     <span class='ocr_line' id='line_1_2' title="bbox 241 250 1580 306; baseline 0 -11"><span class='ocrx_word' id='word_1_6' title='bbox 241 267 280 306; x_wconf 88' lang='grc' dir='ltr'><strong>Ρ.</strong></span> <span class='ocrx_word' id='word_1_7' title='bbox 299 255 380 296; x_wconf 86' lang='grc'><strong>281</strong></span> <span class='ocrx_word' id='word_1_8' title='bbox 400 255 523 296; x_wconf 84' lang='lat' dir='ltr'><strong>v.18.</strong></span> <span class='ocrx_word' id='word_1_9' title='bbox 581 251 783 306; x_wconf 74' lang='grc' dir='ltr'><strong>ἔκλειψιν]</strong></span> <span class='ocrx_word' id='word_1_10' title='bbox 810 254 880 291; x_wconf 85' lang='lat' dir='ltr'><strong>illa</strong></span> <span class='ocrx_word' id='word_1_11' title='bbox 901 250 949 292; x_wconf 84' lang='lat' dir='ltr'><strong>de</strong></span> <span class='ocrx_word' id='word_1_12' title='bbox 966 251 1191 306; x_wconf 85' lang='lat' dir='ltr'><strong>Hipparcho</strong></span> <span class='ocrx_word' id='word_1_13' title='bbox 1208 254 1275 293; x_wconf 77' lang='lat' dir='ltr'><strong>vel</strong></span> <span class='ocrx_word' id='word_1_14' title='bbox 1294 266 1317 292; x_wconf 89' lang='lat' dir='ltr'><strong>a</strong></span> <span class='ocrx_word' id='word_1_15' title='bbox 1335 254 1494 294; x_wconf 87' lang='lat' dir='ltr'><strong>librario</strong></span> <span class='ocrx_word' id='word_1_16' title='bbox 1515 257 1580 295; x_wconf 86' lang='lat' dir='ltr'><strong>vel</strong></span> 
     </span>
     <span class='ocr_line' id='line_1_3' title="bbox 132 309 1394 363; baseline 0.001 -15"><span class='ocrx_word' id='word_1_17' title='bbox 132 310 211 348; x_wconf 82' lang='lat' dir='ltr'><strong>ab</strong></span> <span class='ocrx_word' id='word_1_18' title='bbox 198 323 284 362; x_wconf 72' lang='lat' dir='ltr'><strong>ipso</strong></span> <span class='ocrx_word' id='word_1_19' title='bbox 303 317 461 348; x_wconf 89' lang='lat' dir='ltr'><strong>auctore</strong></span> <span class='ocrx_word' id='word_1_20' title='bbox 480 309 588 348; x_wconf 89' lang='lat' dir='ltr'><strong>haud</strong></span> <span class='ocrx_word' id='word_1_21' title='bbox 605 313 685 349; x_wconf 84' lang='lat' dir='ltr'><strong>scio</strong></span> <span class='ocrx_word' id='word_1_22' title='bbox 703 323 823 363; x_wconf 89' lang='lat' dir='ltr'><strong>quam</strong></span> <span class='ocrx_word' id='word_1_23' title='bbox 841 311 943 348; x_wconf 88' lang='lat' dir='ltr'><strong>ben‘e</strong></span> <span class='ocrx_word' id='word_1_24' title='bbox 961 309 1027 348; x_wconf 89' lang='lat' dir='ltr'><strong>hic</strong></span> <span class='ocrx_word' id='word_1_25' title='bbox 1045 317 1136 349; x_wconf 90' lang='lat' dir='ltr'><strong>sunt</strong></span> <span class='ocrx_word' id='word_1_26' title='bbox 1151 311 1394 362; x_wconf 87' lang='lat' dir='ltr'><strong>interposita.</strong></span> 
     </span>
    </p>

    <p class='ocr_par' dir='ltr' id='par_1_3' title="bbox 122 366 1581 531">
     <span class='ocr_line' id='line_1_4' title="bbox 243 366 1580 421; baseline 0.002 -18"><span class='ocrx_word' id='word_1_27' title='bbox 243 366 296 404; x_wconf 87' lang='lat' dir='ltr'><strong>ib.</strong></span> <span class='ocrx_word' id='word_1_28' title='bbox 324 380 363 404; x_wconf 82' lang='lat' dir='ltr'><strong>v.</strong></span> <span class='ocrx_word' id='word_1_29' title='bbox 387 370 455 408; x_wconf 92' lang='grc'><strong>20.</strong></span> <span class='ocrx_word' id='word_1_30' title='bbox 513 367 557 408; x_wconf 83' lang='grc' dir='ltr'><strong>ἐν</strong></span> <span class='ocrx_word' id='word_1_31' title='bbox 583 367 808 421; x_wconf 81' lang='grc' dir='ltr'><strong>Βοκοντίῳ]</strong></span> <span class='ocrx_word' id='word_1_32' title='bbox 856 374 967 405; x_wconf 81' lang='lat' dir='ltr'><strong>erant</strong></span> <span class='ocrx_word' id='word_1_33' title='bbox 992 368 1173 407; x_wconf 83' lang='lat' dir='ltr'><strong>Vocontii</strong></span> <span class='ocrx_word' id='word_1_34' title='bbox 1198 368 1241 405; x_wconf 88' lang='lat' dir='ltr'><strong>in</strong></span> <span class='ocrx_word' id='word_1_35' title='bbox 1268 368 1397 405; x_wconf 85' lang='lat' dir='ltr'><strong>Gallia</strong></span> <span class='ocrx_word' id='word_1_36' title='bbox 1424 368 1580 406; x_wconf 91' lang='lat' dir='ltr'><strong>Narbo-</strong></span> 
     </span>
     <span class='ocr_line' id='line_1_5' title="bbox 130 421 1581 477; baseline 0.003 -18"><span class='ocrx_word' id='word_1_37' title='bbox 130 423 264 471; x_wconf 85' lang='lat' dir='ltr'><strong>nensi,</strong></span> <span class='ocrx_word' id='word_1_38' title='bbox 293 423 363 461; x_wconf 90' lang='lat' dir='ltr'><strong>ubi</strong></span> <span class='ocrx_word' id='word_1_39' title='bbox 380 436 485 460; x_wconf 89' lang='lat' dir='ltr'><strong>nuuc</strong></span> <span class='ocrx_word' id='word_1_40' title='bbox 506 431 565 462; x_wconf 88' lang='lat' dir='ltr'><strong>est</strong></span> <span class='ocrx_word' id='word_1_41' title='bbox 593 424 754 463; x_wconf 75' lang='lat' dir='ltr'><strong>Vaison.</strong></span> <span class='ocrx_word' id='word_1_42' title='bbox 775 423 880 461; x_wconf 90' lang='lat' dir='ltr'><strong>Plin.</strong></span> <span class='ocrx_word' id='word_1_43' title='bbox 900 426 950 461; x_wconf 93' lang='lat' dir='ltr'><strong>H.</strong></span> <span class='ocrx_word' id='word_1_44' title='bbox 970 426 1018 462; x_wconf 93' lang='lat' dir='ltr'><strong>N.</strong></span> <span class='ocrx_word' id='word_1_45' title='bbox 1039 427 1064 465; x_wconf 85' lang='lat'><strong>3</strong></span> <span class='ocrx_word' id='word_1_46' title='bbox 1094 421 1135 464; x_wconf 82' lang='lat'><strong>4.</strong></span> <span class='ocrx_word' id='word_1_47' title='bbox 1175 424 1371 462; x_wconf 84' lang='lat' dir='ltr'><strong>Gossellin</strong></span> <span class='ocrx_word' id='word_1_48' title='bbox 1399 424 1581 477; x_wconf 79' lang='lat' dir='ltr'><strong>Ge&#39;ogra-</strong></span> 
     </span>
     <span class='ocr_line' id='line_1_6' title="bbox 122 478 1449 531; baseline 0.002 -15"><span class='ocrx_word' id='word_1_49' title='bbox 122 478 220 530; x_wconf 76' lang='lat' dir='ltr'><strong>phie</strong></span> <span class='ocrx_word' id='word_1_50' title='bbox 241 479 289 516; x_wconf 82' lang='lat' dir='ltr'><strong>de</strong></span> <span class='ocrx_word' id='word_1_51' title='bbox 312 478 501 526; x_wconf 83' lang='lat' dir='ltr'><strong>Strabon,</strong></span> <span class='ocrx_word' id='word_1_52' title='bbox 531 480 701 518; x_wconf 79' lang='lat' dir='ltr'><strong>traduite</strong></span> <span class='ocrx_word' id='word_1_53' title='bbox 720 493 769 518; x_wconf 84' lang='lat' dir='ltr'><strong>en</strong></span> <span class='ocrx_word' id='word_1_54' title='bbox 780 479 990 531; x_wconf 71' lang='lat' dir='ltr'><strong>fianpais,</strong></span> <span class='ocrx_word' id='word_1_55' title='bbox 1019 487 1116 518; x_wconf 87' lang='lat' dir='ltr'><strong>tom.</strong></span> <span class='ocrx_word' id='word_1_56' title='bbox 1134 483 1163 521; x_wconf 92' lang='grc'><strong>2</strong></span> <span class='ocrx_word' id='word_1_57' title='bbox 1190 480 1244 522; x_wconf 86' lang='grc'><strong>25</strong></span> <span class='ocrx_word' id='word_1_58' title='bbox 1258 509 1268 529; x_wconf 89' lang='grc'><em>,</em></span> <span class='ocrx_word' id='word_1_59' title='bbox 1296 487 1389 518; x_wconf 90' lang='lat' dir='ltr'><strong>note</strong></span> <span class='ocrx_word' id='word_1_60' title='bbox 1410 483 1449 521; x_wconf 82' lang='lat'><strong>3.</strong></span> 
     </span>
    </p>

    <p class='ocr_par' dir='ltr' id='par_1_4' title="bbox 128 533 1581 643">
     <span class='ocr_line' id='line_1_7' title="bbox 240 533 1581 588; baseline -0.001 -12"><span class='ocrx_word' id='word_1_61' title='bbox 240 549 280 587; x_wconf 98' lang='grc' dir='ltr'><strong>Ρ.</strong></span> <span class='ocrx_word' id='word_1_62' title='bbox 301 538 383 577; x_wconf 88' lang='grc'><strong>282</strong></span> <span class='ocrx_word' id='word_1_63' title='bbox 405 549 443 574; x_wconf 79' lang='lat' dir='ltr'><strong>v-</strong></span> <span class='ocrx_word' id='word_1_64' title='bbox 466 535 531 576; x_wconf 84' lang='lat'><strong>14.</strong></span> <span class='ocrx_word' id='word_1_65' title='bbox 588 534 636 577; x_wconf 75' lang='grc' dir='ltr'><strong>τοὶ</strong></span> <span class='ocrx_word' id='word_1_66' title='bbox 668 539 747 576; x_wconf 77' lang='grc' dir='ltr'><strong>τῶν</strong></span> <span class='ocrx_word' id='word_1_67' title='bbox 777 538 890 588; x_wconf 72' lang='grc' dir='ltr'><strong>μυῶν</strong></span> <span class='ocrx_word' id='word_1_68' title='bbox 918 533 1073 588; x_wconf 74' lang='grc' dir='ltr'><strong>ἥπατα]</strong></span> <span class='ocrx_word' id='word_1_69' title='bbox 1097 534 1206 574; x_wconf 88' lang='lat' dir='ltr'><strong>idem</strong></span> <span class='ocrx_word' id='word_1_70' title='bbox 1229 536 1278 574; x_wconf 92' lang='lat' dir='ltr'><strong>de</strong></span> <span class='ocrx_word' id='word_1_71' title='bbox 1301 536 1478 574; x_wconf 85' lang='lat' dir='ltr'><strong>medulla</strong></span> <span class='ocrx_word' id='word_1_72' title='bbox 1501 535 1581 575; x_wconf 88' lang='lat' dir='ltr'><strong>hu-</strong></span> 
     </span>
     <span class='ocr_line' id='line_1_8' title="bbox 128 591 1348 643; baseline 0.002 -15"><span class='ocrx_word' id='word_1_73' title='bbox 128 603 247 628; x_wconf 82' lang='lat' dir='ltr'><strong>mana</strong></span> <span class='ocrx_word' id='word_1_74' title='bbox 267 592 386 630; x_wconf 83' lang='lat' dir='ltr'>refert</span> <span class='ocrx_word' id='word_1_75' title='bbox 407 593 532 631; x_wconf 91' lang='lat' dir='ltr'><strong>Iulius</strong></span> <span class='ocrx_word' id='word_1_76' title='bbox 547 594 740 630; x_wconf 87' lang='lat' dir='ltr'><strong>Firmicus</strong></span> <span class='ocrx_word' id='word_1_77' title='bbox 766 591 820 633; x_wconf 85' lang='lat'><strong>84</strong></span> <span class='ocrx_word' id='word_1_78' title='bbox 838 593 868 630; x_wconf 94' lang='lat' dir='ltr'><strong>C</strong></span> <span class='ocrx_word' id='word_1_79' title='bbox 894 592 956 630; x_wconf 89' lang='lat' dir='ltr'><strong>ed.</strong></span> <span class='ocrx_word' id='word_1_80' title='bbox 980 595 1150 643; x_wconf 85' lang='lat' dir='ltr'><strong>Hervag.</strong></span> <span class='ocrx_word' id='word_1_81' title='bbox 1170 606 1206 630; x_wconf 88' lang='lat' dir='ltr'><strong>a.</strong></span> <span class='ocrx_word' id='word_1_82' title='bbox 1228 592 1348 635; x_wconf 88' lang='lat'><strong>1551.</strong></span> 
     </span>
    </p>

    <p class='ocr_par' dir='ltr' id='par_1_5' title="bbox 125 646 1580 813">
     <span class='ocr_line' id='line_1_9' title="bbox 239 646 1580 699; baseline 0.001 -14"><span class='ocrx_word' id='word_1_83' title='bbox 239 661 279 699; x_wconf 91' lang='lat' dir='ltr'><strong>p.</strong></span> <span class='ocrx_word' id='word_1_84' title='bbox 300 651 381 690; x_wconf 81' lang='lat'><strong>283</strong></span> <span class='ocrx_word' id='word_1_85' title='bbox 401 662 439 686; x_wconf 78' lang='lat' dir='ltr'><strong>v.</strong></span> <span class='ocrx_word' id='word_1_86' title='bbox 465 650 502 689; x_wconf 91' lang='lat'><strong>1.</strong></span> <span class='ocrx_word' id='word_1_87' title='bbox 559 648 751 696; x_wconf 74' lang='grc' dir='ltr'><strong>ἐπίθολος</strong></span> <span class='ocrx_word' id='word_1_88' title='bbox 779 646 908 686; x_wconf 83' lang='lat' dir='ltr'><strong>adhuc</strong></span> <span class='ocrx_word' id='word_1_89' title='bbox 935 662 1018 688; x_wconf 89' lang='lat' dir='ltr'><strong>non</strong></span> <span class='ocrx_word' id='word_1_90' title='bbox 1038 651 1236 687; x_wconf 81' lang='lat' dir='ltr'><strong>invenitur</strong></span> <span class='ocrx_word' id='word_1_91' title='bbox 1252 651 1295 686; x_wconf 90' lang='lat' dir='ltr'><strong>in</strong></span> <span class='ocrx_word' id='word_1_92' title='bbox 1313 650 1476 687; x_wconf 84' lang='lat' dir='ltr'><strong>lexicis:</strong></span> <span class='ocrx_word' id='word_1_93' title='bbox 1505 647 1580 686; x_wconf 88' lang='lat' dir='ltr'><strong>ad-</strong></span> 
     </span>
     <span class='ocr_line' id='line_1_10' title="bbox 126 701 1579 758; baseline 0.001 -16"><span class='ocrx_word' id='word_1_94' title='bbox 126 705 306 742; x_wconf 86' lang='lat' dir='ltr'><strong>verbium</strong></span> <span class='ocrx_word' id='word_1_95' title='bbox 322 701 524 753; x_wconf 81' lang='grc' dir='ltr'><strong>ἐπιθόλως</strong></span> <span class='ocrx_word' id='word_1_96' title='bbox 541 713 599 743; x_wconf 86' lang='lat' dir='ltr'><strong>est</strong></span> <span class='ocrx_word' id='word_1_97' title='bbox 621 705 726 756; x_wconf 86' lang='lat' dir='ltr'><strong>apud</strong></span> <span class='ocrx_word' id='word_1_98' title='bbox 745 706 959 756; x_wconf 82' lang='lat' dir='ltr'>Georgium</span> <span class='ocrx_word' id='word_1_99' title='bbox 977 704 1317 758; x_wconf 86' lang='lat' dir='ltr'><strong>archiepiscopum</strong></span> <span class='ocrx_word' id='word_1_100' title='bbox 1335 704 1579 744; x_wconf 84' lang='lat' dir='ltr'><strong>Alexandri-</strong></span> 
     </span>
     <span class='ocr_line' id='line_1_11' title="bbox 125 761 1071 813; baseline 0.003 -16"><span class='ocrx_word' id='word_1_101' title='bbox 125 773 224 798; x_wconf 90' lang='lat' dir='ltr'><strong>num</strong></span> <span class='ocrx_word' id='word_1_102' title='bbox 243 762 334 799; x_wconf 82' lang='lat' dir='ltr'><strong>Vita</strong></span> <span class='ocrx_word' id='word_1_103' title='bbox 357 761 401 799; x_wconf 88' lang='lat' dir='ltr'><strong>S.</strong></span> <span class='ocrx_word' id='word_1_104' title='bbox 423 762 582 800; x_wconf 90' lang='lat' dir='ltr'><strong>Ioannis</strong></span> <span class='ocrx_word' id='word_1_105' title='bbox 603 761 873 813; x_wconf 88' lang='lat' dir='ltr'><strong>Chrysostomi</strong></span> <span class='ocrx_word' id='word_1_106' title='bbox 891 764 974 804; x_wconf 81' lang='lat'><strong>200</strong></span> <span class='ocrx_word' id='word_1_107' title='bbox 1003 764 1071 804; x_wconf 84' lang='lat'><strong>39.</strong></span> 
     </span>
    </p>

    <p class='ocr_par' dir='ltr' id='par_1_6' title="bbox 121 815 1580 1035">
     <span class='ocr_line' id='line_1_12' title="bbox 237 815 1580 867; baseline 0.002 -15"><span class='ocrx_word' id='word_1_108' title='bbox 237 815 291 854; x_wconf 81' lang='lat' dir='ltr'><strong>ib.</strong></span> <span class='ocrx_word' id='word_1_109' title='bbox 313 829 351 854; x_wconf 82' lang='lat' dir='ltr'><strong>v.</strong></span> <span class='ocrx_word' id='word_1_110' title='bbox 370 817 411 857; x_wconf 85' lang='lat'><strong>4.</strong></span> <span class='ocrx_word' id='word_1_111' title='bbox 467 817 632 856; x_wconf 81' lang='lat' dir='ltr'><strong>indictio</strong></span> <span class='ocrx_word' id='word_1_112' title='bbox 650 830 757 856; x_wconf 88' lang='lat' dir='ltr'><strong>nona</strong></span> <span class='ocrx_word' id='word_1_113' title='bbox 774 816 914 854; x_wconf 80' lang='lat' dir='ltr'>incidit</span> <span class='ocrx_word' id='word_1_114' title='bbox 929 819 971 855; x_wconf 89' lang='lat' dir='ltr'><strong>in</strong></span> <span class='ocrx_word' id='word_1_115' title='bbox 991 831 1139 856; x_wconf 88' lang='lat' dir='ltr'><strong>annum</strong></span> <span class='ocrx_word' id='word_1_116' title='bbox 1157 819 1308 867; x_wconf 88' lang='lat' dir='ltr'><strong>salutis,</strong></span> <span class='ocrx_word' id='word_1_117' title='bbox 1337 824 1404 855; x_wconf 87' lang='lat' dir='ltr'><strong>aut</strong></span> <span class='ocrx_word' id='word_1_118' title='bbox 1421 817 1580 855; x_wconf 82' lang='lat' dir='ltr'><strong>trabea-</strong></span> 
     </span>
     <span class='ocr_line' id='line_1_13' title="bbox 125 873 1578 926; baseline 0.003 -18"><span class='ocrx_word' id='word_1_119' title='bbox 125 873 260 918; x_wconf 75' lang='lat' dir='ltr'><strong>tionis,</strong></span> <span class='ocrx_word' id='word_1_120' title='bbox 288 879 333 910; x_wconf 91' lang='lat' dir='ltr'><strong>ut</strong></span> <span class='ocrx_word' id='word_1_121' title='bbox 362 886 452 910; x_wconf 90' lang='lat' dir='ltr'><strong>cum</strong></span> <span class='ocrx_word' id='word_1_122' title='bbox 480 873 706 926; x_wconf 85' lang='lat' dir='ltr'><strong>diplomatis</strong></span> <span class='ocrx_word' id='word_1_123' title='bbox 732 875 892 925; x_wconf 87' lang='lat' dir='ltr'><strong>loquar,</strong></span> <span class='ocrx_word' id='word_1_124' title='bbox 923 874 1028 922; x_wconf 81' lang='lat'><strong>5313</strong></span> <span class='ocrx_word' id='word_1_125' title='bbox 1059 874 1199 912; x_wconf 87' lang='lat' dir='ltr'><strong>seditio</strong></span> <span class='ocrx_word' id='word_1_126' title='bbox 1234 877 1330 912; x_wconf 88' lang='lat' dir='ltr'><strong>Nica</strong></span> <span class='ocrx_word' id='word_1_127' title='bbox 1358 875 1400 911; x_wconf 86' lang='lat' dir='ltr'><strong>iu</strong></span> <span class='ocrx_word' id='word_1_128' title='bbox 1423 887 1459 911; x_wconf 87' lang='lat' dir='ltr'><strong>a.</strong></span> <span class='ocrx_word' id='word_1_129' title='bbox 1479 873 1578 915; x_wconf 82' lang='grc'><strong>532.</strong></span> 
     </span>
     <span class='ocr_line' id='line_1_14' title="bbox 123 927 1579 981; baseline 0.002 -17"><span class='ocrx_word' id='word_1_130' title='bbox 123 927 345 966; x_wconf 79' lang='lat' dir='ltr'><strong>chronicon</strong></span> <span class='ocrx_word' id='word_1_131' title='bbox 365 929 552 980; x_wconf 82' lang='lat' dir='ltr'><strong>paschale</strong></span> <span class='ocrx_word' id='word_1_132' title='bbox 572 932 654 972; x_wconf 83' lang='lat'><strong>336</strong></span> <span class='ocrx_word' id='word_1_133' title='bbox 672 931 719 978; x_wconf 94' lang='lat' dir='ltr'><strong>B,</strong></span> <span class='ocrx_word' id='word_1_134' title='bbox 748 931 964 981; x_wconf 84' lang='lat' dir='ltr'><strong>Procopius</strong></span> <span class='ocrx_word' id='word_1_135' title='bbox 983 931 1084 969; x_wconf 88' lang='lat' dir='ltr'><strong>Bell.</strong></span> <span class='ocrx_word' id='word_1_136' title='bbox 1101 933 1210 969; x_wconf 86' lang='lat' dir='ltr'><strong>Pers.</strong></span> <span class='ocrx_word' id='word_1_137' title='bbox 1236 934 1255 972; x_wconf 92' lang='lat'><strong>1</strong></span> <span class='ocrx_word' id='word_1_138' title='bbox 1286 933 1342 972; x_wconf 89' lang='grc'><strong>70</strong></span> <span class='ocrx_word' id='word_1_139' title='bbox 1360 932 1410 979; x_wconf 89' lang='lat' dir='ltr'><strong>A,</strong></span> <span class='ocrx_word' id='word_1_140' title='bbox 1439 929 1579 968; x_wconf 90' lang='lat' dir='ltr'><strong>Theo-</strong></span> 
     </span>
     <span class='ocr_line' id='line_1_15' title="bbox 121 983 432 1035; baseline 0.006 -14"><span class='ocrx_word' id='word_1_141' title='bbox 121 983 274 1035; x_wconf 84' lang='lat' dir='ltr'><strong>phanes</strong></span> <span class='ocrx_word' id='word_1_142' title='bbox 293 984 372 1027; x_wconf 85' lang='lat'><strong>154</strong></span> <span class='ocrx_word' id='word_1_143' title='bbox 387 986 432 1023; x_wconf 87' lang='lat' dir='ltr'><strong>C.</strong></span> 
     </span>
    </p>

    <p class='ocr_par' dir='ltr' id='par_1_7' title="bbox 111 1038 1579 1767">
     <span class='ocr_line' id='line_1_16' title="bbox 195 1038 1578 1095; baseline 0.001 -17"><span class='ocrx_word' id='word_1_144' title='bbox 195 1064 200 1068; x_wconf 91' lang='lat'>·</span> <span class='ocrx_word' id='word_1_145' title='bbox 234 1040 288 1078; x_wconf 78' lang='lat' dir='ltr'><strong>ib.</strong></span> <span class='ocrx_word' id='word_1_146' title='bbox 309 1054 348 1079; x_wconf 80' lang='lat' dir='ltr'><strong>v.</strong></span> <span class='ocrx_word' id='word_1_147' title='bbox 367 1039 406 1081; x_wconf 87' lang='grc'><strong>5.</strong></span> <span class='ocrx_word' id='word_1_148' title='bbox 464 1043 519 1095; x_wconf 80' lang='grc' dir='ltr'><strong>τῷ</strong></span> <span class='ocrx_word' id='word_1_149' title='bbox 535 1038 678 1094; x_wconf 81' lang='grc' dir='ltr'><strong>ῥ’ἕμφει</strong></span> <span class='ocrx_word' id='word_1_150' title='bbox 698 1038 860 1093; x_wconf 78' lang='grc' dir='ltr'><strong>φέρων]</strong></span> <span class='ocrx_word' id='word_1_151' title='bbox 891 1042 1033 1080; x_wconf 89' lang='lat' dir='ltr'><strong>similis</strong></span> <span class='ocrx_word' id='word_1_152' title='bbox 1048 1043 1220 1080; x_wconf 85' lang='lat' dir='ltr'><strong>narratio</strong></span> <span class='ocrx_word' id='word_1_153' title='bbox 1241 1041 1347 1093; x_wconf 88' lang='lat' dir='ltr'><strong>apud</strong></span> <span class='ocrx_word' id='word_1_154' title='bbox 1364 1042 1578 1079; x_wconf 86' lang='lat' dir='ltr'><strong>Libanium</strong></span> 
     </span>
     <span class='ocr_line' id='line_1_17' title="bbox 122 1095 1578 1137; baseline 0.001 -4"><span class='ocrx_word' id='word_1_155' title='bbox 122 1095 186 1134; x_wconf 89' lang='lat' dir='ltr'><strong>ed.</strong></span> <span class='ocrx_word' id='word_1_156' title='bbox 206 1095 341 1134; x_wconf 88' lang='lat' dir='ltr'><strong>Reisk.</strong></span> <span class='ocrx_word' id='word_1_157' title='bbox 363 1099 389 1137; x_wconf 86' lang='lat'>3</span> <span class='ocrx_word' id='word_1_158' title='bbox 420 1098 501 1137; x_wconf 84' lang='lat'><strong>338</strong></span> <span class='ocrx_word' id='word_1_159' title='bbox 526 1098 569 1134; x_wconf 88' lang='lat' dir='ltr'><strong>C.</strong></span> <span class='ocrx_word' id='word_1_160' title='bbox 627 1099 669 1134; x_wconf 89' lang='lat' dir='ltr'><strong>in</strong></span> <span class='ocrx_word' id='word_1_161' title='bbox 688 1098 798 1134; x_wconf 89' lang='lat' dir='ltr'><strong>cuius</strong></span> <span class='ocrx_word' id='word_1_162' title='bbox 816 1097 893 1135; x_wconf 89' lang='lat' dir='ltr'><strong>fine</strong></span> <span class='ocrx_word' id='word_1_163' title='bbox 913 1105 1043 1136; x_wconf 82' lang='lat' dir='ltr'><strong>orator</strong></span> <span class='ocrx_word' id='word_1_164' title='bbox 1061 1098 1110 1136; x_wconf 90' lang='lat' dir='ltr'><strong>de</strong></span> <span class='ocrx_word' id='word_1_165' title='bbox 1129 1105 1387 1136; x_wconf 84' lang='lat' dir='ltr'><strong>restauratore</strong></span> <span class='ocrx_word' id='word_1_166' title='bbox 1409 1099 1578 1135; x_wconf 83' lang='lat' dir='ltr'><strong>civitatis</strong></span> 
     </span>
     <span class='ocr_line' id='line_1_18' title="bbox 121 1151 1577 1221; baseline 0.001 -31"><span class='ocrx_word' id='word_1_167' title='bbox 121 1154 176 1190; x_wconf 87' lang='lat' dir='ltr'><strong>ait</strong></span> <span class='ocrx_word' id='word_1_168' title='bbox 205 1151 305 1190; x_wconf 91' lang='lat' dir='ltr'><strong>haec</strong></span> <span class='ocrx_word' id='word_1_169' title='bbox 332 1152 708 1202; x_wconf 87' lang='lat' dir='ltr'><strong>Nicomedensibus,</strong></span> <span class='ocrx_word' id='word_1_170' title='bbox 746 1154 833 1191; x_wconf 92' lang='lat' dir='ltr'><strong>loco</strong></span> <span class='ocrx_word' id='word_1_171' title='bbox 873 1154 944 1206; x_wconf 84' lang='lat' dir='ltr'><strong>(ut</strong></span> <span class='ocrx_word' id='word_1_172' title='bbox 980 1154 1144 1206; x_wconf 84' lang='lat' dir='ltr'><strong>opinor)</strong></span> <span class='ocrx_word' id='word_1_173' title='bbox 1182 1168 1324 1221; x_wconf 85' lang='lat' dir='ltr'><strong>parum</strong></span> <span class='ocrx_word' id='word_1_174' title='bbox 1350 1155 1577 1192; x_wconf 88' lang='lat' dir='ltr'><strong>intellecto:</strong></span> 
     </span>
     <span class='ocr_line' id='line_1_19' title="bbox 119 1205 1579 1276; baseline 0 -27"><span class='ocrx_word' id='word_1_175' title='bbox 119 1208 282 1276; x_wconf 80' lang='grc' dir='ltr'><strong>μεγέθει</strong></span> <span class='ocrx_word' id='word_1_176' title='bbox 305 1210 455 1257; x_wconf 87' lang='grc' dir='ltr'><em>θυσίας</em></span> <span class='ocrx_word' id='word_1_177' title='bbox 470 1205 817 1261; x_wconf 72' lang='grc' dir='ltr'><em>ὑπερβαλλόμενος</em></span> <span class='ocrx_word' id='word_1_178' title='bbox 838 1213 1014 1262; x_wconf 78' lang='grc' dir='ltr'><strong>κρεῖττον</strong></span> <span class='ocrx_word' id='word_1_179' title='bbox 1037 1209 1153 1261; x_wconf 75' lang='grc' dir='ltr'><strong>υμῶν</strong></span> <span class='ocrx_word' id='word_1_180' title='bbox 1173 1223 1423 1259; x_wconf 83' lang='grc' dir='ltr'><strong>νευσαντων,</strong></span> <span class='ocrx_word' id='word_1_181' title='bbox 1454 1210 1579 1261; x_wconf 79' lang='grc' dir='ltr'><strong>ἐπην-</strong></span> 
     </span>
     <span class='ocr_line' id='line_1_20' title="bbox 119 1261 1579 1317; baseline -0.002 -13"><span class='ocrx_word' id='word_1_182' title='bbox 119 1261 261 1317; x_wconf 82' lang='grc' dir='ltr'><strong>ωρθου</strong></span> <span class='ocrx_word' id='word_1_183' title='bbox 290 1262 334 1305; x_wconf 73' lang='lat' dir='ltr'><strong>vd</strong></span> <span class='ocrx_word' id='word_1_184' title='bbox 357 1262 468 1305; x_wconf 88' lang='grc' dir='ltr'><strong>αστυ.</strong></span> <span class='ocrx_word' id='word_1_185' title='bbox 525 1265 736 1303; x_wconf 85' lang='lat' dir='ltr'><strong>Federicus</strong></span> <span class='ocrx_word' id='word_1_186' title='bbox 754 1267 942 1304; x_wconf 86' lang='lat' dir='ltr'><strong>Morellus</strong></span> <span class='ocrx_word' id='word_1_187' title='bbox 961 1265 1134 1305; x_wconf 85' lang='lat' dir='ltr'><strong>reddidit</strong></span> <span class='ocrx_word' id='word_1_188' title='bbox 1156 1270 1183 1309; x_wconf 92' lang='grc'><strong>2</strong></span> <span class='ocrx_word' id='word_1_189' title='bbox 1211 1269 1291 1308; x_wconf 82' lang='lat'><strong>203</strong></span> <span class='ocrx_word' id='word_1_190' title='bbox 1311 1269 1364 1304; x_wconf 90' lang='lat' dir='ltr'><strong>B:</strong></span> <span class='ocrx_word' id='word_1_191' title='bbox 1394 1267 1579 1304; x_wconf 72' lang='lat' dir='ltr'><strong>victimae</strong></span> 
     </span>
     <span class='ocr_line' id='line_1_21' title="bbox 118 1322 1579 1374; baseline 0 -16"><span class='ocrx_word' id='word_1_192' title='bbox 118 1322 394 1372; x_wconf 79' lang='lat' dir='ltr'><strong>magnitudine</strong></span> <span class='ocrx_word' id='word_1_193' title='bbox 412 1335 667 1372; x_wconf 77' lang='lat' dir='ltr'><strong>exsuperans,</strong></span> <span class='ocrx_word' id='word_1_194' title='bbox 697 1336 787 1359; x_wconf 81' lang='lat' dir='ltr'><strong>cum</strong></span> <span class='ocrx_word' id='word_1_195' title='bbox 803 1335 873 1360; x_wconf 65' lang='grc' dir='ltr'><strong>νος</strong></span> <span class='ocrx_word' id='word_1_196' title='bbox 891 1322 949 1359; x_wconf 82' lang='lat' dir='ltr'><strong>ad</strong></span> <span class='ocrx_word' id='word_1_197' title='bbox 964 1322 1105 1360; x_wconf 69' lang='lat' dir='ltr'><strong>melias</strong></span> <span class='ocrx_word' id='word_1_198' title='bbox 1115 1324 1310 1374; x_wconf 76' lang='lat' dir='ltr'><strong>propensi</strong></span> <span class='ocrx_word' id='word_1_199' title='bbox 1332 1324 1479 1368; x_wconf 69' lang='lat' dir='ltr'><strong>essetis,</strong></span> <span class='ocrx_word' id='word_1_200' title='bbox 1505 1335 1579 1372; x_wconf 88' lang='lat' dir='ltr'><strong>op-</strong></span> 
     </span>
     <span class='ocr_line' id='line_1_22' title="bbox 111 1377 1578 1429; baseline 0.001 -15"><span class='ocrx_word' id='word_1_201' title='bbox 111 1377 290 1428; x_wconf 81' lang='lat' dir='ltr'><strong>pidum&#39;</strong></span> <span class='ocrx_word' id='word_1_202' title='bbox 273 1392 316 1415; x_wconf 85' lang='grc' dir='ltr'><strong>ιη</strong></span> <span class='ocrx_word' id='word_1_203' title='bbox 338 1379 536 1429; x_wconf 79' lang='lat' dir='ltr'><strong>integrum</strong></span> <span class='ocrx_word' id='word_1_204' title='bbox 550 1380 733 1416; x_wconf 64' lang='lat' dir='ltr'><strong>restituit.</strong></span> <span class='ocrx_word' id='word_1_205' title='bbox 795 1378 867 1416; x_wconf 86' lang='lat' dir='ltr'><strong>sed</strong></span> <span class='ocrx_word' id='word_1_206' title='bbox 883 1381 1106 1416; x_wconf 74' lang='lat' dir='ltr'><strong>versionem</strong></span> <span class='ocrx_word' id='word_1_207' title='bbox 1126 1392 1215 1416; x_wconf 90' lang='lat' dir='ltr'><strong>eam</strong></span> <span class='ocrx_word' id='word_1_208' title='bbox 1231 1393 1370 1418; x_wconf 82' lang='lat' dir='ltr'><strong>vereor</strong></span> <span class='ocrx_word' id='word_1_209' title='bbox 1385 1386 1429 1416; x_wconf 86' lang='lat' dir='ltr'><strong>ut</strong></span> <span class='ocrx_word' id='word_1_210' title='bbox 1446 1379 1578 1429; x_wconf 90' lang='lat' dir='ltr'><strong>possi-</strong></span> 
     </span>
     <span class='ocr_line' id='line_1_23' title="bbox 117 1432 1575 1498; baseline 0.003 -28"><span class='ocrx_word' id='word_1_211' title='bbox 117 1447 207 1471; x_wconf 91' lang='lat' dir='ltr'><strong>mus</strong></span> <span class='ocrx_word' id='word_1_212' title='bbox 241 1435 420 1485; x_wconf 89' lang='lat' dir='ltr'><strong>probare.</strong></span> <span class='ocrx_word' id='word_1_213' title='bbox 478 1435 638 1483; x_wconf 84' lang='lat' dir='ltr'><strong>malim,</strong></span> <span class='ocrx_word' id='word_1_214' title='bbox 679 1433 815 1487; x_wconf 84' lang='grc' dir='ltr'><strong>μεγέθ.</strong></span> <span class='ocrx_word' id='word_1_215' title='bbox 857 1439 953 1475; x_wconf 84' lang='grc' dir='ltr'><strong>θυσ.</strong></span> <span class='ocrx_word' id='word_1_216' title='bbox 995 1432 1342 1488; x_wconf 79' lang='grc' dir='ltr'><strong>υπερβαλλόμενος</strong></span> <span class='ocrx_word' id='word_1_217' title='bbox 1385 1438 1575 1498; x_wconf 79' lang='grc' dir='ltr'><strong>Κροῖσον,</strong></span> 
     </span>
     <span class='ocr_line' id='line_1_24' title="bbox 117 1487 1576 1599; baseline 0 -16"><span class='ocrx_word' id='word_1_218' title='bbox 117 1487 1000 1597; x_wconf 50' lang='grc' dir='ltr'><strong>ἒῗηῗᾬῷῗὲῗῗῖἶἓῖέῶῗῖηέεἶῗρνίῗιῖῗῗέἳῖ.</strong></span> <span class='ocrx_word' id='word_1_219' title='bbox 1010 1494 1340 1599; x_wconf 55' lang='grc' dir='ltr'><strong>ἱὲἒιι-ῗῖᾏιῗῗῖἕέἑ</strong></span> <span class='ocrx_word' id='word_1_220' title='bbox 1360 1492 1576 1599; x_wconf 58' lang='grc' dir='ltr'><strong>ζῖξὲξὲἒῖῑ</strong></span> 
     </span>
     <span class='ocr_line' id='line_1_25' title="bbox 115 1603 1576 1655; baseline 0 -16"><span class='ocrx_word' id='word_1_221' title='bbox 115 1604 276 1640; x_wconf 80' lang='lat' dir='ltr'><strong>ruinam</strong></span> <span class='ocrx_word' id='word_1_222' title='bbox 304 1603 566 1654; x_wconf 74' lang='lat' dir='ltr'><strong>minantibus)</strong></span> <span class='ocrx_word' id='word_1_223' title='bbox 596 1605 765 1640; x_wconf 78' lang='lat' dir='ltr'><strong>restituit</strong></span> <span class='ocrx_word' id='word_1_224' title='bbox 793 1603 942 1641; x_wconf 76' lang='lat' dir='ltr'><strong>urbem.</strong></span> <span class='ocrx_word' id='word_1_225' title='bbox 1004 1606 1132 1655; x_wconf 84' lang='lat' dir='ltr'><strong>tangit</strong></span> <span class='ocrx_word' id='word_1_226' title='bbox 1158 1610 1288 1641; x_wconf 88' lang='lat' dir='ltr'><strong>orator</strong></span> <span class='ocrx_word' id='word_1_227' title='bbox 1307 1604 1576 1640; x_wconf 80' lang='lat' dir='ltr'><strong>narrationem</strong></span> 
     </span>
     <span class='ocr_line' id='line_1_26' title="bbox 117 1658 1575 1711; baseline -0.001 -15"><span class='ocrx_word' id='word_1_228' title='bbox 117 1658 167 1696; x_wconf 92' lang='lat' dir='ltr'><strong>de</strong></span> <span class='ocrx_word' id='word_1_229' title='bbox 195 1660 424 1710; x_wconf 82' lang='lat' dir='ltr'><strong>ingentibus</strong></span> <span class='ocrx_word' id='word_1_230' title='bbox 449 1658 588 1698; x_wconf 84' lang='lat' dir='ltr'><strong>hostiis</strong></span> <span class='ocrx_word' id='word_1_231' title='bbox 615 1660 795 1711; x_wconf 90' lang='lat' dir='ltr'><strong>Apollini</strong></span> <span class='ocrx_word' id='word_1_232' title='bbox 822 1659 1017 1711; x_wconf 89' lang='lat' dir='ltr'><strong>Delphico</strong></span> <span class='ocrx_word' id='word_1_233' title='bbox 1048 1673 1072 1697; x_wconf 85' lang='lat' dir='ltr'><strong>a</strong></span> <span class='ocrx_word' id='word_1_234' title='bbox 1105 1661 1248 1698; x_wconf 87' lang='lat' dir='ltr'><strong>Croeso</strong></span> <span class='ocrx_word' id='word_1_235' title='bbox 1282 1660 1492 1710; x_wconf 84' lang='lat' dir='ltr'><strong>iugulatis,</strong></span> <span class='ocrx_word' id='word_1_236' title='bbox 1525 1658 1575 1695; x_wconf 90' lang='lat' dir='ltr'><strong>de</strong></span> 
     </span>
     <span class='ocr_line' id='line_1_27' title="bbox 115 1715 639 1767; baseline 0.002 -15"><span class='ocrx_word' id='word_1_237' title='bbox 115 1716 259 1767; x_wconf 88' lang='lat' dir='ltr'><strong>quibus</strong></span> <span class='ocrx_word' id='word_1_238' title='bbox 277 1715 500 1754; x_wconf 88' lang='lat' dir='ltr'><strong>Herodotus</strong></span> <span class='ocrx_word' id='word_1_239' title='bbox 522 1718 571 1757; x_wconf 92' lang='lat'><strong>19</strong></span> <span class='ocrx_word' id='word_1_240' title='bbox 589 1717 639 1754; x_wconf 90' lang='lat' dir='ltr'><strong>A.</strong></span> 
     </span>
    </p>

    <p class='ocr_par' dir='ltr' id='par_1_8' title="bbox 115 1767 1573 1879">
     <span class='ocr_line' id='line_1_28' title="bbox 227 1767 1573 1826; baseline -0.001 -14"><span class='ocrx_word' id='word_1_241' title='bbox 227 1785 268 1823; x_wconf 91' lang='grc' dir='ltr'><strong>Ρ.</strong></span> <span class='ocrx_word' id='word_1_242' title='bbox 290 1771 370 1813; x_wconf 87' lang='grc'><strong>284</strong></span> <span class='ocrx_word' id='word_1_243' title='bbox 389 1786 428 1810; x_wconf 82' lang='lat' dir='ltr'><strong>v.</strong></span> <span class='ocrx_word' id='word_1_244' title='bbox 449 1775 489 1812; x_wconf 89' lang='grc'><strong>2.</strong></span> <span class='ocrx_word' id='word_1_245' title='bbox 547 1770 612 1813; x_wconf 75' lang='grc' dir='ltr'><strong>ἐπὶ</strong></span> <span class='ocrx_word' id='word_1_246' title='bbox 637 1774 711 1823; x_wconf 79' lang='grc' dir='ltr'><strong>τῆς</strong></span> <span class='ocrx_word' id='word_1_247' title='bbox 739 1768 882 1823; x_wconf 72' lang='grc' dir='ltr'><strong>ἐνάτης</strong></span> <span class='ocrx_word' id='word_1_248' title='bbox 913 1770 982 1812; x_wconf 81' lang='grc' dir='ltr'><strong>καὶ</strong></span> <span class='ocrx_word' id='word_1_249' title='bbox 1010 1773 1324 1826; x_wconf 79' lang='grc' dir='ltr'><strong><em>τεσσαρακοστῆς</em></strong></span> <span class='ocrx_word' id='word_1_250' title='bbox 1356 1767 1573 1823; x_wconf 75' lang='grc' dir='ltr'><strong>Ὀλυμπιά-</strong></span> 
     </span>
     <span class='ocr_line' id='line_1_29' title="bbox 115 1826 1353 1879; baseline 0 -15"><span class='ocrx_word' id='word_1_251' title='bbox 115 1827 210 1879; x_wconf 82' lang='grc' dir='ltr'><strong>δος]</strong></span> <span class='ocrx_word' id='word_1_252' title='bbox 241 1826 348 1879; x_wconf 88' lang='lat' dir='ltr'><strong>apud</strong></span> <span class='ocrx_word' id='word_1_253' title='bbox 364 1829 541 1866; x_wconf 86' lang='lat' dir='ltr'><strong>Plinium</strong></span> <span class='ocrx_word' id='word_1_254' title='bbox 562 1832 588 1869; x_wconf 83' lang='lat'><strong>2</strong></span> <span class='ocrx_word' id='word_1_255' title='bbox 622 1831 692 1870; x_wconf 81' lang='lat'><strong>12:</strong></span> <span class='ocrx_word' id='word_1_256' title='bbox 731 1829 982 1879; x_wconf 75' lang='lat' dir='ltr'><strong>Olympiadis</strong></span> <span class='ocrx_word' id='word_1_257' title='bbox 999 1829 1052 1870; x_wconf 84' lang='lat'><strong>48</strong></span> <span class='ocrx_word' id='word_1_258' title='bbox 1073 1843 1178 1866; x_wconf 86' lang='lat' dir='ltr'><strong>anno</strong></span> <span class='ocrx_word' id='word_1_259' title='bbox 1198 1835 1353 1879; x_wconf 82' lang='lat' dir='ltr'><strong>quarto.</strong></span> 
     </span>
    </p>

    <p class='ocr_par' dir='ltr' id='par_1_9' title="bbox 114 1880 1574 1992">
     <span class='ocr_line' id='line_1_30' title="bbox 227 1880 1574 1934; baseline -0.001 -14"><span class='ocrx_word' id='word_1_260' title='bbox 227 1883 282 1920; x_wconf 76' lang='lat' dir='ltr'><strong>ib.</strong></span> <span class='ocrx_word' id='word_1_261' title='bbox 306 1898 344 1921; x_wconf 84' lang='lat' dir='ltr'><strong>v.</strong></span> <span class='ocrx_word' id='word_1_262' title='bbox 365 1883 404 1924; x_wconf 86' lang='grc'><strong>5.</strong></span> <span class='ocrx_word' id='word_1_263' title='bbox 460 1900 543 1924; x_wconf 72' lang='lat' dir='ltr'><strong>vno</strong></span> <span class='ocrx_word' id='word_1_264' title='bbox 572 1885 817 1924; x_wconf 83' lang='grc' dir='ltr'><strong>Σουλπικίου</strong></span> <span class='ocrx_word' id='word_1_265' title='bbox 848 1880 1026 1934; x_wconf 75' lang='grc' dir='ltr'><strong>Γάλλου]</strong></span> <span class='ocrx_word' id='word_1_266' title='bbox 1057 1885 1168 1922; x_wconf 89' lang='lat' dir='ltr'><strong>locus</strong></span> <span class='ocrx_word' id='word_1_267' title='bbox 1198 1891 1257 1922; x_wconf 87' lang='lat' dir='ltr'><strong>est</strong></span> <span class='ocrx_word' id='word_1_268' title='bbox 1285 1881 1391 1934; x_wconf 88' lang='lat' dir='ltr'><strong>apud</strong></span> <span class='ocrx_word' id='word_1_269' title='bbox 1413 1883 1574 1920; x_wconf 81' lang='lat' dir='ltr'><strong>Livium</strong></span> 
     </span>
     <span class='ocr_line' id='line_1_31' title="bbox 114 1938 1567 1992; baseline -0.001 -15"><span class='ocrx_word' id='word_1_270' title='bbox 114 1938 170 1981; x_wconf 84' lang='grc'><strong>44</strong></span> <span class='ocrx_word' id='word_1_271' title='bbox 198 1943 266 1981; x_wconf 78' lang='grc'><strong>37.</strong></span> <span class='ocrx_word' id='word_1_272' title='bbox 312 1941 448 1977; x_wconf 87' lang='lat' dir='ltr'><strong>confer</strong></span> <span class='ocrx_word' id='word_1_273' title='bbox 471 1953 628 1992; x_wconf 89' lang='lat' dir='ltr'><strong>quoque</strong></span> <span class='ocrx_word' id='word_1_274' title='bbox 653 1941 941 1986; x_wconf 76' lang='lat' dir='ltr'><strong>QuintiIIanum</strong></span> <span class='ocrx_word' id='word_1_275' title='bbox 958 1939 1007 1976; x_wconf 88' lang='lat' dir='ltr'><strong>de</strong></span> <span class='ocrx_word' id='word_1_276' title='bbox 1028 1941 1119 1978; x_wconf 87' lang='lat' dir='ltr'><strong>inst.</strong></span> <span class='ocrx_word' id='word_1_277' title='bbox 1140 1953 1195 1978; x_wconf 89' lang='lat' dir='ltr'><strong>or.</strong></span> <span class='ocrx_word' id='word_1_278' title='bbox 1217 1943 1237 1980; x_wconf 90' lang='lat'><strong>1</strong></span> <span class='ocrx_word' id='word_1_279' title='bbox 1273 1943 1324 1980; x_wconf 92' lang='lat'><strong>10</strong></span> <span class='ocrx_word' id='word_1_280' title='bbox 1341 1938 1414 1976; x_wconf 76' lang='lat' dir='ltr'><strong>sub</strong></span> <span class='ocrx_word' id='word_1_281' title='bbox 1422 1939 1466 1987; x_wconf 88' lang='lat' dir='ltr'><em>f</em></span> <span class='ocrx_word' id='word_1_282' title='bbox 1449 1953 1567 1976; x_wconf 89' lang='lat' dir='ltr'><strong>nem</strong></span> 
     </span>
    </p>
   </div>
   <div class='ocr_carea' id='block_1_3' title="bbox 227 1989 1647 2046">
    <p class='ocr_par' dir='ltr' id='par_1_10' title="bbox 227 1989 1647 2046">
     <span class='ocr_line' id='line_1_32' title="bbox 227 1989 1647 2046; baseline 0 -14"><span class='ocrx_word' id='word_1_283' title='bbox 227 2009 267 2046; x_wconf 90' lang='lat' dir='ltr'><strong>p.</strong></span> <span class='ocrx_word' id='word_1_284' title='bbox 287 1997 368 2037; x_wconf 90' lang='grc'><strong>285</strong></span> <span class='ocrx_word' id='word_1_285' title='bbox 390 2002 471 2032; x_wconf 86' lang='lat' dir='ltr'><strong>not.</strong></span> <span class='ocrx_word' id='word_1_286' title='bbox 492 2009 531 2032; x_wconf 80' lang='lat' dir='ltr'><strong>v.</strong></span> <span class='ocrx_word' id='word_1_287' title='bbox 555 1997 624 2036; x_wconf 87' lang='lat'><strong>10</strong></span> <span class='ocrx_word' id='word_1_288' title='bbox 614 2009 708 2032; x_wconf 88' lang='lat' dir='ltr'><strong>nna.</strong></span> <span class='ocrx_word' id='word_1_289' title='bbox 768 1994 950 2045; x_wconf 82' lang='grc' dir='ltr'><strong>δοκίδες]</strong></span> <span class='ocrx_word' id='word_1_290' title='bbox 981 1998 1107 2034; x_wconf 83' lang='lat' dir='ltr'><strong>sumsi</strong></span> <span class='ocrx_word' id='word_1_291' title='bbox 1128 1996 1365 2034; x_wconf 81' lang='lat' dir='ltr'><strong>vocabulum</strong></span> <span class='ocrx_word' id='word_1_292' title='bbox 1385 2009 1437 2032; x_wconf 88' lang='lat' dir='ltr'><strong>ex</strong></span> <span class='ocrx_word' id='word_1_293' title='bbox 1457 1997 1573 2045; x_wconf 84' lang='lat' dir='ltr'><strong>Apu·</strong></span> <span class='ocrx_word' id='word_1_294' title='bbox 1644 1989 1647 1993; x_wconf 47' lang='lat'><strong>¹</strong></span> 
     </span>
    </p>
   </div>
   <div class='ocr_carea' id='block_1_4' title="bbox 113 2050 1571 2553">
    <p class='ocr_par' dir='ltr' id='par_1_11' title="bbox 113 2050 1571 2553">
     <span class='ocr_line' id='line_1_33' title="bbox 114 2050 1568 2104; baseline -0.001 -16"><span class='ocrx_word' id='word_1_295' title='bbox 114 2051 194 2088; x_wconf 89' lang='lat' dir='ltr'><strong>leio</strong></span> <span class='ocrx_word' id='word_1_296' title='bbox 214 2050 264 2088; x_wconf 88' lang='lat' dir='ltr'><strong>de</strong></span> <span class='ocrx_word' id='word_1_297' title='bbox 281 2050 430 2088; x_wconf 86' lang='lat' dir='ltr'><strong>mundo</strong></span> <span class='ocrx_word' id='word_1_298' title='bbox 452 2054 529 2092; x_wconf 82' lang='lat'><strong>711</strong></span> <span class='ocrx_word' id='word_1_299' title='bbox 551 2052 620 2088; x_wconf 84' lang='lat' dir='ltr'><strong>liu.</strong></span> <span class='ocrx_word' id='word_1_300' title='bbox 642 2055 689 2099; x_wconf 89' lang='lat'><strong>7,</strong></span> <span class='ocrx_word' id='word_1_301' title='bbox 720 2054 802 2093; x_wconf 83' lang='lat'><strong>728</strong></span> <span class='ocrx_word' id='word_1_302' title='bbox 820 2052 892 2088; x_wconf 92' lang='lat' dir='ltr'><strong>lin.</strong></span> <span class='ocrx_word' id='word_1_303' title='bbox 911 2056 950 2093; x_wconf 82' lang='grc'><strong>2.</strong></span> <span class='ocrx_word' id='word_1_304' title='bbox 1007 2053 1286 2104; x_wconf 82' lang='lat' dir='ltr'><strong>inveniturque</strong></span> <span class='ocrx_word' id='word_1_305' title='bbox 1311 2051 1386 2088; x_wconf 87' lang='lat' dir='ltr'><strong>hac</strong></span> <span class='ocrx_word' id='word_1_306' title='bbox 1413 2051 1568 2102; x_wconf 84' lang='lat' dir='ltr'><strong>siguifi-</strong></span> 
     </span>
     <span class='ocr_line' id='line_1_34' title="bbox 115 2106 1571 2160; baseline 0 -15"><span class='ocrx_word' id='word_1_307' title='bbox 115 2109 267 2146; x_wconf 87' lang='lat' dir='ltr'><strong>catione</strong></span> <span class='ocrx_word' id='word_1_308' title='bbox 297 2120 379 2145; x_wconf 90' lang='lat' dir='ltr'><strong>non</strong></span> <span class='ocrx_word' id='word_1_309' title='bbox 409 2106 573 2159; x_wconf 88' lang='lat' dir='ltr'><strong>quidem</strong></span> <span class='ocrx_word' id='word_1_310' title='bbox 599 2109 642 2144; x_wconf 90' lang='lat' dir='ltr'><strong>in</strong></span> <span class='ocrx_word' id='word_1_311' title='bbox 665 2107 827 2157; x_wconf 83' lang='lat' dir='ltr'><strong>lexicis,</strong></span> <span class='ocrx_word' id='word_1_312' title='bbox 866 2106 938 2145; x_wconf 88' lang='lat' dir='ltr'><strong>sed</strong></span> <span class='ocrx_word' id='word_1_313' title='bbox 959 2114 1094 2146; x_wconf 82' lang='lat' dir='ltr'><strong>tamen</strong></span> <span class='ocrx_word' id='word_1_314' title='bbox 1114 2107 1222 2160; x_wconf 88' lang='lat' dir='ltr'><strong>apud</strong></span> <span class='ocrx_word' id='word_1_315' title='bbox 1244 2109 1465 2158; x_wconf 86' lang='lat' dir='ltr'><strong>complures</strong></span> <span class='ocrx_word' id='word_1_316' title='bbox 1483 2114 1571 2145; x_wconf 86' lang='lat' dir='ltr'><strong>tum</strong></span> 
     </span>
     <span class='ocr_line' id='line_1_35' title="bbox 114 2161 1568 2215; baseline 0 -14"><span class='ocrx_word' id='word_1_317' title='bbox 114 2171 246 2215; x_wconf 79' lang='lat' dir='ltr'><strong>patres</strong></span> <span class='ocrx_word' id='word_1_318' title='bbox 280 2170 367 2201; x_wconf 82' lang='lat' dir='ltr'><strong>tum</strong></span> <span class='ocrx_word' id='word_1_319' title='bbox 396 2161 711 2201; x_wconf 84' lang='lat' dir='ltr'><strong>mathematicos.</strong></span> <span class='ocrx_word' id='word_1_320' title='bbox 766 2166 822 2201; x_wconf 88' lang='lat' dir='ltr'><strong>ita</strong></span> <span class='ocrx_word' id='word_1_321' title='bbox 850 2165 1039 2214; x_wconf 85' lang='lat' dir='ltr'><strong>Origenes</strong></span> <span class='ocrx_word' id='word_1_322' title='bbox 1067 2172 1200 2202; x_wconf 86' lang='lat' dir='ltr'><strong>contra</strong></span> <span class='ocrx_word' id='word_1_323' title='bbox 1234 2166 1395 2202; x_wconf 85' lang='lat' dir='ltr'><strong>Celsum</strong></span> <span class='ocrx_word' id='word_1_324' title='bbox 1426 2163 1480 2206; x_wconf 83' lang='grc'><strong>45</strong></span> <span class='ocrx_word' id='word_1_325' title='bbox 1508 2166 1568 2201; x_wconf 88' lang='lat' dir='ltr'><strong>B:</strong></span> 
     </span>
     <span class='ocr_line' id='line_1_36' title="bbox 114 2216 1568 2272; baseline -0.003 -12"><span class='ocrx_word' id='word_1_326' title='bbox 114 2223 287 2272; x_wconf 81' lang='grc' dir='ltr'><strong>κομῆται</strong></span> <span class='ocrx_word' id='word_1_327' title='bbox 317 2216 347 2270; x_wconf 77' lang='grc' dir='ltr'><em>ἢ</em></span> <span class='ocrx_word' id='word_1_328' title='bbox 375 2220 541 2266; x_wconf 81' lang='grc' dir='ltr'><strong>δοκίδες.</strong></span> <span class='ocrx_word' id='word_1_329' title='bbox 597 2220 752 2268; x_wconf 81' lang='grc' dir='ltr'><strong>δοκίδες</strong></span> <span class='ocrx_word' id='word_1_330' title='bbox 784 2220 826 2259; x_wconf 86' lang='lat' dir='ltr'><strong>S.</strong></span> <span class='ocrx_word' id='word_1_331' title='bbox 858 2221 1030 2258; x_wconf 79' lang='lat' dir='ltr'><strong>Basilius</strong></span> <span class='ocrx_word' id='word_1_332' title='bbox 1059 2223 1228 2272; x_wconf 82' lang='lat' dir='ltr'><strong>Magnus</strong></span> <span class='ocrx_word' id='word_1_333' title='bbox 1249 2219 1415 2259; x_wconf 88' lang='lat' dir='ltr'><strong>homilia</strong></span> <span class='ocrx_word' id='word_1_334' title='bbox 1439 2219 1492 2261; x_wconf 90' lang='grc'><strong>25</strong></span> <span class='ocrx_word' id='word_1_335' title='bbox 1518 2219 1568 2257; x_wconf 88' lang='lat' dir='ltr'><strong>de</strong></span> 
     </span>
     <span class='ocr_line' id='line_1_37' title="bbox 113 2274 1568 2331; baseline 0 -18"><span class='ocrx_word' id='word_1_336' title='bbox 113 2275 289 2313; x_wconf 85' lang='lat' dir='ltr'><strong>humana</strong></span> <span class='ocrx_word' id='word_1_337' title='bbox 312 2274 459 2314; x_wconf 82' lang='lat' dir='ltr'><strong>Christi</strong></span> <span class='ocrx_word' id='word_1_338' title='bbox 481 2278 730 2326; x_wconf 82' lang='lat' dir='ltr'><strong>generatione</strong></span> <span class='ocrx_word' id='word_1_339' title='bbox 760 2279 783 2317; x_wconf 93' lang='lat'><strong>1</strong></span> <span class='ocrx_word' id='word_1_340' title='bbox 811 2275 895 2317; x_wconf 80' lang='lat'><strong>592</strong></span> <span class='ocrx_word' id='word_1_341' title='bbox 919 2278 969 2314; x_wconf 90' lang='lat' dir='ltr'><strong>D.</strong></span> <span class='ocrx_word' id='word_1_342' title='bbox 1026 2275 1201 2331; x_wconf 80' lang='grc' dir='ltr'><strong>παρήλια</strong></span> <span class='ocrx_word' id='word_1_343' title='bbox 1224 2277 1290 2317; x_wconf 82' lang='grc' dir='ltr'><strong>καὶ</strong></span> <span class='ocrx_word' id='word_1_344' title='bbox 1315 2278 1470 2324; x_wconf 80' lang='grc' dir='ltr'><strong>δοκίὸες</strong></span> <span class='ocrx_word' id='word_1_345' title='bbox 1489 2277 1568 2313; x_wconf 88' lang='lat' dir='ltr'><strong>Ar-</strong></span> 
     </span>
     <span class='ocr_line' id='line_1_38' title="bbox 113 2331 1566 2384; baseline 0.001 -14"><span class='ocrx_word' id='word_1_346' title='bbox 113 2331 331 2370; x_wconf 86' lang='lat' dir='ltr'><strong>temidorus</strong></span> <span class='ocrx_word' id='word_1_347' title='bbox 365 2333 629 2370; x_wconf 87' lang='lat' dir='ltr'><strong>Ouirocriticis</strong></span> <span class='ocrx_word' id='word_1_348' title='bbox 658 2334 736 2374; x_wconf 80' lang='lat'><strong>123</strong></span> <span class='ocrx_word' id='word_1_349' title='bbox 764 2334 821 2380; x_wconf 90' lang='grc' dir='ltr'><strong>Β,</strong></span> <span class='ocrx_word' id='word_1_350' title='bbox 851 2333 931 2375; x_wconf 85' lang='grc'><strong>130</strong></span> <span class='ocrx_word' id='word_1_351' title='bbox 957 2335 1005 2371; x_wconf 90' lang='grc' dir='ltr'><strong>Β.</strong></span> <span class='ocrx_word' id='word_1_352' title='bbox 1063 2337 1144 2373; x_wconf 74' lang='grc' dir='ltr'><strong>τῶν</strong></span> <span class='ocrx_word' id='word_1_353' title='bbox 1168 2332 1426 2384; x_wconf 77' lang='grc' dir='ltr'><strong>καλουμένων</strong></span> <span class='ocrx_word' id='word_1_354' title='bbox 1456 2348 1566 2384; x_wconf 84' lang='grc' dir='ltr'><strong>παρα</strong></span> 
     </span>
     <span class='ocr_line' id='line_1_39' title="bbox 113 2387 1565 2441; baseline -0.002 -12"><span class='ocrx_word' id='word_1_355' title='bbox 113 2401 191 2430; x_wconf 84' lang='grc' dir='ltr'><strong>τισι</strong></span> <span class='ocrx_word' id='word_1_356' title='bbox 230 2391 415 2441; x_wconf 78' lang='grc' dir='ltr'><strong>κομητῶν</strong></span> <span class='ocrx_word' id='word_1_357' title='bbox 448 2404 476 2440; x_wconf 82' lang='grc' dir='ltr'><em>η</em></span> <span class='ocrx_word' id='word_1_358' title='bbox 521 2389 692 2428; x_wconf 80' lang='grc' dir='ltr'><strong>δοκίδων</strong></span> <span class='ocrx_word' id='word_1_359' title='bbox 720 2388 915 2426; x_wconf 86' lang='lat' dir='ltr'><strong>Eusebius</strong></span> <span class='ocrx_word' id='word_1_360' title='bbox 943 2391 1207 2427; x_wconf 87' lang='lat' dir='ltr'><strong>Demonstrat.</strong></span> <span class='ocrx_word' id='word_1_361' title='bbox 1239 2401 1380 2439; x_wconf 84' lang='lat' dir='ltr'><strong>evang.</strong></span> <span class='ocrx_word' id='word_1_362' title='bbox 1407 2387 1489 2429; x_wconf 80' lang='lat'><strong>420</strong></span> <span class='ocrx_word' id='word_1_363' title='bbox 1516 2391 1565 2426; x_wconf 90' lang='lat' dir='ltr'><strong>A.</strong></span> 
     </span>
     <span class='ocr_line' id='line_1_40' title="bbox 113 2441 1567 2498; baseline -0.003 -13"><span class='ocrx_word' id='word_1_364' title='bbox 113 2445 277 2491; x_wconf 82' lang='grc' dir='ltr'><strong>δοκίδας</strong></span> <span class='ocrx_word' id='word_1_365' title='bbox 307 2441 337 2495; x_wconf 78' lang='grc' dir='ltr'><em>ἢ</em></span> <span class='ocrx_word' id='word_1_366' title='bbox 369 2442 584 2498; x_wconf 78' lang='grc' dir='ltr'><strong>σάλπιγγας</strong></span> <span class='ocrx_word' id='word_1_367' title='bbox 612 2444 775 2482; x_wconf 84' lang='lat' dir='ltr'><strong>Proclus</strong></span> <span class='ocrx_word' id='word_1_368' title='bbox 801 2445 1067 2496; x_wconf 80' lang='lat' dir='ltr'><strong>Paraphrasi</strong></span> <span class='ocrx_word' id='word_1_369' title='bbox 1057 2460 1099 2483; x_wconf 85' lang='grc' dir='ltr'><strong>ιιι</strong></span> <span class='ocrx_word' id='word_1_370' title='bbox 1118 2447 1393 2483; x_wconf 89' lang='lat' dir='ltr'><strong>Ptolemaeum</strong></span> <span class='ocrx_word' id='word_1_371' title='bbox 1414 2445 1493 2485; x_wconf 84' lang='lat'><strong>131</strong></span> <span class='ocrx_word' id='word_1_372' title='bbox 1517 2446 1567 2482; x_wconf 93' lang='lat' dir='ltr'><strong>B.</strong></span> 
     </span>
     <span class='ocr_line' id='line_1_41' title="bbox 114 2499 1567 2553; baseline 0.001 -15"><span class='ocrx_word' id='word_1_373' title='bbox 114 2499 165 2539; x_wconf 88' lang='lat' dir='ltr'><strong>de</strong></span> <span class='ocrx_word' id='word_1_374' title='bbox 187 2501 364 2540; x_wconf 84' lang='lat' dir='ltr'><strong>trabibus</strong></span> <span class='ocrx_word' id='word_1_375' title='bbox 386 2500 479 2540; x_wconf 78' lang='lat' dir='ltr'><strong>vide</strong></span> <span class='ocrx_word' id='word_1_376' title='bbox 503 2507 618 2539; x_wconf 85' lang='lat' dir='ltr'><strong>notas</strong></span> <span class='ocrx_word' id='word_1_377' title='bbox 646 2499 740 2539; x_wconf 89' lang='lat' dir='ltr'><strong>edit.</strong></span> <span class='ocrx_word' id='word_1_378' title='bbox 765 2507 922 2539; x_wconf 82' lang='lat' dir='ltr'><strong>nostrae</strong></span> <span class='ocrx_word' id='word_1_379' title='bbox 951 2501 1173 2553; x_wconf 72' lang='lat' dir='ltr'><strong>Prodigior:</strong></span> <span class='ocrx_word' id='word_1_380' title='bbox 1191 2502 1284 2539; x_wconf 87' lang='lat' dir='ltr'><strong>Iulii</strong></span> <span class='ocrx_word' id='word_1_381' title='bbox 1304 2501 1567 2553; x_wconf 85' lang='lat' dir='ltr'><strong>Obsequentis</strong></span> 
     </span>
    </p>
   </div>
   <div class='ocr_carea' id='block_1_5' title="bbox 37 2557 326 2599">
    <p class='ocr_par' dir='ltr' id='par_1_12' title="bbox 37 2557 326 2599">
     <span class='ocr_line' id='line_1_42' title="bbox 37 2557 326 2599; baseline -0.017 0"><span class='ocrx_word' id='word_1_382' title='bbox 37 2560 42 2566; x_wconf 81' lang='grc'><strong>”</strong></span> <span class='ocrx_word' id='word_1_383' title='bbox 111 2560 138 2599; x_wconf 78' lang='grc'>8</span> <span class='ocrx_word' id='word_1_384' title='bbox 169 2557 250 2598; x_wconf 87' lang='lat'><strong>179</strong></span> <span class='ocrx_word' id='word_1_385' title='bbox 277 2559 326 2594; x_wconf 88' lang='lat' dir='ltr'><strong>B.</strong></span> 
     </span>
    </p>
   </div>
   <div class='ocr_carea' id='block_1_6' title="bbox 226 2608 1567 2666">
    <p class='ocr_par' dir='ltr' id='par_1_13' title="bbox 226 2608 1567 2666">
     <span class='ocr_line' id='line_1_43' title="bbox 226 2608 1567 2666; baseline 0 -18"><span class='ocrx_word' id='word_1_386' title='bbox 226 2611 280 2649; x_wconf 87' lang='lat' dir='ltr'><strong>ib.</strong></span> <span class='ocrx_word' id='word_1_387' title='bbox 302 2620 384 2651; x_wconf 87' lang='lat' dir='ltr'><strong>not.</strong></span> <span class='ocrx_word' id='word_1_388' title='bbox 404 2625 443 2650; x_wconf 81' lang='lat' dir='ltr'><strong>v.</strong></span> <span class='ocrx_word' id='word_1_389' title='bbox 461 2610 488 2653; x_wconf 88' lang='grc'><strong>4</strong></span> <span class='ocrx_word' id='word_1_390' title='bbox 506 2613 601 2650; x_wconf 79' lang='lat' dir='ltr'><strong>ima.</strong></span> <span class='ocrx_word' id='word_1_391' title='bbox 657 2608 720 2654; x_wconf 71' lang='grc' dir='ltr'><strong>ὅτε</strong></span> <span class='ocrx_word' id='word_1_392' title='bbox 741 2609 996 2666; x_wconf 71' lang='grc' dir='ltr'><strong>Αὔγουστος]</strong></span> <span class='ocrx_word' id='word_1_393' title='bbox 1026 2612 1118 2652; x_wconf 82' lang='lat' dir='ltr'><strong>vide</strong></span> <span class='ocrx_word' id='word_1_394' title='bbox 1141 2613 1240 2651; x_wconf 87' lang='lat' dir='ltr'><strong>item</strong></span> <span class='ocrx_word' id='word_1_395' title='bbox 1266 2618 1378 2651; x_wconf 88' lang='lat' dir='ltr'><strong>notas</strong></span> <span class='ocrx_word' id='word_1_396' title='bbox 1412 2611 1463 2649; x_wconf 85' lang='lat' dir='ltr'><strong>ad</strong></span> <span class='ocrx_word' id='word_1_397' title='bbox 1490 2612 1567 2649; x_wconf 89' lang='lat' dir='ltr'><strong>Iul.</strong></span> 
     </span>
    </p>
   </div>
   <div class='ocr_carea' id='block_1_7' title="bbox 113 2669 1564 2777">
    <p class='ocr_par' dir='ltr' id='par_1_14' title="bbox 113 2669 1564 2777">
     <span class='ocr_line' id='line_1_44' title="bbox 113 2669 585 2720; baseline 0 -14"><span class='ocrx_word' id='word_1_398' title='bbox 113 2669 351 2720; x_wconf 83' lang='lat' dir='ltr'><strong>Obsequent.</strong></span> <span class='ocrx_word' id='word_1_399' title='bbox 376 2671 402 2710; x_wconf 81' lang='lat'><strong>3</strong></span> <span class='ocrx_word' id='word_1_400' title='bbox 431 2669 512 2710; x_wconf 88' lang='grc'><strong>295</strong></span> <span class='ocrx_word' id='word_1_401' title='bbox 536 2671 585 2706; x_wconf 92' lang='grc' dir='ltr'><strong>Β.</strong></span> 
     </span>
     <span class='ocr_line' id='line_1_45' title="bbox 225 2724 1564 2777; baseline 0 -16"><span class='ocrx_word' id='word_1_402' title='bbox 225 2724 279 2762; x_wconf 88' lang='lat' dir='ltr'><strong>ib.</strong></span> <span class='ocrx_word' id='word_1_403' title='bbox 298 2738 338 2762; x_wconf 81' lang='lat' dir='ltr'><strong>v.</strong></span> <span class='ocrx_word' id='word_1_404' title='bbox 357 2724 395 2766; x_wconf 87' lang='lat'><strong>5.</strong></span> <span class='ocrx_word' id='word_1_405' title='bbox 455 2724 756 2777; x_wconf 82' lang='grc' dir='ltr'><strong>Καμπέστριος]</strong></span> <span class='ocrx_word' id='word_1_406' title='bbox 787 2726 886 2763; x_wconf 77' lang='lat' dir='ltr'><strong>verti</strong></span> <span class='ocrx_word' id='word_1_407' title='bbox 908 2725 1005 2762; x_wconf 87' lang='lat' dir='ltr'><strong>item</strong></span> <span class='ocrx_word' id='word_1_408' title='bbox 1034 2725 1314 2775; x_wconf 80' lang='lat' dir='ltr'><strong>Campestrius:</strong></span> <span class='ocrx_word' id='word_1_409' title='bbox 1343 2736 1483 2762; x_wconf 84' lang='lat' dir='ltr'><strong>verum</strong></span> <span class='ocrx_word' id='word_1_410' title='bbox 1511 2736 1564 2760; x_wconf 81' lang='lat' dir='ltr'><strong>ex</strong></span> 
     </span>
    </p>
   </div>
   <div class='ocr_carea' id='block_1_8' title="bbox 114 2780 1562 2835">
    <p class='ocr_par' dir='ltr' id='par_1_15' title="bbox 114 2780 1562 2835">
     <span class='ocr_line' id='line_1_46' title="bbox 114 2780 1562 2835; baseline -0.001 -18"><span class='ocrx_word' id='word_1_411' title='bbox 114 2781 298 2833; x_wconf 87' lang='lat' dir='ltr'><strong>analogia</strong></span> <span class='ocrx_word' id='word_1_412' title='bbox 315 2780 565 2820; x_wconf 82' lang='lat' dir='ltr'><strong>scribendum</strong></span> <span class='ocrx_word' id='word_1_413' title='bbox 582 2783 722 2826; x_wconf 85' lang='lat' dir='ltr'><strong>fuisset</strong></span> <span class='ocrx_word' id='word_1_414' title='bbox 740 2782 872 2833; x_wconf 88' lang='lat' dir='ltr'><strong>potius</strong></span> <span class='ocrx_word' id='word_1_415' title='bbox 898 2782 1134 2832; x_wconf 77' lang='lat' dir='ltr'><strong>Campester.</strong></span> <span class='ocrx_word' id='word_1_416' title='bbox 1180 2793 1311 2835; x_wconf 87' lang='lat' dir='ltr'><strong>neque</strong></span> <span class='ocrx_word' id='word_1_417' title='bbox 1329 2782 1373 2818; x_wconf 90' lang='lat' dir='ltr'><strong>in</strong></span> <span class='ocrx_word' id='word_1_418' title='bbox 1391 2783 1562 2832; x_wconf 85' lang='lat' dir='ltr'><strong>epitome</strong></span> 
     </span>
    </p>
   </div>
  </div>
 </body>
</html>
