1748 3210
703 163 1026 213 PRAEFATIO.
1229 226 1236 234 α
1520 181 1601 213 mx

135 317 216 360 que
249 314 367 343 voces
393 300 688 356 formulasque,
733 299 784 340 de
813 301 930 340 rebus
958 298 1231 340 astronomicis
1267 298 1517 350 constitutas,
1554 301 1598 341 iu

134 382 336 431 versione,
376 380 503 420 sicubi
530 383 667 434 potui,
703 382 951 434 frequentius
982 378 1162 418 adhibui.
1220 385 1259 417 et
1291 381 1453 419 omnino
1484 382 1596 419 tenui

134 461 240 503 hanc
266 461 614 511 consuetudinem,
648 468 694 500 ut
717 473 978 513 quaecunque
1005 466 1159 512 pateret
1188 473 1211 496 c
1241 461 1384 498 Latino
1408 461 1451 498 in
1473 462 1600 499 Grae-

135 555 229 582 cum
257 554 446 581 conversa
478 555 587 591 esse,
619 538 958 594 quemadmodum
989 539 1225 592 Campestrii
1254 547 1518 578 commentata
1547 538 1598 579 de

134 622 261 663 stellis
293 622 444 660 crinitis
468 635 510 674 p.
537 620 620 664 285
649 633 746 673 sqq,
788 618 973 671 PNigidii
1003 620 1137 671 Figuli
1168 620 1348 657 Diarium
1384 620 1598 658 tonitruale

132 715 175 755 p.
207 703 312 753 306,
353 703 453 750 alia,
495 707 542 740 nt
581 701 624 738 in
658 700 740 738 illis
776 712 1027 748 sermonem,
1068 699 1196 751 qualis
1239 699 1338 737 olim
1376 699 1420 736 in
1454 699 1597 737 Latino

132 781 276 831 fuerit,
320 781 544 820 coniectura
574 779 734 832 assequi
764 786 823 828 et,
863 785 1058 831 quantum
1087 791 1270 830 possem,
1302 785 1597 830 repraesentare

134 872 298 899 conarer
328 859 461 911 potius
494 871 616 912 quam
642 865 687 897 ut
717 872 764 898 ea
785 871 888 912 quae
908 856 1045 911 Lydus
1064 856 1185 896 modo
1208 857 1455 909 ineleganter
1477 857 1597 897 modo

133 939 273 978 inscite
294 945 334 977 et
350 938 516 977 ridicule
535 940 729 988 vertIsset,
748 939 846 976 item
863 936 915 975 ad
933 938 1100 975 verbum
1121 951 1426 975 annumerat-em
1445 939 1598 978 lectori.

132 1019 264 1067 velut,
291 1025 335 1056 ut
353 1016 430 1056 hoc
448 1026 554 1068 utar,
586 1020 656 1072 qui
673 1018 758 1056 fieri
773 1019 902 1070 potuit
919 1024 964 1055 ut
981 1017 1197 1069 PNigidius
1215 1018 1403 1069 Figulus,
1432 1031 1514 1056 non
1534 1017 1599 1056 di-

132 1088 222 1136 cam
249 1110 346 1136 sana
372 1104 412 1135 et
436 1098 681 1150 tranquilla,
703 1096 776 1136 sed
806 1105 941 1135 tamen
966 1097 1147 1136 nondum
1170 1105 1366 1150 prostrata
1390 1105 1508 1150 atque
1531 1111 1599 1136 se·-

131 1177 246 1230 pulta
280 1190 323 1215 re
354 1177 538 1229 publica,
566 1184 721 1216 notaret
742 1175 795 1214 ad
818 1180 870 1219 16
887 1179 973 1215 Ian.
995 1178 1030 1216 si
1051 1179 1248 1227 tonuerit,
1280 1178 1328 1215 ab
1361 1179 1599 1229 imperatore

131 1256 328 1308 populum
353 1257 580 1294 Romanum
605 1263 798 1293 vexatum
823 1254 903 1294 iri2
963 1258 1073 1309 atqui
1093 1256 1170 1295 hoc
1193 1264 1297 1295 certe
1318 1258 1476 1307 valent,
1507 1271 1600 1296 ver·

131 1335 231 1374 bum
249 1349 271 1373 e
292 1335 427 1383 verbo,
449 1334 519 1371 illa
539 1349 579 1387 p.
592 1336 676 1376 322
694 1335 770 1377 24:
800 1333 822 1376 ὁ
842 1336 970 1388 δῆμος
988 1333 1070 1376 aino*
1089 1338 1163 1376 τοῦ
1179 1335 1372 1388 βασιλέως
1390 1335 1600 1391 ταραχθῆ-

134 1426 255 1456 σεται.
312 1421 498 1466 putemus
517 1416 560 1452 in
579 1416 722 1452 Latino
740 1415 863 1452 fuisse
876 1443 888 1464 ,
917 1428 945 1451 a
963 1415 1210 1462 dominante,
1231 1430 1258 1453 a
1270 1418 1474 1468 principe,
1499 1430 1601 1470 qua·-

134 1494 194 1534 les
224 1493 373 1546 LSylla
404 1501 472 1532 aut
501 1495 682 1532 CMarius
712 1495 754 1531 in
783 1507 868 1532 rem
893 1494 1098 1545 publicam
1129 1496 1385 1545 exstiterunt,
1426 1495 1548 1548 idque
1576 1510 1600 1535 a

133 1571 248 1626 Lydo
267 1573 391 1611 fuisse
409 1587 569 1612 versum
588 1574 719 1612 verbis
737 1574 866 1625 magis
887 1571 938 1610 ad
958 1586 1030 1611 sua
1054 1586 1175 1625 quam
1197 1573 1247 1611 ad
1266 1577 1477 1626 praeterita
1495 1583 1600 1614 tem-

134 1665 232 1705 pora
265 1652 586 1692 accommodatis.
644 1654 805 1708 Πέρσας
829 1668 870 1706 p.
895 1656 1001 1702 286,
1031 1656 1135 1703 297,
1165 1655 1248 1696 336
1281 1654 1382 1692 verti
1405 1655 1597 1693 Parthos:
1621 1671 1657 1706 p.
1684 1669 1748 1693 xvi

134 1744 231 1770 nam
253 1732 372 1769 etiam
396 1745 437 1783 p.
455 1733 538 1774 280
557 1733 583 1773 8
610 1735 772 1773 Crassus
792 1733 858 1775 ἐπὶ
877 1732 1036 1786 Πέρσας
1056 1731 1194 1773 ἐλάσαι
1214 1731 1376 1783 dicitur,
1403 1741 1447 1772 ut
1468 1742 1600 1786 pateat

133 1809 279 1851 horum
294 1813 457 1852 nomine
477 1813 569 1851 illos
587 1815 774 1866 intelligi.
816 1827 892 1851 nec
909 1813 1049 1851 subibo
1062 1812 1239 1864 (opinor)
1253 1814 1598 1866 vituperationem,

137 1889 246 1944 quod
265 1904 552 1944 usquequaque
572 1894 614 1931 in
638 1893 891 1933 restituendis
913 1894 1066 1931 Latinis
1090 1906 1316 1932 sermonem
1338 1895 1435 1946 ipsis
1461 1903 1600 1934 aucto-

135 1982 226 2008 rum
245 1971 438 2010 aetatibus
459 1980 693 2024 usurpatum
712 1976 822 2013 volui
842 1980 1151 2025 repraesentare.

248 2051 483 2104 Quanquam
506 2067 558 2091 ne
587 2055 644 2092 sic
674 2053 837 2107 quidem
878 2051 1115 2106 (fatendum
1151 2059 1211 2091 est
1251 2051 1383 2105 enim)
1421 2055 1597 2094 obtinere
1627 2057 1653 2096 9

135 2130 250 2182 potui
273 2137 319 2169 ut
346 2143 428 2169 non
452 2131 600 2171 diceret
629 2135 773 2187 aliquis
803 2132 1020 2172 desiderari
1046 2133 1088 2169 in
1116 2133 1310 2184 capitibus
1331 2132 1442 2171 haud
1462 2137 1599 2186 paucis

138 2210 254 2262 quasi
270 2210 441 2248 colorem
461 2213 710 2265 incorruptae
732 2213 992 2266 antiquitatis.
1051 2213 1242 2251 nimirum
1254 2243 1264 2262 ,
1295 2214 1330 2252 si
1345 2221 1523 2265 tempore
1543 2216 1600 2252 rei

137 2289 320 2341 publicae
350 2291 539 2342 primisve
567 2293 868 2344 imperatoribus
902 2294 1160 2345 Campestrii,
1204 2294 1356 2345 Figuli,
1398 2295 1600 2345 Capitonis

137 2369 438 2407 vaticinationes
461 2371 658 2410 confectas
683 2386 768 2411 esse
789 2372 1095 2422 contendamus,
1125 2375 1262 2412 mirari
1282 2387 1324 2412 se
1345 2372 1441 2426 quid
1460 2386 1601 2411 causae

138 2447 215 2495 sit,
245 2459 366 2499 quare
383 2460 514 2502 neque
532 2451 675 2489 Gallici
692 2465 766 2490 nec
786 2454 998 2491 Teutonici
1014 2466 1145 2506 neque
1163 2454 1389 2491 Germanici
1408 2453 1602 2490 tumultus

141 2531 210 2563 aut
225 2526 324 2564 belli
345 2530 494 2567 mentio
514 2529 582 2567 fiat
603 2530 710 2580 ulla3
741 2545 843 2585 quae
866 2539 1003 2571 tamen
1020 2533 1128 2570 bella
1148 2532 1394 2584 temporibus
1412 2532 1494 2569 illis
1513 2544 1603 2568 ma-

141 2604 254 2643 xime
285 2609 463 2646 omnium
490 2608 676 2648 diuturna
701 2618 821 2665 atque
849 2613 1072 2664 periculosa
1097 2620 1343 2664 putarentur.
1402 2618 1536 2650 contra
1557 2613 1602 2649 in

142 2683 356 2736 imperium
384 2687 636 2739 Cpolitanum
663 2691 793 2743 magis
826 2693 1035 2731 convenire
1055 2706 1117 2731 res
1138 2694 1182 2730 in
1208 2693 1366 2730 Oriente
1388 2691 1602 2730 adversus·-

144 2776 223 2817 que
238 2766 380 2805 Persas
395 2767 602 2819 gerendas,
631 2783 731 2823 quas
747 2769 906 2810 assidue
924 2778 1069 2810 canant
1088 2771 1328 2810 coniectores
1349 2771 1426 2810 illi.
1482 2770 1603 2810 verba
