1748 3210
208 186 304 233 270
554 226 558 230 .
729 187 948 231 IOANNIS
981 188 1113 232 LYDI

205 298 371 357 χρυσίου
400 297 588 343 τοσούτου
616 295 768 353 τυχών,
803 297 969 349 ἀπόντος
997 299 1141 351 αὗτοῦ,
1174 300 1271 357 πρὸς
1295 300 1340 343 τὸ
1370 306 1526 357 πλῆθος
1547 306 1624 345 τῶν

208 368 477 424 λυτρουμὲνων
511 365 682 421 (ταύτης
710 367 786 422 γὰρ
816 397 874 409 ...
905 366 1108 420 ἀνθούσης
1137 367 1288 420 ἐσθῆτα
1317 369 1543 411 ὁιεπώλεσεν
1567 400 1627 412 ...

209 437 274 476 καὶ
301 437 490 489 προσθεὶς
516 433 608 474 ὅσον
639 429 687 486 ἦν
719 434 827 490 αὐτῷ
859 434 1022 475 δυνατὸν
1049 450 1244 489 προ...αν
1267 439 1345 476 τῶν
1369 435 1521 492 λύτρων
1545 438 1626 486 ε’ξὲ-

208 513 341 554 πεμψε
363 503 502 542 τοῦτον
523 497 674 553 ἇμύνην
696 500 902 557 ἄντίροπον
923 504 988 542 καὶ
1006 505 1251 556 θεοπρεποῦς
1274 501 1436 555 ἀνέλαβε
1454 503 1522 544 τὸν
1541 504 1626 545 υἱὸν

211 568 313 611 κατὰ
330 565 458 608 πάντα
477 566 622 623 τρόπον
641 566 898 618 ἓκπαιδεύσας
915 567 1068 618 τούτοις
1085 570 1394 621 ἕνασχολεῖσθαι.
1460 567 1481 611 ὅ
1502 572 1545 612 δὲ
1561 571 1627 612 τὸν
1638 578 1659 612 5

211 632 403 689 παριόντα
424 636 488 676 καὶ
509 639 787 690 μαρτυροῦντα
809 642 891 684 τοῖς
911 636 1125 690 γινομένοις
1146 635 1234 677 κατ’
1258 635 1374 688 εὐχὰς
1393 635 1628 692 ἀπενίκησεν,

211 699 266 749 ὡς
281 701 433 742 ἐκείνων
448 700 619 757 χάριτας
636 703 777 743 εἲδέναι
793 707 850 759 τῷ
866 704 986 759 θείῳ,
1021 702 1080 744 ὅτι
1096 706 1152 759 τῷ
1170 701 1324 754 σώματι
1342 705 1528 744 τελευτῶν
1546 710 1632 753 ταῖς

212 768 426 820 εὐσεβείαις
456 767 659 819 ἀθάνατος
686 769 752 811 ὁιά
771 773 848 812 τῶν
869 769 978 826 παρὰ
997 773 1068 812 τοῦ
1083 769 1227 819 παιδὸς
1249 769 1524 825 πραττομένων
1545 772 1633 812 δια-

210 836 334 889 μένοι.

346 902 423 946 76.
493 906 696 944 Τοσοῦτον
727 901 821 945 ὄντα
846 903 914 945 τὸν
944 903 1071 959 ἄνδρα
1091 904 1242 961 χαίρων
1262 902 1282 945 ὅ
1303 902 1489 957 βασιλεὺς
1508 903 1633 944 πείθει
1647 909 1688 944 10

214 967 380 1025 καμάτῳ
411 973 543 1025 πολλῷ
574 970 706 1023 κοινὴν
730 973 784 1020 εἷς
811 969 986 1019 ἅπαντας
1007 971 1279 1021 ἐπιδείξασθαι
1297 971 1367 1024 τὴν
1389 965 1511 1012 οὖσαν
1531 971 1637 1026 αὐτῷ

212 1042 283 1090 τῆς
314 1040 450 1089 ψυχῆς
478 1036 704 1092 ἐλευθερίαν
712 1067 724 1086 ,
753 1040 818 1078 καὶ
851 1038 922 1090 τὴν
953 1036 1051 1093 ῧπέρ
1085 1043 1162 1079 τῶν
1194 1041 1332 1079 κοινῶν
1366 1037 1638 1086 ἀναδέξασθαι

213 1105 428 1159 φροντίδα,
459 1104 523 1143 καὶ
553 1105 730 1144 διιθῦναι
758 1103 826 1144 τὸν
856 1104 972 1144 οἷἀκα
1001 1105 1262 1157 βυθιζομένης
1289 1103 1368 1157 ’ἤδη
1399 1110 1480 1152 τοῖς
1505 1110 1638 1151 κακοῖς

211 1174 284 1222 τῆς
303 1169 398 1222 ὅλης
417 1170 623 1218 πολιτείας.
692 1167 713 1209 ὃ
738 1170 779 1210 δέ
802 1168 906 1210 ἄκων
942 1169 1059 1222 (οὐδὲ
1078 1170 1153 1224 γὰρ
1175 1170 1349 1225 ἀσφαλὲς
1363 1170 1556 1222 βασιλέως
1575 1169 1638 1210 αἴ-

213 1251 325 1289 τησιν
354 1233 718 1290 παρακρούσασθαι
744 1234 950 1289 τοιούτου)
987 1235 1058 1288 τὴν
1092 1237 1163 1290 μὲν
1196 1238 1436 1292 λειτουργίαν
1470 1235 1637 1290 ὑπῆλθε,
1651 1242 1693 1276 15

214 1302 355 1351 (δεδιὼς
386 1304 428 1343 δὲ
458 1300 565 1354 ὅμως
585 1304 651 1344 καὶ
670 1306 727 1358 τῷ
746 1303 904 1357 μεγέθει
925 1306 1003 1343 τῶν
1027 1319 1144 1358 φο...
1169 1305 1341 1357 ἲλιγγιῶν
1361 1301 1436 1343 εἶδε
1456 1302 1524 1344 τὸν
1545 1303 1641 1344 θεὸν

215 1367 391 1423 παρόντα
409 1374 575 1422 βοηθεῖν
597 1370 703 1424 αὐτῷ
721 1367 1064 1425 προθυμούμενον.
1130 1368 1214 1422 ἅμα
1233 1370 1310 1426 γὰρ
1330 1370 1401 1423 τὴν
1420 1369 1545 1424 ἀρχὴν
1564 1386 1642 1410 πα-

217 1435 406 1492 ραλαβών
441 1438 506 1477 καὶ
539 1441 610 1489 τῆς
641 1437 766 1489 αὐλῆς
802 1438 1017 1492 προφανεὶς
1048 1437 1110 1477 ἐπὶ
1143 1441 1213 1491 τῆς
1242 1434 1392 1490 ἀπήνης
1421 1436 1642 1492 ἀνεφέρετο,

215 1501 378 1555 σύμπας
399 1501 419 1545 ὃ
446 1506 573 1557 δῆμος
589 1502 722 1557 ἡλικία
743 1520 783 1544 τε
805 1508 914 1545 πᾶσα
936 1505 1002 1544 καὶ
1022 1502 1161 1559 φύσις,
1196 1502 1297 1557 ὃμοῦ
1322 1503 1394 1552 τὰς
1419 1510 1558 1558 χεῖρας
1590 1505 1644 1552 εἷς

216 1570 285 1612 τὸν
317 1570 484 1625 οὐρανὸν
511 1570 778 1619 ἀνατείναντες
786 1601 798 1620 ,
831 1570 980 1622 ’ὕμνους
1001 1570 1320 1626 εὐχαριστηρίους
1341 1571 1440 1623 μετὰ
1464 1568 1699 1625 ὃακρύων20

219 1637 408 1691 ἀνέφερον
433 1642 489 1692 τῷ
515 1641 598 1693 θεῷ
630 1635 825 1690 τοσαύτης
849 1635 1057 1685 ἀξιώσαντι
1083 1639 1267 1693 προνοίας
1286 1637 1379 1686 τούς
1398 1638 1554 1692 μυρίοις
1574 1654 1646 1678 κα-

220 1710 302 1752 κοῖς
324 1705 675 1759 κατεστρωμένους.
743 1705 892 1744 πείθειν
913 1705 955 1744 δὲ
972 1704 1069 1752 θεὸς
1088 1703 1326 1759 ἀνθρώπους
1342 1702 1532 1754 ἀξιώσας,
1567 1704 1648 1744 δεί-

222 1787 331 1812 κνυσι
363 1777 542 1826 παρεῖναι
573 1777 655 1820 τοῖς
684 1770 968 1826 πραττομένοις
995 1772 1060 1811 καὶ
1079 1775 1245 1823 βουλαῖς
1263 1771 1384 1812 αὐτοῦ
1406 1771 1580 1827 προϊέναι
1597 1770 1647 1812 τὰ

308 1887 332 1920 2
354 1890 432 1930 post
448 1884 516 1929 γὰρ
534 1886 663 1930 aliquot
682 1886 804 1919 literae
827 1886 1029 1920 exstinctae.
1052 1887 1098 1920 F.
1233 1889 1312 1931 post
1333 1884 1543 1920 διεπώλεσεν
1561 1886 1648 1920 duae

306 1931 426 1964 saltem
447 1931 594 1975 paginae
617 1931 865 1964 desiderantur.
907 1932 951 1964 F.
1087 1931 1110 1965 3
1131 1930 1192 1964 καὶ
1213 1951 1257 1958 -
1279 1931 1300 1965 5
1319 1928 1590 1974 ἐνασχολεῖσθοιι
1612 1931 1649 1964 in

309 1976 470 2009 versione
493 1976 603 2010 omisi.
626 1978 670 2010 F.
819 1976 860 2009 13
885 1975 967 2008 οἰκοι
989 1975 1032 2010 C.
1178 1977 1221 2010 16
1243 1974 1371 2016 ...ιὼς
1393 1977 1436 2010 C.
1570 1975 1648 2020 lego

309 2018 452 2065 φόβων.
473 2022 519 2055 F.
655 2021 701 2055 22
722 2020 845 2055 πείθει
866 2020 908 2054 C.

220 2119 297 2154 auri
322 2119 399 2164 ipso
431 2121 574 2153 absente
602 2131 664 2164 pro
696 2120 968 2154 redimendorum
996 2119 1208 2164 captivorum
1233 2120 1446 2155 multitudine
1476 2119 1652 2164 accepisse

221 2166 308 2206 (hac
334 2164 422 2197 enim
444 2164 582 2208 vigente
608 2187 661 2199 ...
684 2171 816 2199 vestem
841 2176 976 2209 quoque
1002 2166 1237 2210 vendidisset)
1263 2189 1319 2200 ...
1366 2165 1422 2199 ille
1449 2171 1563 2200 autem
1593 2176 1651 2198 su-

218 2209 479 2254 pervenientem
511 2215 546 2242 et
579 2210 671 2242 facta
704 2215 886 2243 testantem
921 2212 1124 2244 obsecrabat
1152 2216 1190 2244 ut
1218 2217 1404 2255 propterea
1435 2210 1563 2254 gratias
1586 2210 1652 2243 deo

219 2260 358 2298 ageret,
393 2255 485 2298 quod
502 2265 645 2299 corpore
664 2254 732 2298 piis
755 2255 915 2299 operibus
939 2255 1142 2299 moriturus,
1174 2256 1370 2290 immortalis
1393 2267 1456 2301 per
1477 2254 1546 2288 filii
1561 2255 1654 2288 faeta

222 2303 388 2333 maneret.

311 2345 368 2379 76.
415 2344 528 2378 Tanto
546 2343 622 2376 viro
643 2343 752 2378 laetus
775 2343 959 2388 imperator
983 2345 1086 2378 multo
1104 2345 1221 2379 labore
1243 2345 1428 2388 persuadet
1447 2354 1654 2378 communem

223 2389 379 2424 omnibus
409 2399 502 2422 suam
534 2388 636 2422 animi
668 2389 854 2422 bonitatem
886 2391 1086 2433 ostendere,
1127 2394 1163 2423 et
1190 2400 1304 2422 rerum
1335 2389 1543 2434 publicarum
1572 2399 1655 2422 cura

223 2438 402 2479 suscepta,
433 2434 537 2467 totius
561 2433 657 2468 malis
680 2434 746 2467 iam
769 2434 989 2477 depereuntis
1010 2435 1146 2479 imperii
1167 2434 1296 2468 clavum
1322 2445 1457 2477 regere.
1503 2433 1562 2467 ille
1591 2444 1652 2467 au-

224 2486 294 2514 tem
314 2479 444 2513 invitus
473 2478 626 2521 (etenim
647 2478 871 2522 periculosum
897 2484 970 2512 erat
993 2479 1093 2513 talem
1115 2479 1352 2524 imperatorem
1375 2482 1547 2523 petentem
1569 2477 1654 2511 reii-

224 2526 328 2568 cere)
353 2535 471 2557 munus
490 2523 613 2557 subiit=
645 2523 768 2556 timens
786 2529 917 2566 tamen,
954 2528 990 2557 et
1012 2524 1243 2568 magnitudine
1263 2529 1431 2557 terrorum
1455 2522 1553 2568 quasi
1573 2533 1654 2556 ver-

222 2569 334 2613 tigine
355 2573 553 2612 correptus,
578 2568 667 2602 vidit
687 2569 786 2602 deum
810 2574 1024 2612 praesentem
1051 2581 1089 2603 se
1111 2569 1276 2603 adiuvare
1294 2573 1460 2612 paratum.
1507 2579 1583 2602 nam
1604 2566 1654 2600 si-

225 2614 294 2648 mul
320 2619 422 2658 atque
446 2617 603 2657 suscepto
630 2613 830 2656 magistratu
853 2618 950 2646 extra
974 2613 1083 2647 aulam
1104 2625 1205 2647 curru
1228 2613 1358 2647 vehens
1375 2612 1554 2657 apparuit,
1577 2610 1655 2646 uni-

224 2670 347 2694 versus
369 2658 513 2703 populus
535 2658 711 2711 omnisque
734 2662 830 2691 aetas
853 2668 892 2690 ac
914 2669 1036 2702 sexus,
1073 2669 1139 2692 una
1162 2658 1313 2692 extensis
1336 2658 1371 2692 in
1396 2657 1525 2691 coelum
1546 2654 1655 2690 mani-

225 2706 310 2747 bus,
346 2704 489 2747 hymnos
515 2703 550 2737 in
577 2709 762 2747 gratiarum
787 2702 953 2736 actionem
982 2714 1055 2736 cum
1076 2702 1222 2737 lacrimis
1243 2704 1307 2737 deo
1327 2708 1530 2745 cantavere,
1559 2705 1656 2734 tanta.

226 2749 443 2794 providentia
473 2748 656 2782 innumeris
685 2747 781 2782 malis
807 2751 997 2788 prostratos
1028 2747 1181 2792 dignato.
1227 2749 1434 2792 persuadere
1458 2751 1570 2780 autem
1591 2745 1654 2778 ho-

225 2794 371 2830 minibus
389 2794 547 2839 dignatus
564 2793 665 2837 deus,
684 2791 836 2829 ostendit
851 2803 928 2828 sese
946 2792 1068 2828 adesse
1084 2793 1189 2828 rebus
1206 2793 1346 2839 suisque
1363 2790 1512 2827 consiliis
1528 2789 1655 2836 optima
