<?xml version="1.0" encoding="UTF-8"?>
<!DOCTYPE html PUBLIC "-//W3C//DTD XHTML 1.0 Transitional//EN"
    "http://www.w3.org/TR/xhtml1/DTD/xhtml1-transitional.dtd">
<html xmlns="http://www.w3.org/1999/xhtml" xml:lang="en" lang="en">
 <head>
  <title>
</title>
<meta http-equiv="Content-Type" content="text/html;charset=utf-8" />
  <meta name='ocr-system' content='tesseract 3.04.00' />
  <meta name='ocr-capabilities' content='ocr_page ocr_carea ocr_par ocr_line ocrx_word'/>
</head>
<body>
  <div class='ocr_page' id='page_1' title='image "./corpusscriptorum27niebuoft/corpusscriptorum27niebuoft_0168.png"; bbox 0 0 1748 3210; ppageno 0'>
   <div class='ocr_carea' id='block_1_1' title="bbox 257 214 1154 261">
    <p class='ocr_par' dir='ltr' id='par_1_1' title="bbox 257 214 1154 261">
     <span class='ocr_line' id='line_1_1' title="bbox 257 214 1154 261; baseline -0.007 0"><span class='ocrx_word' id='word_1_1' title='bbox 257 216 322 261; x_wconf 84' lang='lat'><strong><em>98</em></strong></span> <span class='ocrx_word' id='word_1_2' title='bbox 771 215 990 259; x_wconf 83' lang='lat' dir='ltr'><strong>IOANNIS</strong></span> <span class='ocrx_word' id='word_1_3' title='bbox 1023 214 1154 257; x_wconf 88' lang='lat' dir='ltr'>LYDI</span> 
     </span>
    </p>
   </div>
   <div class='ocr_carea' id='block_1_2' title="bbox 112 323 1723 1833">
    <p class='ocr_par' dir='ltr' id='par_1_2' title="bbox 112 323 1723 1833">
     <span class='ocr_line' id='line_1_2' title="bbox 259 323 1665 382; baseline 0 -15"><span class='ocrx_word' id='word_1_4' title='bbox 259 343 330 380; x_wconf 85' lang='grc' dir='ltr'><strong><em>νην</em></strong></span> <span class='ocrx_word' id='word_1_5' title='bbox 363 325 639 382; x_wconf 79' lang='grc' dir='ltr'><strong><em>διατρέχοντα,</em></strong></span> <span class='ocrx_word' id='word_1_6' title='bbox 673 324 771 381; x_wconf 82' lang='grc' dir='ltr'><strong><em>πρὸς</em></strong></span> <span class='ocrx_word' id='word_1_7' title='bbox 795 324 841 366; x_wconf 78' lang='grc' dir='ltr'><strong><em>δὲ</em></strong></span> <span class='ocrx_word' id='word_1_8' title='bbox 868 327 923 381; x_wconf 78' lang='grc' dir='ltr'><strong><em>τῷ</em></strong></span> <span class='ocrx_word' id='word_1_9' title='bbox 946 324 1055 379; x_wconf 81' lang='grc' dir='ltr'><strong><em>θέρει</em></strong></span> <span class='ocrx_word' id='word_1_10' title='bbox 1075 323 1174 379; x_wconf 79' lang='grc' dir='ltr'><strong><em>πρὸς</em></strong></span> <span class='ocrx_word' id='word_1_11' title='bbox 1187 328 1339 380; x_wconf 77' lang='grc' dir='ltr'><em>βορρᾶν</em></span> <span class='ocrx_word' id='word_1_12' title='bbox 1362 323 1580 367; x_wconf 66' lang='grc' dir='ltr'><strong><em>ἐκκλίνοντα</em></strong></span> <span class='ocrx_word' id='word_1_13' title='bbox 1599 323 1665 367; x_wconf 73' lang='grc' dir='ltr'><strong><em>ἕκ-</em></strong></span> 
     </span>
     <span class='ocr_line' id='line_1_3' title="bbox 259 389 1665 445; baseline -0.001 -11"><span class='ocrx_word' id='word_1_14' title='bbox 259 397 467 434; x_wconf 85' lang='grc' dir='ltr'><strong><em>καλεῖσθαι</em></strong></span> <span class='ocrx_word' id='word_1_15' title='bbox 497 391 564 433; x_wconf 83' lang='grc' dir='ltr'><strong><em>τὸν</em></strong></span> <span class='ocrx_word' id='word_1_16' title='bbox 591 394 760 442; x_wconf 85' lang='grc' dir='ltr'><strong><em>Νεῖλον,</em></strong></span> <span class='ocrx_word' id='word_1_17' title='bbox 792 391 858 432; x_wconf 83' lang='grc' dir='ltr'><strong><em>καὶ</em></strong></span> <span class='ocrx_word' id='word_1_18' title='bbox 880 390 946 431; x_wconf 80' lang='grc' dir='ltr'><strong><em>διὰ</em></strong></span> <span class='ocrx_word' id='word_1_19' title='bbox 967 389 1111 443; x_wconf 78' lang='grc' dir='ltr'><strong><em>ταύτην</em></strong></span> <span class='ocrx_word' id='word_1_20' title='bbox 1132 391 1202 443; x_wconf 84' lang='grc' dir='ltr'><strong><em>τὴν</em></strong></span> <span class='ocrx_word' id='word_1_21' title='bbox 1222 393 1347 432; x_wconf 77' lang='grc' dir='ltr'><strong><em>αἰτίαν</em></strong></span> <span class='ocrx_word' id='word_1_22' title='bbox 1371 391 1489 433; x_wconf 76' lang='grc' dir='ltr'><strong><em>αὐτὸν</em></strong></span> <span class='ocrx_word' id='word_1_23' title='bbox 1508 391 1665 445; x_wconf 78' lang='grc' dir='ltr'><strong><em>ἀναχεῖ-</em></strong></span> 
     </span>
     <span class='ocr_line' id='line_1_4' title="bbox 258 449 1664 512; baseline -0.001 -11"><span class='ocrx_word' id='word_1_24' title='bbox 258 463 358 501; x_wconf 89' lang='grc' dir='ltr'><strong><em>σθαι</em></strong></span> <span class='ocrx_word' id='word_1_25' title='bbox 377 458 474 499; x_wconf 79' lang='grc' dir='ltr'><strong><em>κατὰ</em></strong></span> <span class='ocrx_word' id='word_1_26' title='bbox 495 457 540 498; x_wconf 80' lang='grc' dir='ltr'><strong><em>τὸ</em></strong></span> <span class='ocrx_word' id='word_1_27' title='bbox 557 457 690 511; x_wconf 86' lang='grc' dir='ltr'><strong><em>θέρος.</em></strong></span> <span class='ocrx_word' id='word_1_28' title='bbox 756 456 794 497; x_wconf 78' lang='grc' dir='ltr'><strong><em>οἳ</em></strong></span> <span class='ocrx_word' id='word_1_29' title='bbox 820 449 874 497; x_wconf 56' lang='grc' dir='ltr'><strong><em>δὲν</em></strong></span> <span class='ocrx_word' id='word_1_30' title='bbox 888 454 1103 510; x_wconf 78' lang='grc' dir='ltr'><strong><em>Αῗγύπτιοί</em></strong></span> <span class='ocrx_word' id='word_1_31' title='bbox 1119 473 1217 512; x_wconf 76' lang='grc' dir='ltr'><strong><em>φασι</em></strong></span> <span class='ocrx_word' id='word_1_32' title='bbox 1237 457 1326 506; x_wconf 71' lang='grc' dir='ltr'><strong><em>τοὺς</em></strong></span> <span class='ocrx_word' id='word_1_33' title='bbox 1344 458 1518 510; x_wconf 71' lang='grc' dir='ltr'><strong><em>ἐτησίους</em></strong></span> <span class='ocrx_word' id='word_1_34' title='bbox 1532 457 1664 506; x_wconf 77' lang='grc' dir='ltr'><strong><em>πάσας</em></strong></span> 
     </span>
     <span class='ocr_line' id='line_1_5' title="bbox 258 521 1663 579; baseline -0.001 -14"><span class='ocrx_word' id='word_1_35' title='bbox 258 526 300 574; x_wconf 70' lang='grc' dir='ltr'><strong><em>ἐξ</em></strong></span> <span class='ocrx_word' id='word_1_36' title='bbox 329 523 538 579; x_wconf 69' lang='grc' dir='ltr'><strong><em>ὑπερτέρου</em></strong></span> <span class='ocrx_word' id='word_1_37' title='bbox 571 522 643 570; x_wconf 79' lang='grc' dir='ltr'><strong><em>τὰς</em></strong></span> <span class='ocrx_word' id='word_1_38' title='bbox 670 522 834 577; x_wconf 76' lang='grc' dir='ltr'><strong><em>νεφέλας</em></strong></span> <span class='ocrx_word' id='word_1_39' title='bbox 863 523 924 563; x_wconf 73' lang='grc' dir='ltr'><strong><em>ἐπὶ</em></strong></span> <span class='ocrx_word' id='word_1_40' title='bbox 957 523 1023 563; x_wconf 85' lang='grc' dir='ltr'><strong><em>τὸν</em></strong></span> <span class='ocrx_word' id='word_1_41' title='bbox 1043 521 1155 564; x_wconf 80' lang='grc' dir='ltr'><strong><em>νότον</em></strong></span> <span class='ocrx_word' id='word_1_42' title='bbox 1172 523 1354 574; x_wconf 70' lang='grc' dir='ltr'><strong><em>ἐξωθεῖν,</em></strong></span> <span class='ocrx_word' id='word_1_43' title='bbox 1387 524 1566 565; x_wconf 84' lang='grc' dir='ltr'><strong><em>κάκεῖθεν</em></strong></span> <span class='ocrx_word' id='word_1_44' title='bbox 1584 528 1663 576; x_wconf 80' lang='grc' dir='ltr'><strong><em>βα·-</em></strong></span> 
     </span>
     <span class='ocr_line' id='line_1_6' title="bbox 259 587 1695 646; baseline 0 -16"><span class='ocrx_word' id='word_1_45' title='bbox 259 591 366 646; x_wconf 86' lang='grc' dir='ltr'><strong><em>ρειάς</em></strong></span> <span class='ocrx_word' id='word_1_46' title='bbox 384 588 702 643; x_wconf 64' lang='grc' dir='ltr'><strong><em>καταφερομένης</em></strong></span> <span class='ocrx_word' id='word_1_47' title='bbox 719 591 869 643; x_wconf 80' lang='grc' dir='ltr'><strong><em>βροχῆς</em></strong></span> <span class='ocrx_word' id='word_1_48' title='bbox 888 587 1113 641; x_wconf 78' lang='grc' dir='ltr'><strong><em>ἀναβλύζειν</em></strong></span> <span class='ocrx_word' id='word_1_49' title='bbox 1131 588 1198 630; x_wconf 78' lang='grc' dir='ltr'><strong><em>τὸν</em></strong></span> <span class='ocrx_word' id='word_1_50' title='bbox 1218 592 1374 630; x_wconf 89' lang='grc' dir='ltr'><strong><em>Νεῖλον.</em></strong></span> <span class='ocrx_word' id='word_1_51' title='bbox 1431 588 1602 645; x_wconf 79' lang='grc' dir='ltr'><strong><em>’Έφορός</em></strong></span> <span class='ocrx_word' id='word_1_52' title='bbox 1619 605 1661 643; x_wconf 80' lang='grc' dir='ltr'><strong><em>γε</em></strong></span> <span class='ocrx_word' id='word_1_53' title='bbox 1674 596 1695 629; x_wconf 83' lang='grc'><strong>5</strong></span> 
     </span>
     <span class='ocr_line' id='line_1_7' title="bbox 258 652 1664 710; baseline 0 -14"><span class='ocrx_word' id='word_1_54' title='bbox 258 655 337 709; x_wconf 80' lang='grc' dir='ltr'><strong><em>μὴν</em></strong></span> <span class='ocrx_word' id='word_1_55' title='bbox 368 654 388 694; x_wconf 84' lang='grc' dir='ltr'><em>ὃ</em></span> <span class='ocrx_word' id='word_1_56' title='bbox 422 657 603 707; x_wconf 80' lang='grc' dir='ltr'><strong><em>Κυμαῖος</em></strong></span> <span class='ocrx_word' id='word_1_57' title='bbox 627 654 668 694; x_wconf 73' lang='grc' dir='ltr'><strong><em>ἓν</em></strong></span> <span class='ocrx_word' id='word_1_58' title='bbox 696 658 746 708; x_wconf 81' lang='grc' dir='ltr'><strong><em>τῇ</em></strong></span> <span class='ocrx_word' id='word_1_59' title='bbox 775 652 909 710; x_wconf 73' lang='grc' dir='ltr'><strong><em>πρώτῃ</em></strong></span> <span class='ocrx_word' id='word_1_60' title='bbox 937 660 1014 696; x_wconf 86' lang='grc' dir='ltr'><strong><em>τῶν</em></strong></span> <span class='ocrx_word' id='word_1_61' title='bbox 1043 656 1223 710; x_wconf 80' lang='grc' dir='ltr'><strong><em>ἱστοριῶν</em></strong></span> <span class='ocrx_word' id='word_1_62' title='bbox 1253 656 1371 710; x_wconf 80' lang='grc' dir='ltr'><strong><em>φησὶν</em></strong></span> <span class='ocrx_word' id='word_1_63' title='bbox 1399 654 1540 710; x_wconf 81' lang='grc' dir='ltr'><strong><em>ἀραιὰν</em></strong></span> <span class='ocrx_word' id='word_1_64' title='bbox 1569 654 1664 696; x_wconf 74' lang='grc' dir='ltr'><strong><em>εἶναι</em></strong></span> 
     </span>
     <span class='ocr_line' id='line_1_8' title="bbox 115 719 1662 777; baseline -0.003 -10"><span class='ocrx_word' id='word_1_65' title='bbox 115 744 151 777; x_wconf 90' lang='lat' dir='ltr'><strong><em>p.</em></strong></span> <span class='ocrx_word' id='word_1_66' title='bbox 177 729 241 766; x_wconf 88' lang='lat'><strong><em>114</em></strong></span> <span class='ocrx_word' id='word_1_67' title='bbox 260 721 363 763; x_wconf 76' lang='grc' dir='ltr'><strong><em>κατὰ</em></strong></span> <span class='ocrx_word' id='word_1_68' title='bbox 398 719 516 775; x_wconf 55' lang='grc' dir='ltr'><strong><em>(φύσιν</em></strong></span> <span class='ocrx_word' id='word_1_69' title='bbox 547 719 617 772; x_wconf 72' lang='grc' dir='ltr'><strong><em>τὴν</em></strong></span> <span class='ocrx_word' id='word_1_70' title='bbox 646 719 849 774; x_wconf 76' lang='grc' dir='ltr'><strong><em>Αἴγυπτον</em></strong></span> <span class='ocrx_word' id='word_1_71' title='bbox 857 751 870 771; x_wconf 88' lang='grc'><strong><em>,</em></strong></span> <span class='ocrx_word' id='word_1_72' title='bbox 902 723 967 762; x_wconf 83' lang='grc' dir='ltr'><strong><em>καὶ</em></strong></span> <span class='ocrx_word' id='word_1_73' title='bbox 989 722 1079 762; x_wconf 74' lang='grc' dir='ltr'><strong><em>κατ’</em></strong></span> <span class='ocrx_word' id='word_1_74' title='bbox 1101 721 1188 770; x_wconf 70' lang='grc' dir='ltr'><strong><em>ἔτος</em></strong></span> <span class='ocrx_word' id='word_1_75' title='bbox 1208 721 1444 774; x_wconf 76' lang='grc' dir='ltr'><strong><em>ε’παγομένης</em></strong></span> <span class='ocrx_word' id='word_1_76' title='bbox 1463 719 1569 769; x_wconf 73' lang='grc' dir='ltr'><strong><em>ἰλύος</em></strong></span> <span class='ocrx_word' id='word_1_77' title='bbox 1587 719 1662 762; x_wconf 71' lang='grc' dir='ltr'><strong><em>ὑπὸ</em></strong></span> 
     </span>
     <span class='ocr_line' id='line_1_9' title="bbox 260 786 1664 841; baseline -0.001 -12"><span class='ocrx_word' id='word_1_78' title='bbox 260 792 332 829; x_wconf 83' lang='grc' dir='ltr'><strong><em>τοῦ</em></strong></span> <span class='ocrx_word' id='word_1_79' title='bbox 364 788 508 828; x_wconf 87' lang='grc' dir='ltr'><strong><em>Νείλου</em></strong></span> <span class='ocrx_word' id='word_1_80' title='bbox 538 789 845 839; x_wconf 74' lang='grc' dir='ltr'><strong><em>στεγανοῦσθαι,</em></strong></span> <span class='ocrx_word' id='word_1_81' title='bbox 879 786 945 828; x_wconf 84' lang='grc' dir='ltr'><strong><em>τὸν</em></strong></span> <span class='ocrx_word' id='word_1_82' title='bbox 981 788 1022 828; x_wconf 71' lang='grc' dir='ltr'><strong><em>δὲ</em></strong></span> <span class='ocrx_word' id='word_1_83' title='bbox 1047 787 1222 839; x_wconf 80' lang='grc' dir='ltr'><strong><em>ποταμὸν</em></strong></span> <span class='ocrx_word' id='word_1_84' title='bbox 1249 788 1357 839; x_wconf 87' lang='grc' dir='ltr'><strong><em>δίκην</em></strong></span> <span class='ocrx_word' id='word_1_85' title='bbox 1379 787 1542 841; x_wconf 79' lang='grc' dir='ltr'><strong><em>ἱδρῶτος</em></strong></span> <span class='ocrx_word' id='word_1_86' title='bbox 1564 787 1664 828; x_wconf 80' lang='grc' dir='ltr'><strong><em>κατὰ</em></strong></span> 
     </span>
     <span class='ocr_line' id='line_1_10' title="bbox 258 850 1664 909; baseline -0.002 -13"><span class='ocrx_word' id='word_1_87' title='bbox 258 854 327 896; x_wconf 82' lang='grc' dir='ltr'><strong><em>τὸν</em></strong></span> <span class='ocrx_word' id='word_1_88' title='bbox 356 853 492 909; x_wconf 81' lang='grc' dir='ltr'><strong><em>καιρὸν</em></strong></span> <span class='ocrx_word' id='word_1_89' title='bbox 521 855 592 893; x_wconf 82' lang='grc' dir='ltr'><strong><em>τοῦ</em></strong></span> <span class='ocrx_word' id='word_1_90' title='bbox 623 850 825 904; x_wconf 75' lang='grc' dir='ltr'><strong><em>καύματος</em></strong></span> <span class='ocrx_word' id='word_1_91' title='bbox 855 853 915 893; x_wconf 76' lang='grc' dir='ltr'><strong><em>ἐπὶ</em></strong></span> <span class='ocrx_word' id='word_1_92' title='bbox 947 853 997 895; x_wconf 82' lang='grc' dir='ltr'><strong><em>τὰ</em></strong></span> <span class='ocrx_word' id='word_1_93' title='bbox 1029 852 1247 909; x_wconf 68' lang='grc' dir='ltr'><strong><em>κουφότερα</em></strong></span> <span class='ocrx_word' id='word_1_94' title='bbox 1277 855 1342 894; x_wconf 87' lang='grc' dir='ltr'><strong><em>καὶ</em></strong></span> <span class='ocrx_word' id='word_1_95' title='bbox 1361 851 1571 908; x_wconf 78' lang='grc' dir='ltr'><strong><em>ἀραιότερα</em></strong></span> <span class='ocrx_word' id='word_1_96' title='bbox 1591 869 1664 903; x_wconf 79' lang='grc' dir='ltr'><strong><em>κα-</em></strong></span> 
     </span>
     <span class='ocr_line' id='line_1_11' title="bbox 257 918 1718 976; baseline -0.001 -16"><span class='ocrx_word' id='word_1_97' title='bbox 257 925 427 976; x_wconf 82' lang='grc' dir='ltr'><strong><em>ταρρεῖν.</em></strong></span> <span class='ocrx_word' id='word_1_98' title='bbox 494 918 595 958; x_wconf 77' lang='grc' dir='ltr'><strong><em>ἀλλὰ</em></strong></span> <span class='ocrx_word' id='word_1_99' title='bbox 627 919 691 958; x_wconf 80' lang='grc' dir='ltr'><strong><em>καὶ</em></strong></span> <span class='ocrx_word' id='word_1_100' title='bbox 728 918 990 973; x_wconf 80' lang='grc' dir='ltr'><strong><em>Θρασυάλκης</em></strong></span> <span class='ocrx_word' id='word_1_101' title='bbox 1014 918 1034 960; x_wconf 81' lang='grc' dir='ltr'>ὁ</span> <span class='ocrx_word' id='word_1_102' title='bbox 1064 918 1212 967; x_wconf 80' lang='grc' dir='ltr'><strong><em>Θάσιος</em></strong></span> <span class='ocrx_word' id='word_1_103' title='bbox 1236 919 1328 967; x_wconf 77' lang='grc' dir='ltr'><strong><em>τοὺς</em></strong></span> <span class='ocrx_word' id='word_1_104' title='bbox 1351 919 1526 971; x_wconf 74' lang='grc' dir='ltr'><strong><em>ἐτησίους</em></strong></span> <span class='ocrx_word' id='word_1_105' title='bbox 1545 919 1664 974; x_wconf 79' lang='grc' dir='ltr'><strong><em>φησὶν</em></strong></span> <span class='ocrx_word' id='word_1_106' title='bbox 1675 927 1718 962; x_wconf 83' lang='lat'><strong><em>10</em></strong></span> 
     </span>
     <span class='ocr_line' id='line_1_12' title="bbox 256 983 1663 1040; baseline -0.001 -13"><span class='ocrx_word' id='word_1_107' title='bbox 256 987 420 1036; x_wconf 64' lang='grc' dir='ltr'><strong><em>ἐξωθεῖν</em></strong></span> <span class='ocrx_word' id='word_1_108' title='bbox 447 983 515 1025; x_wconf 80' lang='grc' dir='ltr'><strong><em>τὸν</em></strong></span> <span class='ocrx_word' id='word_1_109' title='bbox 542 987 707 1025; x_wconf 86' lang='grc' dir='ltr'><strong><em>Νεῖλον·</em></strong></span> <span class='ocrx_word' id='word_1_110' title='bbox 739 989 808 1038; x_wconf 81' lang='grc' dir='ltr'><strong><em>τῆς</em></strong></span> <span class='ocrx_word' id='word_1_111' title='bbox 837 985 912 1039; x_wconf 80' lang='grc' dir='ltr'><strong><em>γὰρ</em></strong></span> <span class='ocrx_word' id='word_1_112' title='bbox 939 987 1160 1034; x_wconf 73' lang='grc' dir='ltr'><strong><em>Αἰθιοπίας</em></strong></span> <span class='ocrx_word' id='word_1_113' title='bbox 1178 984 1348 1038; x_wconf 76' lang='grc' dir='ltr'><strong><em>ὑψηλοῖς</em></strong></span> <span class='ocrx_word' id='word_1_114' title='bbox 1368 984 1476 1040; x_wconf 78' lang='grc' dir='ltr'><strong><em>παρὰ</em></strong></span> <span class='ocrx_word' id='word_1_115' title='bbox 1492 983 1543 1025; x_wconf 78' lang='grc' dir='ltr'><strong><em>τὰ</em></strong></span> <span class='ocrx_word' id='word_1_116' title='bbox 1561 984 1663 1026; x_wconf 77' lang='grc' dir='ltr'><strong><em>καθ’</em></strong></span> 
     </span>
     <span class='ocr_line' id='line_1_13' title="bbox 257 1049 1666 1106; baseline 0 -14"><span class='ocrx_word' id='word_1_117' title='bbox 257 1050 363 1106; x_wconf 69' lang='grc' dir='ltr'><strong><em>ἡμᾶς</em></strong></span> <span class='ocrx_word' id='word_1_118' title='bbox 394 1050 500 1106; x_wconf 71' lang='grc' dir='ltr'><strong><em>ὄρεσι</em></strong></span> <span class='ocrx_word' id='word_1_119' title='bbox 531 1050 801 1104; x_wconf 81' lang='grc' dir='ltr'><strong><em>διεζωσμένης,</em></strong></span> <span class='ocrx_word' id='word_1_120' title='bbox 834 1049 1120 1105; x_wconf 75' lang='grc' dir='ltr'><strong><em>ὑποδεχομένης</em></strong></span> <span class='ocrx_word' id='word_1_121' title='bbox 1146 1068 1185 1093; x_wconf 87' lang='grc' dir='ltr'><strong><em>τε</em></strong></span> <span class='ocrx_word' id='word_1_122' title='bbox 1209 1051 1280 1100; x_wconf 81' lang='grc' dir='ltr'><strong><em>τὰς</em></strong></span> <span class='ocrx_word' id='word_1_123' title='bbox 1299 1051 1461 1106; x_wconf 79' lang='grc' dir='ltr'><strong><em>νεφέλας</em></strong></span> <span class='ocrx_word' id='word_1_124' title='bbox 1477 1050 1575 1105; x_wconf 80' lang='grc' dir='ltr'><strong><em>πρὸς</em></strong></span> <span class='ocrx_word' id='word_1_125' title='bbox 1589 1053 1666 1092; x_wconf 77' lang='grc' dir='ltr'><strong><em>τῶν</em></strong></span> 
     </span>
     <span class='ocr_line' id='line_1_14' title="bbox 258 1115 1668 1171; baseline -0.001 -12"><span class='ocrx_word' id='word_1_126' title='bbox 258 1119 421 1171; x_wconf 72' lang='grc' dir='ltr'><strong><em>ἐτησίων</em></strong></span> <span class='ocrx_word' id='word_1_127' title='bbox 450 1117 702 1168; x_wconf 81' lang='grc' dir='ltr'><strong><em>ὠθουμένας,</em></strong></span> <span class='ocrx_word' id='word_1_128' title='bbox 737 1116 927 1157; x_wconf 77' lang='grc' dir='ltr'><strong><em>ἐκδιδόναι</em></strong></span> <span class='ocrx_word' id='word_1_129' title='bbox 955 1118 1022 1158; x_wconf 81' lang='grc' dir='ltr'><strong><em>τὸν</em></strong></span> <span class='ocrx_word' id='word_1_130' title='bbox 1040 1122 1203 1167; x_wconf 83' lang='grc' dir='ltr'><strong><em>Νεῖλον,</em></strong></span> <span class='ocrx_word' id='word_1_131' title='bbox 1233 1115 1291 1166; x_wconf 81' lang='grc' dir='ltr'><strong><em>ὡς</em></strong></span> <span class='ocrx_word' id='word_1_132' title='bbox 1309 1119 1372 1158; x_wconf 85' lang='grc' dir='ltr'><strong><em>καὶ</em></strong></span> <span class='ocrx_word' id='word_1_133' title='bbox 1393 1117 1668 1170; x_wconf 72' lang='grc' dir='ltr'><strong><em>Καλλισθένης</em></strong></span> 
     </span>
     <span class='ocr_line' id='line_1_15' title="bbox 259 1181 1723 1238; baseline -0.002 -13"><span class='ocrx_word' id='word_1_134' title='bbox 259 1183 280 1225; x_wconf 81' lang='grc' dir='ltr'>ὅ</span> <span class='ocrx_word' id='word_1_135' title='bbox 303 1182 597 1238; x_wconf 84' lang='grc' dir='ltr'><strong><em>περιπατητικὸς</em></strong></span> <span class='ocrx_word' id='word_1_136' title='bbox 614 1183 654 1221; x_wconf 70' lang='grc' dir='ltr'><strong><em>ἓν</em></strong></span> <span class='ocrx_word' id='word_1_137' title='bbox 677 1186 734 1238; x_wconf 75' lang='grc' dir='ltr'><strong><em>τῷ</em></strong></span> <span class='ocrx_word' id='word_1_138' title='bbox 750 1181 920 1238; x_wconf 79' lang='grc' dir='ltr'><strong><em>τετάρτῳ</em></strong></span> <span class='ocrx_word' id='word_1_139' title='bbox 938 1185 1080 1238; x_wconf 78' lang='grc' dir='ltr'><strong><em>βιβλίῳ</em></strong></span> <span class='ocrx_word' id='word_1_140' title='bbox 1098 1188 1177 1225; x_wconf 77' lang='grc' dir='ltr'><strong><em>τῶν</em></strong></span> <span class='ocrx_word' id='word_1_141' title='bbox 1191 1182 1423 1236; x_wconf 70' lang='grc' dir='ltr'><strong><em>ζΕλληνικιὶἷν</em></strong></span> <span class='ocrx_word' id='word_1_142' title='bbox 1440 1184 1559 1238; x_wconf 80' lang='grc' dir='ltr'><strong><em>φησὶν</em></strong></span> <span class='ocrx_word' id='word_1_143' title='bbox 1573 1181 1666 1224; x_wconf 76' lang='grc' dir='ltr'><strong><em>ἒαυ-</em></strong></span> <span class='ocrx_word' id='word_1_144' title='bbox 1720 1183 1723 1187; x_wconf 66' lang='grc'><strong>”</strong></span> 
     </span>
     <span class='ocr_line' id='line_1_16' title="bbox 258 1245 1719 1304; baseline -0.001 -13"><span class='ocrx_word' id='word_1_145' title='bbox 258 1250 327 1291; x_wconf 79' lang='grc' dir='ltr'><strong><em>τὸν</em></strong></span> <span class='ocrx_word' id='word_1_146' title='bbox 357 1245 726 1303; x_wconf 79' lang='grc' dir='ltr'><strong><em>συστρατεύσασθαι</em></strong></span> <span class='ocrx_word' id='word_1_147' title='bbox 747 1246 988 1304; x_wconf 78' lang='grc' dir='ltr'><strong><em>Ἀλεξάνδρῳ</em></strong></span> <span class='ocrx_word' id='word_1_148' title='bbox 1019 1253 1075 1304; x_wconf 76' lang='grc' dir='ltr'><strong><em>τῷ</em></strong></span> <span class='ocrx_word' id='word_1_149' title='bbox 1106 1247 1335 1299; x_wconf 78' lang='grc' dir='ltr'><strong><em>Μακεδόνι,</em></strong></span> <span class='ocrx_word' id='word_1_150' title='bbox 1369 1250 1434 1290; x_wconf 80' lang='grc' dir='ltr'><strong><em>καὶ</em></strong></span> <span class='ocrx_word' id='word_1_151' title='bbox 1466 1248 1665 1302; x_wconf 80' lang='grc' dir='ltr'><strong><em>γενόμενον</em></strong></span> <span class='ocrx_word' id='word_1_152' title='bbox 1677 1257 1719 1291; x_wconf 83' lang='grc'><strong><em>15</em></strong></span> 
     </span>
     <span class='ocr_line' id='line_1_17' title="bbox 259 1311 1667 1370; baseline -0.001 -14"><span class='ocrx_word' id='word_1_153' title='bbox 259 1315 321 1356; x_wconf 68' lang='grc' dir='ltr'><strong><em>ἐπὶ</em></strong></span> <span class='ocrx_word' id='word_1_154' title='bbox 339 1319 409 1367; x_wconf 84' lang='grc' dir='ltr'><strong><em>τῆς</em></strong></span> <span class='ocrx_word' id='word_1_155' title='bbox 427 1314 648 1361; x_wconf 80' lang='grc' dir='ltr'><strong><em>Αἰθιοπίας</em></strong></span> <span class='ocrx_word' id='word_1_156' title='bbox 665 1311 788 1369; x_wconf 73' lang='grc' dir='ltr'><strong><em>εὑρεῖν</em></strong></span> <span class='ocrx_word' id='word_1_157' title='bbox 802 1313 870 1354; x_wconf 85' lang='grc' dir='ltr'><strong><em>τὸν</em></strong></span> <span class='ocrx_word' id='word_1_158' title='bbox 884 1317 1031 1356; x_wconf 90' lang='grc' dir='ltr'><strong><em>Νεῖλον</em></strong></span> <span class='ocrx_word' id='word_1_159' title='bbox 1049 1315 1087 1364; x_wconf 71' lang='grc' dir='ltr'><strong><em>ἐξ</em></strong></span> <span class='ocrx_word' id='word_1_160' title='bbox 1103 1315 1270 1370; x_wconf 80' lang='grc' dir='ltr'><strong><em>ἀπείρων</em></strong></span> <span class='ocrx_word' id='word_1_161' title='bbox 1287 1314 1447 1370; x_wconf 73' lang='grc' dir='ltr'><strong><em>ὄμβρων</em></strong></span> <span class='ocrx_word' id='word_1_162' title='bbox 1463 1315 1550 1356; x_wconf 79' lang='grc' dir='ltr'><strong><em>κατ’</em></strong></span> <span class='ocrx_word' id='word_1_163' title='bbox 1569 1315 1667 1356; x_wconf 73' lang='grc' dir='ltr'><strong><em>ἐκεί-</em></strong></span> 
     </span>
     <span class='ocr_line' id='line_1_18' title="bbox 259 1377 1667 1437; baseline -0.001 -14"><span class='ocrx_word' id='word_1_164' title='bbox 259 1398 331 1434; x_wconf 88' lang='grc' dir='ltr'><strong><em>νην</em></strong></span> <span class='ocrx_word' id='word_1_165' title='bbox 350 1380 563 1434; x_wconf 75' lang='grc' dir='ltr'><strong><em>γενομένων</em></strong></span> <span class='ocrx_word' id='word_1_166' title='bbox 582 1377 913 1435; x_wconf 82' lang='grc' dir='ltr'><strong><em>καταφερόμενον.</em></strong></span> <span class='ocrx_word' id='word_1_167' title='bbox 978 1381 1079 1422; x_wconf 78' lang='grc' dir='ltr'><strong><em>ἀλλὰ</em></strong></span> <span class='ocrx_word' id='word_1_168' title='bbox 1095 1383 1159 1422; x_wconf 81' lang='grc' dir='ltr'><strong><em>καὶ</em></strong></span> <span class='ocrx_word' id='word_1_169' title='bbox 1178 1382 1421 1436; x_wconf 83' lang='grc' dir='ltr'><strong><em>Δικαίαρχος</em></strong></span> <span class='ocrx_word' id='word_1_170' title='bbox 1439 1381 1482 1421; x_wconf 68' lang='grc' dir='ltr'><strong><em>ἓν</em></strong></span> <span class='ocrx_word' id='word_1_171' title='bbox 1500 1379 1667 1437; x_wconf 72' lang='grc' dir='ltr'><strong><em>περιόδῳ</em></strong></span> 
     </span>
     <span class='ocr_line' id='line_1_19' title="bbox 258 1444 1668 1502; baseline 0.001 -15"><span class='ocrx_word' id='word_1_172' title='bbox 258 1451 330 1502; x_wconf 75' lang='grc' dir='ltr'><strong><em>γῆς</em></strong></span> <span class='ocrx_word' id='word_1_173' title='bbox 350 1447 391 1487; x_wconf 73' lang='grc' dir='ltr'><strong><em>ἐκ</em></strong></span> <span class='ocrx_word' id='word_1_174' title='bbox 409 1448 478 1499; x_wconf 79' lang='grc' dir='ltr'><strong><em>τῆς</em></strong></span> <span class='ocrx_word' id='word_1_175' title='bbox 489 1446 734 1498; x_wconf 83' lang='grc' dir='ltr'><strong><em>Ἀτλαντικῆς</em></strong></span> <span class='ocrx_word' id='word_1_176' title='bbox 752 1444 955 1499; x_wconf 82' lang='grc' dir='ltr'><strong><em>θαλάττης</em></strong></span> <span class='ocrx_word' id='word_1_177' title='bbox 974 1447 1041 1488; x_wconf 83' lang='grc' dir='ltr'><strong><em>τὸν</em></strong></span> <span class='ocrx_word' id='word_1_178' title='bbox 1058 1451 1203 1489; x_wconf 84' lang='grc' dir='ltr'><strong><em>Νεῖλον</em></strong></span> <span class='ocrx_word' id='word_1_179' title='bbox 1222 1447 1453 1500; x_wconf 82' lang='grc' dir='ltr'><strong><em>ἀναχεΐσθαι</em></strong></span> <span class='ocrx_word' id='word_1_180' title='bbox 1471 1444 1668 1499; x_wconf 80' lang='grc' dir='ltr'><strong><em>βούλεται.</em></strong></span> 
     </span>
     <span class='ocr_line' id='line_1_20' title="bbox 258 1507 1668 1567; baseline 0 -13"><span class='ocrx_word' id='word_1_181' title='bbox 258 1514 431 1554; x_wconf 85' lang='grc' dir='ltr'><strong><em>ποικίλαι</em></strong></span> <span class='ocrx_word' id='word_1_182' title='bbox 463 1512 534 1564; x_wconf 74' lang='grc' dir='ltr'><strong><em>μὲν</em></strong></span> <span class='ocrx_word' id='word_1_183' title='bbox 569 1507 638 1552; x_wconf 75' lang='grc' dir='ltr'><strong><em>οὖν</em></strong></span> <span class='ocrx_word' id='word_1_184' title='bbox 668 1511 709 1552; x_wconf 79' lang='grc' dir='ltr'><strong><em>αἱ</em></strong></span> <span class='ocrx_word' id='word_1_185' title='bbox 735 1514 821 1567; x_wconf 85' lang='grc' dir='ltr'><strong><em>περὶ</em></strong></span> <span class='ocrx_word' id='word_1_186' title='bbox 841 1512 963 1553; x_wconf 80' lang='grc' dir='ltr'><strong><em>αὐτοῦ</em></strong></span> <span class='ocrx_word' id='word_1_187' title='bbox 984 1512 1118 1563; x_wconf 80' lang='grc' dir='ltr'><strong><em>δόξαι,</em></strong></span> <span class='ocrx_word' id='word_1_188' title='bbox 1151 1514 1195 1554; x_wconf 84' lang='grc' dir='ltr'><strong><em>τὸ</em></strong></span> <span class='ocrx_word' id='word_1_189' title='bbox 1220 1513 1260 1554; x_wconf 75' lang='grc' dir='ltr'><strong><em>δ’</em></strong></span> <span class='ocrx_word' id='word_1_190' title='bbox 1287 1513 1436 1566; x_wconf 78' lang='grc' dir='ltr'><strong><em>ἀληθὲς</em></strong></span> <span class='ocrx_word' id='word_1_191' title='bbox 1453 1512 1555 1554; x_wconf 76' lang='grc' dir='ltr'><strong><em>κατὰ</em></strong></span> <span class='ocrx_word' id='word_1_192' title='bbox 1576 1513 1668 1561; x_wconf 80' lang='grc' dir='ltr'><strong><em>τούς</em></strong></span> 
     </span>
     <span class='ocr_line' id='line_1_21' title="bbox 259 1577 1720 1634; baseline 0 -14"><span class='ocrx_word' id='word_1_193' title='bbox 259 1577 497 1633; x_wconf 74' lang='grc' dir='ltr'><strong><em>ἀνθρώπους</em></strong></span> <span class='ocrx_word' id='word_1_194' title='bbox 530 1578 625 1626; x_wconf 84' lang='grc' dir='ltr'><strong><em>τέως</em></strong></span> <span class='ocrx_word' id='word_1_195' title='bbox 655 1577 853 1630; x_wconf 80' lang='grc' dir='ltr'><strong><em>οὐδαμοῦ·</em></strong></span> <span class='ocrx_word' id='word_1_196' title='bbox 886 1579 986 1619; x_wconf 75' lang='grc' dir='ltr'><strong><em>κατὰ</em></strong></span> <span class='ocrx_word' id='word_1_197' title='bbox 1010 1579 1084 1634; x_wconf 79' lang='grc' dir='ltr'><strong><em>γὰρ</em></strong></span> <span class='ocrx_word' id='word_1_198' title='bbox 1107 1579 1152 1620; x_wconf 82' lang='grc' dir='ltr'><strong><em>τὸ</em></strong></span> <span class='ocrx_word' id='word_1_199' title='bbox 1174 1577 1301 1633; x_wconf 77' lang='grc' dir='ltr'><strong><em>λόγιον</em></strong></span> <span class='ocrx_word' id='word_1_200' title='bbox 1320 1578 1364 1620; x_wconf 80' lang='grc' dir='ltr'><strong><em>τὸ</em></strong></span> <span class='ocrx_word' id='word_1_201' title='bbox 1386 1578 1427 1620; x_wconf 78' lang='grc' dir='ltr'><strong><em>δ’</em></strong></span> <span class='ocrx_word' id='word_1_202' title='bbox 1451 1578 1607 1633; x_wconf 75' lang='grc' dir='ltr'><strong><em>ἀτρεκὲς</em></strong></span> <span class='ocrx_word' id='word_1_203' title='bbox 1626 1579 1720 1620; x_wconf 80' lang='grc' dir='ltr'><strong><em>ἒν20</em></strong></span> 
     </span>
     <span class='ocr_line' id='line_1_22' title="bbox 256 1643 1666 1700; baseline -0.001 -14"><span class='ocrx_word' id='word_1_204' title='bbox 256 1649 385 1698; x_wconf 78' lang='grc' dir='ltr'><strong><em>βαθεῖ</em></strong></span> <span class='ocrx_word' id='word_1_205' title='bbox 397 1645 492 1685; x_wconf 78' lang='grc' dir='ltr'><strong><em>ε’στί.</em></strong></span> <span class='ocrx_word' id='word_1_206' title='bbox 557 1645 745 1698; x_wconf 80' lang='grc' dir='ltr'><strong><em>Χρῆστος</em></strong></span> <span class='ocrx_word' id='word_1_207' title='bbox 763 1645 808 1685; x_wconf 77' lang='grc' dir='ltr'><strong><em>δὲ</em></strong></span> <span class='ocrx_word' id='word_1_208' title='bbox 830 1643 850 1684; x_wconf 84' lang='grc' dir='ltr'><strong>ὅ</strong></span> <span class='ocrx_word' id='word_1_209' title='bbox 867 1643 1058 1697; x_wconf 81' lang='grc' dir='ltr'><strong><em>Ῥωμαῖός</em></strong></span> <span class='ocrx_word' id='word_1_210' title='bbox 1079 1661 1197 1700; x_wconf 66' lang='grc' dir='ltr'><strong><em>φησιν</em></strong></span> <span class='ocrx_word' id='word_1_211' title='bbox 1224 1644 1315 1686; x_wconf 76' lang='grc' dir='ltr'><strong><em>“ε’.πὶ</em></strong></span> <span class='ocrx_word' id='word_1_212' title='bbox 1335 1649 1405 1698; x_wconf 86' lang='grc' dir='ltr'><strong><em>τῆς</em></strong></span> <span class='ocrx_word' id='word_1_213' title='bbox 1424 1643 1575 1694; x_wconf 79' lang='grc' dir='ltr'><strong><em>δύσεως</em></strong></span> <span class='ocrx_word' id='word_1_214' title='bbox 1592 1643 1666 1700; x_wconf 78' lang='grc' dir='ltr'><strong><em>ἷίρη</em></strong></span> 
     </span>
     <span class='ocr_line' id='line_1_23' title="bbox 112 1707 1668 1769; baseline -0.001 -17"><span class='ocrx_word' id='word_1_215' title='bbox 112 1736 150 1769; x_wconf 78' lang='lat' dir='ltr'><strong><em>p,</em></strong></span> <span class='ocrx_word' id='word_1_216' title='bbox 173 1722 237 1758; x_wconf 86' lang='lat'><strong><em>115</em></strong></span> <span class='ocrx_word' id='word_1_217' title='bbox 258 1711 422 1765; x_wconf 76' lang='grc' dir='ltr'><strong><em>μέγιστα</em></strong></span> <span class='ocrx_word' id='word_1_218' title='bbox 449 1711 515 1751; x_wconf 84' lang='grc' dir='ltr'><strong><em>καὶ</em></strong></span> <span class='ocrx_word' id='word_1_219' title='bbox 542 1707 775 1762; x_wconf 73' lang='grc' dir='ltr'><strong><em>ἶψηλότατά</em></strong></span> <span class='ocrx_word' id='word_1_220' title='bbox 799 1711 915 1760; x_wconf 84' lang='grc' dir='ltr'><strong><em>εῗσιν,</em></strong></span> <span class='ocrx_word' id='word_1_221' title='bbox 945 1710 971 1751; x_wconf 77' lang='grc' dir='ltr'><em>ἃ</em></span> <span class='ocrx_word' id='word_1_222' title='bbox 991 1711 1059 1764; x_wconf 81' lang='grc' dir='ltr'><strong><em>τὴν</em></strong></span> <span class='ocrx_word' id='word_1_223' title='bbox 1077 1710 1241 1764; x_wconf 83' lang='grc' dir='ltr'><strong><em>Λιβύην</em></strong></span> <span class='ocrx_word' id='word_1_224' title='bbox 1261 1710 1336 1751; x_wconf 82' lang='grc' dir='ltr'><strong><em>ἀπὸ</em></strong></span> <span class='ocrx_word' id='word_1_225' title='bbox 1359 1715 1428 1764; x_wconf 82' lang='grc' dir='ltr'><strong><em>τῆς</em></strong></span> <span class='ocrx_word' id='word_1_226' title='bbox 1447 1711 1668 1760; x_wconf 77' lang='grc' dir='ltr'><strong><em>Αἰθιοπίας</em></strong></span> 
     </span>
     <span class='ocr_line' id='line_1_24' title="bbox 255 1774 1667 1833; baseline -0.001 -15"><span class='ocrx_word' id='word_1_227' title='bbox 255 1778 478 1833; x_wconf 79' lang='grc' dir='ltr'><strong><em>χωρίζουσι.</em></strong></span> <span class='ocrx_word' id='word_1_228' title='bbox 544 1774 692 1817; x_wconf 78' lang='grc' dir='ltr'><strong><em>τούτων</em></strong></span> <span class='ocrx_word' id='word_1_229' title='bbox 710 1782 795 1824; x_wconf 86' lang='grc' dir='ltr'><strong><em>ταῖς</em></strong></span> <span class='ocrx_word' id='word_1_230' title='bbox 811 1775 994 1829; x_wconf 73' lang='grc' dir='ltr'><strong><em>ἐσχάταις</em></strong></span> <span class='ocrx_word' id='word_1_231' title='bbox 1012 1777 1135 1832; x_wconf 78' lang='grc' dir='ltr'><strong><em>ῥίζαις</em></strong></span> <span class='ocrx_word' id='word_1_232' title='bbox 1151 1778 1194 1818; x_wconf 87' lang='grc' dir='ltr'><strong><em>τὸ</em></strong></span> <span class='ocrx_word' id='word_1_233' title='bbox 1208 1776 1451 1818; x_wconf 83' lang='grc' dir='ltr'><strong><em>Ἀτλαντικὸν</em></strong></span> <span class='ocrx_word' id='word_1_234' title='bbox 1466 1777 1667 1818; x_wconf 75' lang='grc' dir='ltr'><strong><em>ἐπιπῖπτον</em></strong></span> 
     </span>
    </p>
   </div>
   <div class='ocr_carea' id='block_1_3' title="bbox 345 1865 1664 1957">
    <p class='ocr_par' dir='ltr' id='par_1_3' title="bbox 345 1865 1664 1957">
     <span class='ocr_line' id='line_1_25' title="bbox 345 1865 1664 1914; baseline 0.001 -12"><span class='ocrx_word' id='word_1_235' title='bbox 345 1869 369 1902; x_wconf 84' lang='grc'><strong>3</strong></span> <span class='ocrx_word' id='word_1_236' title='bbox 388 1865 496 1911; x_wconf 78' lang='grc' dir='ltr'><strong><em>τοὺς]</em></strong></span> <span class='ocrx_word' id='word_1_237' title='bbox 519 1865 586 1907; x_wconf 82' lang='grc' dir='ltr'><strong><em>τὰς</em></strong></span> <span class='ocrx_word' id='word_1_238' title='bbox 603 1867 718 1911; x_wconf 79' lang='lat' dir='ltr'>vulgo.</span> <span class='ocrx_word' id='word_1_239' title='bbox 869 1868 890 1902; x_wconf 88' lang='lat'><strong>6</strong></span> <span class='ocrx_word' id='word_1_240' title='bbox 913 1867 1056 1913; x_wconf 75' lang='grc' dir='ltr'><strong><em>πρώτῃ]</em></strong></span> <span class='ocrx_word' id='word_1_241' title='bbox 1081 1866 1250 1913; x_wconf 71' lang='grc' dir='ltr'><strong><em>ἑνδεκάτῃ</em></strong></span> <span class='ocrx_word' id='word_1_242' title='bbox 1271 1869 1371 1902; x_wconf 84' lang='lat' dir='ltr'>Marx</span> <span class='ocrx_word' id='word_1_243' title='bbox 1388 1867 1523 1914; x_wconf 81' lang='lat' dir='ltr'><strong>Ephori</strong></span> <span class='ocrx_word' id='word_1_244' title='bbox 1541 1869 1664 1914; x_wconf 68' lang='lat' dir='ltr'>flagru-</span> 
     </span>
     <span class='ocr_line' id='line_1_26' title="bbox 346 1910 1412 1957; baseline 0.003 -12"><span class='ocrx_word' id='word_1_245' title='bbox 346 1924 383 1957; x_wconf 86' lang='lat' dir='ltr'><strong><em>p.</em></strong></span> <span class='ocrx_word' id='word_1_246' title='bbox 405 1913 484 1946; x_wconf 76' lang='lat'><strong>213.</strong></span> <span class='ocrx_word' id='word_1_247' title='bbox 616 1913 662 1944; x_wconf 71' lang='lat'><strong><em>22</em></strong></span> <span class='ocrx_word' id='word_1_248' title='bbox 683 1910 818 1955; x_wconf 78' lang='grc' dir='ltr'><strong><em>μεγάλα</em></strong></span> <span class='ocrx_word' id='word_1_249' title='bbox 834 1912 876 1946; x_wconf 89' lang='grc' dir='ltr'><strong><em>Ρ.</em></strong></span> <span class='ocrx_word' id='word_1_250' title='bbox 1008 1915 1053 1947; x_wconf 76' lang='grc'><strong><em>23</em></strong></span> <span class='ocrx_word' id='word_1_251' title='bbox 1074 1911 1255 1947; x_wconf 75' lang='grc' dir='ltr'><strong><em>ἐπιπίπτει</em></strong></span> <span class='ocrx_word' id='word_1_252' title='bbox 1272 1913 1412 1948; x_wconf 84' lang='lat' dir='ltr'>Hasius.</span> 
     </span>
    </p>
   </div>
   <div class='ocr_carea' id='block_1_4' title="bbox 252 1987 1667 2830">
    <p class='ocr_par' dir='ltr' id='par_1_4' title="bbox 252 1987 1667 2830">
     <span class='ocr_line' id='line_1_27' title="bbox 258 1987 1667 2033; baseline 0 -11"><span class='ocrx_word' id='word_1_253' title='bbox 258 1987 532 2030; x_wconf 80' lang='lat' dir='ltr'>meridionalem)</span> <span class='ocrx_word' id='word_1_254' title='bbox 556 1992 668 2020; x_wconf 86' lang='lat' dir='ltr'>terrae</span> <span class='ocrx_word' id='word_1_255' title='bbox 695 1988 917 2031; x_wconf 80' lang='lat' dir='ltr'><strong>propinquam</strong></span> <span class='ocrx_word' id='word_1_256' title='bbox 938 1990 1126 2033; x_wconf 82' lang='lat' dir='ltr'><strong>percurrit,</strong></span> <span class='ocrx_word' id='word_1_257' title='bbox 1149 1991 1211 2023; x_wconf 92' lang='lat' dir='ltr'><strong><em>sub</em></strong></span> <span class='ocrx_word' id='word_1_258' title='bbox 1230 1994 1391 2024; x_wconf 78' lang='lat' dir='ltr'><strong>aestatem</strong></span> <span class='ocrx_word' id='word_1_259' title='bbox 1413 2000 1497 2023; x_wconf 85' lang='lat' dir='ltr'>vero</span> <span class='ocrx_word' id='word_1_260' title='bbox 1517 1989 1667 2033; x_wconf 84' lang='lat' dir='ltr'>Septen-</span> 
     </span>
     <span class='ocr_line' id='line_1_28' title="bbox 257 2032 1665 2077; baseline -0.001 -10"><span class='ocrx_word' id='word_1_261' title='bbox 257 2034 402 2067; x_wconf 88' lang='lat' dir='ltr'>trionem</span> <span class='ocrx_word' id='word_1_262' title='bbox 424 2043 543 2065; x_wconf 87' lang='lat' dir='ltr'>versus</span> <span class='ocrx_word' id='word_1_263' title='bbox 565 2032 779 2065; x_wconf 81' lang='lat' dir='ltr'>inclinantem</span> <span class='ocrx_word' id='word_1_264' title='bbox 804 2044 948 2066; x_wconf 81' lang='lat' dir='ltr'>evocare</span> <span class='ocrx_word' id='word_1_265' title='bbox 986 2036 1038 2075; x_wconf 92' lang='lat' dir='ltr'>(s.</span> <span class='ocrx_word' id='word_1_266' title='bbox 1064 2034 1245 2075; x_wconf 82' lang='lat' dir='ltr'><strong>extollere)</strong></span> <span class='ocrx_word' id='word_1_267' title='bbox 1277 2034 1411 2077; x_wconf 87' lang='lat' dir='ltr'>Nilum,</span> <span class='ocrx_word' id='word_1_268' title='bbox 1443 2039 1479 2067; x_wconf 86' lang='lat' dir='ltr'><strong><em>et</em></strong></span> <span class='ocrx_word' id='word_1_269' title='bbox 1507 2034 1593 2075; x_wconf 83' lang='lat' dir='ltr'>hanc</span> <span class='ocrx_word' id='word_1_270' title='bbox 1621 2034 1665 2066; x_wconf 90' lang='lat' dir='ltr'><strong><em>ob</em></strong></span> 
     </span>
     <span class='ocr_line' id='line_1_29' title="bbox 259 2077 1665 2121; baseline 0 -11"><span class='ocrx_word' id='word_1_271' title='bbox 259 2088 393 2111; x_wconf 86' lang='lat' dir='ltr'>causam</span> <span class='ocrx_word' id='word_1_272' title='bbox 411 2087 484 2109; x_wconf 89' lang='lat' dir='ltr'><strong><em>eum</em></strong></span> <span class='ocrx_word' id='word_1_273' title='bbox 499 2077 698 2120; x_wconf 84' lang='lat' dir='ltr'>superfundi</span> <span class='ocrx_word' id='word_1_274' title='bbox 713 2083 855 2110; x_wconf 81' lang='lat' dir='ltr'><strong>aestate.</strong></span> <span class='ocrx_word' id='word_1_275' title='bbox 900 2078 1063 2121; x_wconf 82' lang='lat' dir='ltr'>Aegyptii</span> <span class='ocrx_word' id='word_1_276' title='bbox 1080 2084 1191 2111; x_wconf 84' lang='lat' dir='ltr'>autem</span> <span class='ocrx_word' id='word_1_277' title='bbox 1208 2079 1324 2112; x_wconf 88' lang='lat' dir='ltr'>dicunt</span> <span class='ocrx_word' id='word_1_278' title='bbox 1340 2080 1382 2112; x_wconf 83' lang='lat' dir='ltr'><strong><em>ab</em></strong></span> <span class='ocrx_word' id='word_1_279' title='bbox 1401 2077 1531 2112; x_wconf 82' lang='lat' dir='ltr'>Etesiis</span> <span class='ocrx_word' id='word_1_280' title='bbox 1550 2088 1665 2110; x_wconf 85' lang='lat' dir='ltr'>omnes</span> 
     </span>
     <span class='ocr_line' id='line_1_30' title="bbox 261 2121 1667 2165; baseline -0.001 -10"><span class='ocrx_word' id='word_1_281' title='bbox 261 2123 367 2155; x_wconf 90' lang='lat' dir='ltr'>nubes</span> <span class='ocrx_word' id='word_1_282' title='bbox 388 2131 429 2153; x_wconf 91' lang='lat' dir='ltr'><strong><em>ex</em></strong></span> <span class='ocrx_word' id='word_1_283' title='bbox 451 2121 682 2163; x_wconf 82' lang='lat' dir='ltr'>superioribus</span> <span class='ocrx_word' id='word_1_284' title='bbox 701 2121 898 2164; x_wconf 69' lang='lat' dir='ltr'>regionibus</span> <span class='ocrx_word' id='word_1_285' title='bbox 920 2123 1092 2155; x_wconf 83' lang='lat' dir='ltr'>meridiem</span> <span class='ocrx_word' id='word_1_286' title='bbox 1115 2134 1234 2156; x_wconf 87' lang='lat' dir='ltr'>versus</span> <span class='ocrx_word' id='word_1_287' title='bbox 1256 2122 1391 2157; x_wconf 88' lang='lat' dir='ltr'>detrudi</span> <span class='ocrx_word' id='word_1_288' title='bbox 1413 2127 1449 2156; x_wconf 83' lang='lat' dir='ltr'><strong><em>et</em></strong></span> <span class='ocrx_word' id='word_1_289' title='bbox 1467 2123 1566 2165; x_wconf 86' lang='lat' dir='ltr'>inde,</span> <span class='ocrx_word' id='word_1_290' title='bbox 1592 2132 1667 2155; x_wconf 87' lang='lat' dir='ltr'><strong><em>cum</em></strong></span> 
     </span>
     <span class='ocr_line' id='line_1_31' title="bbox 260 2164 1667 2210; baseline 0 -12"><span class='ocrx_word' id='word_1_291' title='bbox 260 2165 375 2209; x_wconf 79' lang='lat' dir='ltr'>gravis</span> <span class='ocrx_word' id='word_1_292' title='bbox 399 2164 513 2208; x_wconf 86' lang='lat' dir='ltr'>pluvia</span> <span class='ocrx_word' id='word_1_293' title='bbox 535 2166 686 2207; x_wconf 80' lang='lat' dir='ltr'>decidat,</span> <span class='ocrx_word' id='word_1_294' title='bbox 707 2165 820 2198; x_wconf 88' lang='lat' dir='ltr'>Nilum</span> <span class='ocrx_word' id='word_1_295' title='bbox 839 2172 1050 2200; x_wconf 84' lang='lat' dir='ltr'>exaestuare.</span> <span class='ocrx_word' id='word_1_296' title='bbox 1095 2167 1255 2210; x_wconf 82' lang='lat' dir='ltr'>Ephorus</span> <span class='ocrx_word' id='word_1_297' title='bbox 1272 2179 1354 2200; x_wconf 87' lang='lat' dir='ltr'>vero</span> <span class='ocrx_word' id='word_1_298' title='bbox 1374 2167 1542 2200; x_wconf 84' lang='lat' dir='ltr'>Cumanus</span> <span class='ocrx_word' id='word_1_299' title='bbox 1558 2166 1667 2210; x_wconf 89' lang='lat' dir='ltr'>primo</span> 
     </span>
     <span class='ocr_line' id='line_1_32' title="bbox 259 2209 1667 2254; baseline 0 -12"><span class='ocrx_word' id='word_1_300' title='bbox 259 2209 476 2242; x_wconf 80' lang='lat' dir='ltr'>historiarum</span> <span class='ocrx_word' id='word_1_301' title='bbox 507 2209 556 2242; x_wconf 85' lang='lat' dir='ltr'><strong><em>ait</em></strong></span> <span class='ocrx_word' id='word_1_302' title='bbox 586 2215 721 2243; x_wconf 88' lang='lat' dir='ltr'>tenuem</span> <span class='ocrx_word' id='word_1_303' title='bbox 748 2216 867 2242; x_wconf 83' lang='lat' dir='ltr'>natura</span> <span class='ocrx_word' id='word_1_304' title='bbox 886 2211 1077 2254; x_wconf 82' lang='lat' dir='ltr'>Aegyptum</span> <span class='ocrx_word' id='word_1_305' title='bbox 1101 2223 1196 2253; x_wconf 78' lang='lat' dir='ltr'>esse,</span> <span class='ocrx_word' id='word_1_306' title='bbox 1219 2217 1254 2244; x_wconf 86' lang='lat' dir='ltr'><strong><em>et</em></strong></span> <span class='ocrx_word' id='word_1_307' title='bbox 1274 2223 1347 2244; x_wconf 92' lang='lat' dir='ltr'><strong><em>cum</em></strong></span> <span class='ocrx_word' id='word_1_308' title='bbox 1369 2211 1547 2254; x_wconf 77' lang='lat' dir='ltr'>quotannis</span> <span class='ocrx_word' id='word_1_309' title='bbox 1570 2209 1667 2243; x_wconf 89' lang='lat' dir='ltr'>limus</span> 
     </span>
     <span class='ocr_line' id='line_1_33' title="bbox 260 2253 1667 2299; baseline 0 -12"><span class='ocrx_word' id='word_1_310' title='bbox 260 2254 446 2287; x_wconf 82' lang='lat' dir='ltr'>adducatur</span> <span class='ocrx_word' id='word_1_311' title='bbox 468 2264 487 2286; x_wconf 84' lang='lat' dir='ltr'>a</span> <span class='ocrx_word' id='word_1_312' title='bbox 509 2253 610 2296; x_wconf 91' lang='lat' dir='ltr'>Nilo,</span> <span class='ocrx_word' id='word_1_313' title='bbox 643 2254 859 2296; x_wconf 86' lang='lat' dir='ltr'>condensari,</span> <span class='ocrx_word' id='word_1_314' title='bbox 890 2255 1028 2287; x_wconf 83' lang='lat' dir='ltr'>fluvium</span> <span class='ocrx_word' id='word_1_315' title='bbox 1051 2261 1162 2288; x_wconf 82' lang='lat' dir='ltr'>autem</span> <span class='ocrx_word' id='word_1_316' title='bbox 1180 2267 1271 2289; x_wconf 89' lang='lat' dir='ltr'>more</span> <span class='ocrx_word' id='word_1_317' title='bbox 1289 2255 1422 2289; x_wconf 81' lang='lat' dir='ltr'>sudoris</span> <span class='ocrx_word' id='word_1_318' title='bbox 1438 2259 1590 2299; x_wconf 85' lang='lat' dir='ltr'>tempore</span> <span class='ocrx_word' id='word_1_319' title='bbox 1610 2265 1667 2287; x_wconf 81' lang='lat' dir='ltr'>ar-</span> 
     </span>
     <span class='ocr_line' id='line_1_34' title="bbox 260 2297 1667 2342; baseline 0 -11"><span class='ocrx_word' id='word_1_320' title='bbox 260 2297 354 2331; x_wconf 88' lang='lat' dir='ltr'>doris</span> <span class='ocrx_word' id='word_1_321' title='bbox 373 2298 415 2331; x_wconf 86' lang='lat' dir='ltr'>ad</span> <span class='ocrx_word' id='word_1_322' title='bbox 431 2297 578 2330; x_wconf 85' lang='lat' dir='ltr'>leviores</span> <span class='ocrx_word' id='word_1_323' title='bbox 597 2309 636 2331; x_wconf 85' lang='lat' dir='ltr'>ac</span> <span class='ocrx_word' id='word_1_324' title='bbox 652 2298 825 2332; x_wconf 81' lang='lat' dir='ltr'>tenuiores</span> <span class='ocrx_word' id='word_1_325' title='bbox 845 2304 959 2342; x_wconf 85' lang='lat' dir='ltr'>partes</span> <span class='ocrx_word' id='word_1_326' title='bbox 980 2300 1142 2332; x_wconf 88' lang='lat' dir='ltr'>defluere.</span> <span class='ocrx_word' id='word_1_327' title='bbox 1188 2311 1303 2333; x_wconf 87' lang='lat' dir='ltr'>verum</span> <span class='ocrx_word' id='word_1_328' title='bbox 1322 2300 1421 2333; x_wconf 86' lang='lat' dir='ltr'>etiam</span> <span class='ocrx_word' id='word_1_329' title='bbox 1439 2297 1667 2341; x_wconf 75' lang='lat' dir='ltr'>Thrasyalces</span> 
     </span>
     <span class='ocr_line' id='line_1_35' title="bbox 260 2341 1665 2387; baseline -0.001 -11"><span class='ocrx_word' id='word_1_330' title='bbox 260 2341 411 2376; x_wconf 79' lang='lat' dir='ltr'>Thasius</span> <span class='ocrx_word' id='word_1_331' title='bbox 439 2343 482 2375; x_wconf 83' lang='lat' dir='ltr'><strong><em>ab</em></strong></span> <span class='ocrx_word' id='word_1_332' title='bbox 515 2342 644 2375; x_wconf 79' lang='lat' dir='ltr'>Etesiis</span> <span class='ocrx_word' id='word_1_333' title='bbox 675 2343 724 2376; x_wconf 85' lang='lat' dir='ltr'><strong><em>ait</em></strong></span> <span class='ocrx_word' id='word_1_334' title='bbox 754 2342 868 2376; x_wconf 86' lang='lat' dir='ltr'>Nilum</span> <span class='ocrx_word' id='word_1_335' title='bbox 898 2344 1050 2376; x_wconf 86' lang='lat' dir='ltr'>extrudi:</span> <span class='ocrx_word' id='word_1_336' title='bbox 1083 2344 1265 2387; x_wconf 79' lang='lat' dir='ltr'>Aethiopia</span> <span class='ocrx_word' id='word_1_337' title='bbox 1284 2344 1371 2377; x_wconf 88' lang='lat' dir='ltr'>enim</span> <span class='ocrx_word' id='word_1_338' title='bbox 1395 2355 1468 2376; x_wconf 88' lang='lat' dir='ltr'><strong><em>cum</em></strong></span> <span class='ocrx_word' id='word_1_339' title='bbox 1488 2342 1665 2376; x_wconf 83' lang='lat' dir='ltr'>altioribus</span> 
     </span>
     <span class='ocr_line' id='line_1_36' title="bbox 260 2386 1665 2431; baseline 0 -12"><span class='ocrx_word' id='word_1_340' title='bbox 260 2396 360 2430; x_wconf 89' lang='lat' dir='ltr'>quam</span> <span class='ocrx_word' id='word_1_341' title='bbox 391 2386 450 2430; x_wconf 89' lang='lat' dir='ltr'><strong><em>qui</em></strong></span> <span class='ocrx_word' id='word_1_342' title='bbox 480 2387 569 2430; x_wconf 88' lang='lat' dir='ltr'>apud</span> <span class='ocrx_word' id='word_1_343' title='bbox 601 2398 662 2420; x_wconf 90' lang='lat' dir='ltr'><strong><em>nos</em></strong></span> <span class='ocrx_word' id='word_1_344' title='bbox 693 2392 772 2420; x_wconf 89' lang='lat' dir='ltr'>sunt</span> <span class='ocrx_word' id='word_1_345' title='bbox 803 2387 970 2421; x_wconf 87' lang='lat' dir='ltr'>montibus</span> <span class='ocrx_word' id='word_1_346' title='bbox 998 2387 1241 2429; x_wconf 83' lang='lat' dir='ltr'>circumdetur,</span> <span class='ocrx_word' id='word_1_347' title='bbox 1263 2394 1364 2431; x_wconf 85' lang='lat' dir='ltr'>atque</span> <span class='ocrx_word' id='word_1_348' title='bbox 1386 2387 1536 2430; x_wconf 88' lang='lat' dir='ltr'>excipiat</span> <span class='ocrx_word' id='word_1_349' title='bbox 1557 2388 1665 2420; x_wconf 87' lang='lat' dir='ltr'>nubes</span> 
     </span>
     <span class='ocr_line' id='line_1_37' title="bbox 260 2430 1665 2475; baseline 0.001 -13"><span class='ocrx_word' id='word_1_350' title='bbox 260 2441 348 2474; x_wconf 86' lang='lat' dir='ltr'>quae</span> <span class='ocrx_word' id='word_1_351' title='bbox 368 2430 411 2463; x_wconf 87' lang='lat' dir='ltr'><strong><em>ab</em></strong></span> <span class='ocrx_word' id='word_1_352' title='bbox 431 2430 561 2463; x_wconf 79' lang='lat' dir='ltr'>Etesiis</span> <span class='ocrx_word' id='word_1_353' title='bbox 581 2432 842 2474; x_wconf 87' lang='lat' dir='ltr'>protruduntur,</span> <span class='ocrx_word' id='word_1_354' title='bbox 867 2431 981 2464; x_wconf 88' lang='lat' dir='ltr'>Nilum</span> <span class='ocrx_word' id='word_1_355' title='bbox 1002 2433 1044 2464; x_wconf 86' lang='lat' dir='ltr'><strong><em>ab</em></strong></span> <span class='ocrx_word' id='word_1_356' title='bbox 1072 2443 1112 2464; x_wconf 81' lang='lat' dir='ltr'><strong><em>ea</em></strong></span> <span class='ocrx_word' id='word_1_357' title='bbox 1131 2432 1304 2472; x_wconf 80' lang='lat' dir='ltr'>inundari3</span> <span class='ocrx_word' id='word_1_358' title='bbox 1334 2431 1608 2475; x_wconf 81' lang='lat' dir='ltr'>quemadmodum</span> <span class='ocrx_word' id='word_1_359' title='bbox 1629 2435 1665 2463; x_wconf 82' lang='lat' dir='ltr'><strong><em>et</em></strong></span> 
     </span>
     <span class='ocr_line' id='line_1_38' title="bbox 259 2474 1663 2519; baseline 0 -11"><span class='ocrx_word' id='word_1_360' title='bbox 259 2474 482 2508; x_wconf 83' lang='lat' dir='ltr'>Callisthenes</span> <span class='ocrx_word' id='word_1_361' title='bbox 505 2475 754 2518; x_wconf 81' lang='lat' dir='ltr'>Peripateticus</span> <span class='ocrx_word' id='word_1_362' title='bbox 776 2481 895 2519; x_wconf 83' lang='lat' dir='ltr'>quarto</span> <span class='ocrx_word' id='word_1_363' title='bbox 917 2475 1004 2508; x_wconf 89' lang='lat' dir='ltr'>libro</span> <span class='ocrx_word' id='word_1_364' title='bbox 1023 2487 1135 2508; x_wconf 85' lang='lat' dir='ltr'>rerum</span> <span class='ocrx_word' id='word_1_365' title='bbox 1158 2478 1362 2509; x_wconf 84' lang='lat' dir='ltr'>Graecarum</span> <span class='ocrx_word' id='word_1_366' title='bbox 1385 2477 1433 2508; x_wconf 84' lang='lat' dir='ltr'><strong><em>ait</em></strong></span> <span class='ocrx_word' id='word_1_367' title='bbox 1452 2487 1489 2508; x_wconf 86' lang='lat' dir='ltr'><strong><em>se</em></strong></span> <span class='ocrx_word' id='word_1_368' title='bbox 1507 2486 1574 2508; x_wconf 80' lang='lat' dir='ltr'><strong><em>una</em></strong></span> <span class='ocrx_word' id='word_1_369' title='bbox 1589 2486 1663 2508; x_wconf 87' lang='lat' dir='ltr'><strong><em>cum</em></strong></span> 
     </span>
     <span class='ocr_line' id='line_1_39' title="bbox 258 2519 1661 2564; baseline 0 -12"><span class='ocrx_word' id='word_1_370' title='bbox 258 2519 450 2552; x_wconf 84' lang='lat' dir='ltr'>Alexandro</span> <span class='ocrx_word' id='word_1_371' title='bbox 473 2519 660 2553; x_wconf 86' lang='lat' dir='ltr'>Macedone</span> <span class='ocrx_word' id='word_1_372' title='bbox 682 2520 931 2563; x_wconf 85' lang='lat' dir='ltr'>expeditionem</span> <span class='ocrx_word' id='word_1_373' title='bbox 955 2520 1099 2562; x_wconf 86' lang='lat' dir='ltr'>fecisse,</span> <span class='ocrx_word' id='word_1_374' title='bbox 1131 2525 1166 2552; x_wconf 86' lang='lat' dir='ltr'><strong><em>et</em></strong></span> <span class='ocrx_word' id='word_1_375' title='bbox 1188 2531 1260 2552; x_wconf 92' lang='lat' dir='ltr'><strong><em>cum</em></strong></span> <span class='ocrx_word' id='word_1_376' title='bbox 1278 2521 1314 2553; x_wconf 88' lang='lat' dir='ltr'><strong><em>in</em></strong></span> <span class='ocrx_word' id='word_1_377' title='bbox 1331 2519 1513 2564; x_wconf 80' lang='lat' dir='ltr'>Aethiopia</span> <span class='ocrx_word' id='word_1_378' title='bbox 1530 2519 1661 2560; x_wconf 83' lang='lat' dir='ltr'>fuisset,</span> 
     </span>
     <span class='ocr_line' id='line_1_40' title="bbox 257 2563 1662 2598; baseline 0.001 -3"><span class='ocrx_word' id='word_1_379' title='bbox 257 2563 431 2596; x_wconf 86' lang='lat' dir='ltr'>invenisse</span> <span class='ocrx_word' id='word_1_380' title='bbox 459 2563 574 2597; x_wconf 90' lang='lat' dir='ltr'>Nilum</span> <span class='ocrx_word' id='word_1_381' title='bbox 607 2576 649 2596; x_wconf 89' lang='lat' dir='ltr'><strong><em>ex</em></strong></span> <span class='ocrx_word' id='word_1_382' title='bbox 678 2564 820 2598; x_wconf 86' lang='lat' dir='ltr'>infinitis</span> <span class='ocrx_word' id='word_1_383' title='bbox 851 2563 1014 2597; x_wconf 82' lang='lat' dir='ltr'>imbribus</span> <span class='ocrx_word' id='word_1_384' title='bbox 1047 2565 1094 2597; x_wconf 91' lang='lat' dir='ltr'><strong><em>ibi</em></strong></span> <span class='ocrx_word' id='word_1_385' title='bbox 1126 2564 1207 2596; x_wconf 81' lang='lat' dir='ltr'>ortis</span> <span class='ocrx_word' id='word_1_386' title='bbox 1237 2565 1377 2597; x_wconf 83' lang='lat' dir='ltr'>deferri.</span> <span class='ocrx_word' id='word_1_387' title='bbox 1422 2575 1539 2597; x_wconf 85' lang='lat' dir='ltr'>verum</span> <span class='ocrx_word' id='word_1_388' title='bbox 1561 2563 1662 2597; x_wconf 83' lang='lat' dir='ltr'>etiam</span> 
     </span>
     <span class='ocr_line' id='line_1_41' title="bbox 257 2606 1660 2642; baseline 0 -2"><span class='ocrx_word' id='word_1_389' title='bbox 257 2607 485 2641; x_wconf 78' lang='lat' dir='ltr'>Dicaearchus</span> <span class='ocrx_word' id='word_1_390' title='bbox 513 2607 549 2641; x_wconf 86' lang='lat' dir='ltr'><strong><em>in</em></strong></span> <span class='ocrx_word' id='word_1_391' title='bbox 580 2607 728 2641; x_wconf 89' lang='lat' dir='ltr'>Periodo</span> <span class='ocrx_word' id='word_1_392' title='bbox 757 2614 871 2642; x_wconf 86' lang='lat' dir='ltr'>terrae</span> <span class='ocrx_word' id='word_1_393' title='bbox 904 2620 946 2642; x_wconf 85' lang='lat' dir='ltr'><strong><em>ex</em></strong></span> <span class='ocrx_word' id='word_1_394' title='bbox 975 2607 1059 2640; x_wconf 89' lang='lat' dir='ltr'>mari</span> <span class='ocrx_word' id='word_1_395' title='bbox 1087 2608 1254 2641; x_wconf 82' lang='lat' dir='ltr'>Atlantico</span> <span class='ocrx_word' id='word_1_396' title='bbox 1286 2608 1399 2642; x_wconf 86' lang='lat' dir='ltr'>Nilum</span> <span class='ocrx_word' id='word_1_397' title='bbox 1424 2607 1496 2642; x_wconf 78' lang='lat' dir='ltr'>vult</span> <span class='ocrx_word' id='word_1_398' title='bbox 1520 2606 1660 2641; x_wconf 82' lang='lat' dir='ltr'>effundi.</span> 
     </span>
     <span class='ocr_line' id='line_1_42' title="bbox 255 2651 1659 2707; baseline 0 -23"><span class='ocrx_word' id='word_1_399' title='bbox 255 2651 372 2685; x_wconf 84' lang='lat' dir='ltr'>variae</span> <span class='ocrx_word' id='word_1_400' title='bbox 402 2651 507 2694; x_wconf 84' lang='lat' dir='ltr'>igitur</span> <span class='ocrx_word' id='word_1_401' title='bbox 537 2656 616 2686; x_wconf 85' lang='lat' dir='ltr'>sunt</span> <span class='ocrx_word' id='word_1_402' title='bbox 648 2653 691 2685; x_wconf 87' lang='lat' dir='ltr'><strong><em>de</em></strong></span> <span class='ocrx_word' id='word_1_403' title='bbox 712 2664 752 2685; x_wconf 90' lang='lat' dir='ltr'><strong><em>eo</em></strong></span> <span class='ocrx_word' id='word_1_404' title='bbox 775 2652 972 2707; x_wconf 72' lang='lat' dir='ltr'>opiniones3</span> <span class='ocrx_word' id='word_1_405' title='bbox 1003 2652 1134 2685; x_wconf 86' lang='lat' dir='ltr'>interea</span> <span class='ocrx_word' id='word_1_406' title='bbox 1156 2664 1271 2685; x_wconf 86' lang='lat' dir='ltr'>verum</span> <span class='ocrx_word' id='word_1_407' title='bbox 1297 2653 1384 2696; x_wconf 83' lang='lat' dir='ltr'>apud</span> <span class='ocrx_word' id='word_1_408' title='bbox 1411 2652 1560 2685; x_wconf 84' lang='lat' dir='ltr'>homines</span> <span class='ocrx_word' id='word_1_409' title='bbox 1579 2662 1659 2684; x_wconf 90' lang='lat' dir='ltr'>nus—</span> 
     </span>
     <span class='ocr_line' id='line_1_43' title="bbox 255 2695 1660 2740; baseline 0 -12"><span class='ocrx_word' id='word_1_410' title='bbox 255 2707 355 2738; x_wconf 89' lang='lat' dir='ltr'>quam</span> <span class='ocrx_word' id='word_1_411' title='bbox 378 2702 450 2729; x_wconf 86' lang='lat' dir='ltr'>est:</span> <span class='ocrx_word' id='word_1_412' title='bbox 478 2707 554 2730; x_wconf 86' lang='lat' dir='ltr'>nam</span> <span class='ocrx_word' id='word_1_413' title='bbox 577 2707 619 2729; x_wconf 84' lang='lat' dir='ltr'><strong><em>ex</em></strong></span> <span class='ocrx_word' id='word_1_414' title='bbox 642 2697 776 2730; x_wconf 87' lang='lat' dir='ltr'>oraculo</span> <span class='ocrx_word' id='word_1_415' title='bbox 816 2696 951 2730; x_wconf 80' lang='lat' dir='ltr'>‘verum</span> <span class='ocrx_word' id='word_1_416' title='bbox 974 2697 1008 2729; x_wconf 91' lang='lat' dir='ltr'><strong><em>in</em></strong></span> <span class='ocrx_word' id='word_1_417' title='bbox 1031 2698 1198 2740; x_wconf 86' lang='lat' dir='ltr'>profundo</span> <span class='ocrx_word' id='word_1_418' title='bbox 1223 2695 1318 2730; x_wconf 78' lang='lat' dir='ltr'>est.’&#39;</span> <span class='ocrx_word' id='word_1_419' title='bbox 1366 2697 1529 2730; x_wconf 80' lang='lat' dir='ltr'>chrestus</span> <span class='ocrx_word' id='word_1_420' title='bbox 1550 2701 1660 2728; x_wconf 81' lang='lat' dir='ltr'>autem</span> 
     </span>
     <span class='ocr_line' id='line_1_44' title="bbox 252 2738 1659 2784; baseline 0 -12"><span class='ocrx_word' id='word_1_421' title='bbox 252 2740 423 2773; x_wconf 87' lang='lat' dir='ltr'>Romanus</span> <span class='ocrx_word' id='word_1_422' title='bbox 447 2740 497 2774; x_wconf 82' lang='lat' dir='ltr'><strong><em>ait</em></strong></span> <span class='ocrx_word' id='word_1_423' title='bbox 515 2738 534 2750; x_wconf 67' lang='lat'><strong><em>‘³</em></strong></span> <span class='ocrx_word' id='word_1_424' title='bbox 543 2741 578 2774; x_wconf 89' lang='lat' dir='ltr'><strong><em>in</em></strong></span> <span class='ocrx_word' id='word_1_425' title='bbox 598 2741 773 2775; x_wconf 85' lang='lat' dir='ltr'>occidente</span> <span class='ocrx_word' id='word_1_426' title='bbox 796 2746 925 2775; x_wconf 86' lang='lat' dir='ltr'>montes</span> <span class='ocrx_word' id='word_1_427' title='bbox 945 2741 1078 2774; x_wconf 84' lang='lat' dir='ltr'>maximi</span> <span class='ocrx_word' id='word_1_428' title='bbox 1098 2747 1133 2774; x_wconf 87' lang='lat' dir='ltr'><strong><em>et</em></strong></span> <span class='ocrx_word' id='word_1_429' title='bbox 1151 2741 1304 2774; x_wconf 80' lang='lat' dir='ltr'>altissimi</span> <span class='ocrx_word' id='word_1_430' title='bbox 1321 2746 1416 2783; x_wconf 83' lang='lat' dir='ltr'>sunt,</span> <span class='ocrx_word' id='word_1_431' title='bbox 1441 2740 1499 2784; x_wconf 89' lang='lat' dir='ltr'><strong><em>qui</em></strong></span> <span class='ocrx_word' id='word_1_432' title='bbox 1515 2741 1659 2782; x_wconf 80' lang='lat' dir='ltr'>Libyam</span> 
     </span>
     <span class='ocr_line' id='line_1_45' title="bbox 253 2783 1657 2830; baseline -0.001 -13"><span class='ocrx_word' id='word_1_433' title='bbox 253 2785 296 2817; x_wconf 84' lang='lat' dir='ltr'><strong><em>ab</em></strong></span> <span class='ocrx_word' id='word_1_434' title='bbox 319 2785 502 2830; x_wconf 82' lang='lat' dir='ltr'>Aethiopia</span> <span class='ocrx_word' id='word_1_435' title='bbox 523 2785 731 2829; x_wconf 80' lang='lat' dir='ltr'>disiungunt.</span> <span class='ocrx_word' id='word_1_436' title='bbox 778 2786 895 2820; x_wconf 88' lang='lat' dir='ltr'>horum</span> <span class='ocrx_word' id='word_1_437' title='bbox 926 2791 1092 2820; x_wconf 77' lang='lat' dir='ltr'>extremas</span> <span class='ocrx_word' id='word_1_438' title='bbox 1119 2786 1253 2819; x_wconf 86' lang='lat' dir='ltr'>radices</span> <span class='ocrx_word' id='word_1_439' title='bbox 1281 2797 1372 2819; x_wconf 85' lang='lat' dir='ltr'>mare</span> <span class='ocrx_word' id='word_1_440' title='bbox 1396 2785 1491 2819; x_wconf 84' lang='lat' dir='ltr'>alluit</span> <span class='ocrx_word' id='word_1_441' title='bbox 1512 2783 1657 2818; x_wconf 83' lang='lat' dir='ltr'>Atlanti-</span> 
     </span>
    </p>
   </div>
  </div>
 </body>
</html>
