1748 3210
581 182 658 226 DE
689 180 966 227 MENSIBUS
996 180 1076 226 IV.
1485 181 1550 228 89

101 300 187 350 κῖὄς
212 293 324 350 υἱόν,
356 299 451 340 νοῢν
486 296 560 351 μὲν
597 295 696 340 εἶναι
725 298 798 341 τὸν
826 298 932 350 Διά,
979 298 1128 341 Μαῖαν
1160 294 1205 339 δὲ
1239 296 1314 351 τὴν
1341 291 1551 352 φρόνησιν,

99 367 226 410 παῖδα
238 367 298 410 δὲ·
313 366 356 417 ἐξ
375 365 529 422 ἀμφοῖν
542 364 695 424 Ἑρμῆν
717 365 849 422 λόγιον
866 363 1140 420 αἴνιττόμενοι.
1208 363 1369 407 πάντων
1388 365 1432 406 δὲ
1452 362 1552 407 νεώ-

100 451 223 479 τατον
252 433 486 493 εἰργάσαντο
524 433 592 478 ἅτε
625 435 675 490 δὴ
703 434 762 489 μὴ
788 434 1060 492 γηράσκοντος
1088 438 1163 477 τοῦ
1187 431 1322 490 λόγου.
1390 431 1446 475 ἴτι
1471 433 1553 487 μὴν

100 501 306 547 ὠκύτατον
334 504 566 558 πεποίηνται
595 507 738 547 τοῦτον
762 502 1041 560 ταρσῶσαντες
1067 509 1248 558 πτεροῖς,
1279 506 1350 544 νοῦ
1379 500 1553 557 ὀξύτητα

66 573 169 619 &nai
195 569 320 626 τάχος
352 569 473 628 λόγου
507 573 575 613 διὰ
606 577 678 627 τῆς
707 573 869 614 τοιᾶσδε
899 572 1038 627 τέχνης
1065 569 1350 625 αῗνιττόμενοι·
1400 568 1422 612 ὃ
1455 574 1553 627 γοῦν

98 639 268 695 ποιητής
295 657 420 698 φησιν
446 638 572 682 αἕπεοι
598 638 854 697 πτερόεντα.”
926 638 1010 682 εἶτα
1037 641 1081 683 δὲ
1103 639 1351 698 τετράγωνον
1373 637 1554 693 σχήματι

89 707 279 763 ’Έλληνες
308 707 605 751 ἀναπλάττουσι
631 713 798 760 τοῦτον,
829 706 1045 765 τεκμήριον
1071 709 1258 764 μέγιστον
1287 706 1554 764 παρεχόμενοι

99 775 219 833 λόγον
247 775 348 829 εἶναι
377 782 541 828 τοῦτον,
575 778 643 820 καὶ
671 775 788 833 λόγον
817 776 979 832 ἀληθῆ·
1014 775 1097 819 ἔστι
1116 776 1196 833 γὰρ
1218 778 1284 819 καὶ
1308 774 1429 832 λόγου
1451 774 1553 830 σχή-

98 863 211 900 ματα
218 877 232 898 ,
266 843 289 888 ὅ
312 845 385 902 μὲν
405 845 562 901 ψευδὴς
581 843 720 902 λόγος,
755 843 777 887 ὃ
800 846 844 887 δὲ
860 845 1068 900 ἀπατηλὸς
1085 842 1408 902 πολυγωνότερος
1419 877 1432 896 ,
1466 843 1488 886 ὃ
1509 844 1553 887 δὲ

47 924 90 959 1⁰
100 914 262 969 ἀληθὴς
291 913 413 964 αὖτός
439 913 570 972 ἑαυτῷ
599 916 643 957 ἐκ
670 912 831 956 πάντων
855 918 991 971 μερῶν
1008 913 1117 965 ἴσος,
1149 911 1249 955 ὅπου
1277 914 1322 955 δὲ
1340 913 1553 970 στρέφοιτο

97 980 248 1033 πόσαις
270 980 439 1036 βάσεσιν
465 981 662 1039 ἀορίστως
683 984 930 1040 στηρίζεται,
965 980 988 1024 ὃ
1019 982 1071 1037 δὴ
1102 982 1390 1039 τετραγωνικὸν
1415 986 1554 1036 σχῆμα

97 1049 292 1106 τυγχάνει.
359 1053 395 1094 εἴ
421 1052 553 1094 τοίνυν
581 1056 676 1101 νοῦς
705 1052 772 1093 καὶ
804 1049 921 1107 λόγος
949 1049 1047 1093 εἶναι
1081 1051 1298 1101 δέδεικται,
1331 1049 1461 1108 τούτῳ
1483 1049 1554 1092 τὸν

97 1119 284 1177 κέρκωπα
315 1121 640 1162 εἷδωλοποιοῧσιν
670 1117 915 1175 Αἰγύπτιοι,
962 1120 1044 1162 ἐπεὶ
1074 1119 1188 1176 παρὰ
1218 1116 1352 1161 πάντα
1384 1117 1436 1160 τὰ
1467 1119 1553 1176 ζῷα

95 1186 257 1243 νοήμων
275 1186 482 1244 τυγχάνει,
507 1189 702 1238 συνέσεως
719 1189 763 1230 δὲ
783 1190 850 1230 καὶ
869 1186 1089 1242 ἐπιστήμης
1106 1189 1188 1231 ἐστὶ
1207 1185 1395 1237 δεκτικός.
1447 1186 1551 1228 ἀλλὰ

44 1266 87 1302 15
95 1256 178 1311 μὴν
210 1258 280 1299 καὶ
306 1256 382 1311 τὴν
407 1257 638 1312 Αἰγυπτίαν
664 1255 744 1309 ἶβιν
778 1255 824 1298 τό
849 1255 986 1314 ὄρνεον
1006 1256 1119 1310 ἴσμεν
1140 1256 1398 1310 ἀνακειμένην
1417 1255 1551 1312 αὐτῷ·
1574 1268 1612 1302 p·
1636 1255 1704 1291 103

96 1326 243 1384 καρδίᾳ
267 1325 346 1382 γὰρ
368 1324 468 1367 ἴοικε
490 1323 792 1380 λευκαινόμενον
817 1326 890 1379 μὲν
915 1324 962 1367 τὸ
990 1329 1133 1378 σῶμα,
1162 1325 1205 1375 ε”ξ
1230 1324 1383 1380 ἀμφοῖν
1408 1325 1452 1366 δὲ
1472 1328 1554 1366 τῶν

94 1397 230 1450 μερῶν
255 1393 542 1447 μελαινομένη,
570 1392 667 1450 ὅπερ
701 1394 784 1435 ε’στὶ
816 1397 890 1435 τοῦ
914 1393 1019 1435 κατὰ
1042 1390 1223 1435 διάνοιαν
1249 1391 1369 1448 λόγου
1391 1396 1554 1447 σχῆμα·

95 1463 190 1518 πρὶν
202 1462 283 1515 μὲν
303 1462 380 1518 γὰρ
402 1465 595 1516 λεχθῆναι
615 1459 795 1511 σκότιος,
829 1459 1039 1516 λεγόμενος
1060 1461 1103 1503 δὲ
1124 1462 1334 1518 φωτίζεται
1342 1493 1356 1512 ,
1391 1463 1457 1502 καὶ
1480 1460 1554 1518 ρη-

94 1531 184 1580 θεὶς
213 1531 270 1580 εἷς
295 1530 450 1587 ἀφανὲς
477 1530 641 1584 οἷ’χεται.
709 1530 897 1586 τρέφεται
926 1530 969 1571 δὲ
998 1529 1043 1572 τὸ
1070 1531 1170 1586 ζῷον
1188 1528 1300 1586 παρὰ
1317 1535 1402 1579 τοῖς
1418 1528 1555 1581 ὕδασι,

39 1596 283 1654 2οκαθάπερ
305 1599 347 1641 ἓν
366 1596 462 1653 ἡμῖν
480 1597 507 1654 ἦ
526 1599 675 1655 καρδία
693 1598 734 1648 ἐξ
752 1596 880 1654 ὑγρᾶς
900 1597 1040 1648 οὐσίας
1058 1598 1132 1652 τὴν
1154 1596 1324 1652 δύναμιν
1342 1595 1556 1651 λαμβάνει.

94 1665 199 1722 μόνη
231 1667 275 1709 δὲ
305 1672 464 1722 πτηνῶν
491 1666 651 1709 πάντων
672 1673 751 1708 νεῖν
770 1665 796 1721 ἦ
820 1664 899 1720 ἶβις
920 1666 994 1709 οὐκ
1013 1667 1246 1718 ἐπίσταται,
1276 1664 1554 1723 ἅδρανεστάτη

94 1735 139 1777 «Ϊὲ
167 1737 224 1786 εἷς
253 1737 387 1790 μεῖζον
412 1733 550 1790 βάθος
576 1735 869 1790 καθελκομένη.
936 1735 983 1779 τὸ
1005 1735 1045 1778 δ’
1070 1735 1168 1778 αὐτὸ
1189 1736 1255 1777 καὶ
1277 1735 1340 1776 ἐπὶ
1358 1739 1431 1790 τῆς
1450 1753 1552 1793 καρ-

184 1829 209 1866 5
230 1828 350 1875 λόγων
370 1831 415 1866 Ρ.
528 1833 572 1868 11
598 1828 781 1877 ἀορίστως
798 1831 949 1867 Hasius:
974 1832 1068 1877 apud
1090 1831 1117 1866 S
1143 1828 1332 1876 ἀορίστου.
1444 1831 1489 1866 14
1511 1829 1552 1866 δὲ

185 1889 240 1912 om
259 1878 309 1912 Vx
332 1877 462 1913 Hasius
483 1889 534 1915 τε.

92 1957 223 2000 filium3
252 1957 424 1992 rationem
458 1970 536 1992 esse
566 1958 706 2001 Iovem,
738 1956 866 1992 Maiam
897 1960 1046 1991 mentem
1069 1968 1101 1991 s.
1126 1955 1411 2001 intelligentiam,
1445 1955 1554 1991 filium

94 2008 210 2038 autem
253 2015 297 2038 ex
339 2008 490 2049 utroque
526 2004 739 2038 Mercurium
776 2003 960 2037 facundum
998 2013 1064 2047 per
1099 2004 1262 2046 ambages
1299 2002 1554 2047 significantes.

95 2048 245 2084 omnium
261 2054 376 2084 autem
400 2055 482 2083 natu
502 2049 676 2083 minimum
696 2050 891 2091 finxerunt,
915 2048 1044 2093 quippe
1064 2059 1140 2082 cum
1160 2060 1227 2082 non
1245 2054 1408 2082 senescat
1428 2048 1554 2082 oratio.

94 2100 281 2140 praeterea
303 2095 517 2130 celerrimum
540 2096 701 2129 fecerunt
726 2105 803 2128 eum
826 2094 1031 2128 instructum
1054 2093 1137 2136 alis,
1168 2094 1315 2128 rationis
1341 2094 1554 2128 celeritatem

98 2146 136 2174 et
156 2140 378 2176 velocitatem
401 2141 569 2175 orationis
592 2152 658 2186 per
682 2140 850 2175 eiusmodi
873 2145 981 2173 artem
1009 2139 1258 2183 significantes.
1306 2140 1426 2186 itaque
1450 2141 1558 2186 po‘eta

97 2185 187 2221 «licit
203 2183 346 2220 “verba
365 2182 499 2221 alata.”
545 2187 672 2220 deinde
692 2187 896 2231 quadratum
918 2186 1029 2219 forma
1048 2185 1177 2219 Graeci
1195 2186 1285 2220 hunc
1302 2187 1457 2230 fingunt,
1480 2198 1553 2220 ma-

97 2231 224 2266 ximum
241 2238 479 2276 argmnentnm
498 2234 708 2277 praebentes
726 2233 917 2267 orationem
938 2243 1016 2265 esse
1036 2242 1111 2264 eum
1123 2257 1133 2274 ,
1158 2235 1193 2264 et
1213 2232 1405 2266 orationem
1424 2243 1557 2266 veram.

97 2282 181 2311 sunt
201 2277 295 2312 enim
317 2283 354 2312 et
374 2277 542 2312 orationis
565 2278 724 2323 species,
749 2284 786 2312 et
802 2279 949 2312 mendax
973 2277 1085 2310 oratio
1105 2282 1142 2310 et
1162 2276 1267 2311 fallax
1285 2277 1402 2322 plures
1424 2278 1558 2311 habens

97 2322 263 2367 augulou
295 2334 382 2358 vera
402 2329 516 2358 autem
538 2324 607 2358 sibi
629 2324 708 2369 ipsa
733 2336 777 2358 ex
800 2324 957 2357 omnibus
981 2323 1139 2367 partibus
1163 2334 1247 2367 par,
1274 2323 1471 2367 ubicunque
1493 2334 1555 2357 au-

98 2375 168 2403 tem
194 2373 377 2414 versatur,
413 2370 570 2404 omnibus
598 2370 742 2405 basibus
765 2370 903 2403 infinite
926 2368 1122 2411 stabilitur,
1157 2379 1247 2412 quae
1278 2369 1445 2403 videlicet
1468 2379 1556 2412 qua-

98 2415 200 2449 drata
220 2414 334 2459 figura
357 2419 424 2449 est.
473 2416 597 2460 quodsi
619 2415 790 2450 rationem
815 2422 852 2450 et
875 2415 1066 2449 orationem
1090 2425 1167 2447 eum
1185 2425 1264 2448 esse
1285 2415 1558 2449 demonstratum

99 2465 168 2503 est,
189 2459 271 2495 huic
292 2472 474 2507 cercopem
493 2461 707 2495 simulacrum
733 2461 894 2505 (idolum)
918 2460 1052 2494 faciunt
1074 2460 1255 2504 Aegyptii,
1278 2460 1559 2505 quandoquidem

100 2510 242 2550 praeter
261 2507 376 2541 omnia
399 2507 559 2542 animalia
581 2508 733 2553 prudens
758 2515 814 2542 est
836 2514 872 2541 et
890 2505 1051 2551 peritiam
1072 2510 1251 2550 artemque
1280 2505 1446 2539 admittit.
1492 2516 1556 2539 ve-

101 2562 175 2584 rum
199 2555 237 2585 et
254 2551 465 2597 Aegyptiam
482 2553 567 2588 ibim
579 2580 588 2598 ,
613 2565 711 2587 avem
723 2579 732 2597 ,
757 2554 883 2588 scimus
906 2551 957 2585 illi
975 2563 1054 2585 esse
1073 2556 1327 2585 consecratam:
1352 2550 1450 2584 cordi
1467 2551 1558 2585 enim

100 2595 214 2630 simile
245 2602 300 2631 est
329 2609 454 2643 corpus
488 2599 563 2633 eius
594 2599 727 2642 album,
765 2612 808 2633 ex
838 2605 985 2642 utraque
1016 2602 1131 2630 autem
1152 2602 1253 2642 parte
1276 2595 1435 2641 nigrum,
1467 2607 1559 2641 quae

100 2640 242 2686 quidem
263 2645 320 2676 est
341 2644 529 2689 orationis,
561 2645 614 2678 uti
638 2644 832 2689 cogitatur,
865 2645 997 2687 figura:
1030 2648 1214 2687 antequam
1237 2642 1328 2676 enim
1345 2643 1558 2687 proferatur,

99 2689 253 2722 obscura
279 2691 354 2732 est,
391 2701 467 2724 cum
493 2695 607 2724 autem
637 2691 840 2735 profertur,
872 2689 1112 2732 collustratur,
1146 2694 1182 2722 et
1203 2688 1341 2733 prolata
1364 2688 1556 2723 evanescit.

101 2732 194 2767 vivit
224 2737 340 2768 autem
367 2734 494 2769 animal
526 2735 611 2770 illud
640 2747 752 2782 prope
780 2747 909 2781 aquas,
944 2734 1226 2779 quemadmodum
1247 2734 1285 2767 in
1305 2733 1405 2768 nobis
1430 2746 1490 2768 cor
1512 2746 1556 2768 ex

103 2778 242 2813 humida
264 2779 418 2814 essentia
435 2780 507 2814 vim
524 2792 619 2816 suam
638 2782 786 2827 accipit:
812 2781 886 2816 sola
907 2787 1021 2814 autem
1044 2780 1159 2814 avium
1183 2780 1332 2813 omnium
1349 2785 1470 2814 natare
1488 2779 1557 2813 ibis

102 2823 232 2869 nescit,
272 2830 311 2860 et
343 2825 563 2861 imbecillima
590 2838 751 2872 quaeque
780 2828 815 2862 in
846 2827 1010 2862 maiorem
1042 2826 1315 2872 profunditatem
1351 2825 1560 2862 detrahitur.
