1748 3210
78 868 113 900 p.
137 867 218 890 xvn

68 2130 103 2162 p.
128 2127 224 2151 xvm

236 212 310 243 xlv
616 197 759 242 HASII
789 197 864 240 DE
894 195 1097 240 IOANNE
1128 194 1282 239 LYDO

237 329 411 368 Africam
443 327 619 366 Siciliam
648 328 766 365 armis
793 327 1028 373 obtinerent,
1062 324 1306 376 reliquasque
1330 326 1465 377 populi
1487 327 1652 364 Romani

238 396 456 446 provincias
474 395 690 432 incursibus
705 394 816 431 factis
833 393 1092 430 exinanirent.
1147 403 1264 442 quem
1279 392 1655 442 gravissimum'lite-

240 463 369 512 risque
398 461 540 498 nostris
564 474 684 512 prope
709 461 870 497 fatalem
895 470 1028 496 casum
1057 458 1201 495 summi
1227 455 1406 496 homines
1433 457 1655 510 iudicioque

239 526 511 574 eruditissimi,
550 525 750 574 11Reiske‚
789 523 1000 563 IThBuhle
1039 525 1206 576 aliique,
1248 525 1450 563 califarum
1480 525 1657 562 sultano-

239 606 404 644 rumque
437 593 666 630 liberalitate
699 604 743 628 ac
771 591 1023 630 beneficentia
1059 589 1346 643 quodammodo
1373 591 1546 630 levatam
1572 603 1657 628 esse

239 661 387 710 opinati
417 665 524 706 sunt,
556 656 674 709 idque
704 658 857 708 scriptis
882 656 996 695 editis
1020 663 1305 708 exposuerunt:
1334 656 1399 693 De
1410 656 1658 707 prinezpibus

239 725 546 763 Muhamedanis
571 725 642 775 qui
669 731 741 762 aut
769 723 821 761 ab
851 723 1062 761 eruditione
1089 731 1161 761 aut
1178 736 1308 761 amore
1327 722 1527 762 literar-am
1549 730 1588 760 et
1605 723 1658 760 lo·-

239 798 447 828 teratorum
477 791 718 835 claruerunt,
747 790 909 840 Lipsiae
935 789 1052 838 1747,
1089 788 1129 830 4.
1185 791 1250 828 De
1273 789 1395 827 studii
1417 789 1659 828 Graecarum

241 857 443 894 literarum
471 857 584 906 apud
606 856 764 894 Arabes
795 856 916 893 initias
935 863 974 893 et
989 855 1218 894 rationibus.
1277 857 1493 896 comment.
1516 855 1659 901 Soc'oet.

239 924 386 961 Scient.
413 935 495 973 reg.
524 924 767 974 Gottingens.
785 922 863 960 vol.
883 924 910 963 2
935 935 974 972 p.
990 924 1086 963 216.
1141 935 1277 960 verum
1306 929 1350 961 ut
1377 924 1458 960 iam
1486 922 1661 961 maxima

238 989 355 1026 fuerit
370 990 412 1026 iu
429 987 661 1040 quibusdam
676 986 1050 1026 Mohamedanorum
1066 989 1221 1039 regibus
1236 989 1469 1040 benignitas,
1486 989 1662 1028 maxima

239 1068 370 1092 rerum
398 1066 556 1092 suarum
582 1055 763 1102 scientia,
792 1056 892 1093 sicut
917 1055 1014 1102 fuit,
1035 1061 1168 1093 tamen
1197 1054 1327 1094 studia
1348 1062 1389 1093 et
1409 1061 1530 1102 artes,
1559 1059 1662 1105 quae

239 1127 349 1158 erant
380 1122 535 1158 Graecis
565 1122 827 1159 monumentis
859 1120 1151 1173 disciplinisque
1178 1128 1259 1159 tosta
1281 1122 1376 1159 Asia
1400 1121 1480 1158 iam
1499 1121 1546 1159 ab
1564 1121 1662 1159 Ale-
1713 1140 1715 1143 ·

238 1186 382 1224 xandri
400 1189 454 1225 M.
474 1188 714 1238 temporibus
722 1183 874 1224 ‘tradita
893 1196 938 1224 ac
959 1194 1204 1236 conservata,
1229 1187 1446 1225 necessario
1464 1187 1578 1226 novis
1598 1199 1663 1223 re·

239 1252 449 1302 ligionibus
477 1253 614 1291 studiis
637 1254 808 1291 moribus
834 1251 1002 1290 inductis
1030 1254 1197 1302 graviter
1219 1259 1310 1293 sunt
1326 1252 1492 1301 ⁴‚affecta-,3
1522 1253 1664 1304 quibus

239 1314 558 1355 semel’sublatis
585 1325 623 1354 et
649 1319 815 1354 Arabica
841 1319 977 1366 lingua
1005 1316 1133 1353 indies
1159 1319 1276 1354 latius
1299 1317 1432 1364 fundi,
1461 1325 1501 1358 et
1517 1320 1665 1358 Graeca

237 1384 411 1434 primum
433 1396 484 1420 ex
503 1383 752 1433 optimatum,
781 1388 869 1431 post
886 1382 1006 1417 etiam
1022 1381 1180 1418 omnino
1195 1394 1251 1420 ex
1271 1394 1345 1420 usu
1364 1381 1666 1423 consuetudine-

239 1462 317 1500 que
338 1447 544 1486 hominum
564 1461 794 1486 evanescere
815 1447 935 1497 inque
951 1458 1076 1496 pauca
1094 1447 1338 1486 Palaestinae
1353 1446 1569 1488 Phoenices
1587 1449 1667 1501 Sy-

238 1517 320 1552 riae
347 1516 575 1552 interamnis
600 1513 836 1552 monasteria
855 1512 1052 1562 compingi
1070 1514 1212 1563 coepit.
1266 1513 1310 1550 fit
1323 1515 1432 1551 enim
1448 1513 1524 1553 hoc
1538 1516 1584 1554 in
1603 1517 1666 1554 vi-

241 1584 312 1619 ctis
337 1581 577 1628 nationibus,
605 1587 649 1618 ut
675 1579 726 1616 ad
750 1579 992 1616 vincentium
1015 1591 1236 1616 sermonem
1258 1579 1443 1618 libentius
1468 1594 1511 1619 se
1534 1582 1668 1633 appli-

241 1655 348 1695 cent,
376 1660 450 1684 nec
474 1646 601 1696 magis
628 1647 670 1683 in
697 1647 833 1695 lingua
861 1657 980 1696 quam
997 1644 1039 1681 in
1059 1645 1235 1683 libertate
1254 1647 1379 1697 patria
1395 1646 1541 1685 tuenda
1561 1660 1668 1688 acres

240 1713 457 1752 videantur.
513 1725 591 1765 qua
607 1712 913 1750 insconversione
939 1722 1124 1760 magnam
1143 1711 1331 1751 librorum
1350 1714 1585 1752 Graecorum
1604 1715 1669 1752 fa-

243 1785 345 1815 ctam
363 1780 552 1816 iacturam
571 1786 746 1816 accurate
763 1778 1056 1828 explicaverunt
1073 1779 1318 1826 AHHeeren,
1356 1780 1583 1818 Gen-hieme
1602 1782 1670 1819 des

247 1846 450 1882 Studium
478 1845 547 1882 der
574 1844 807 1883 classi-§chen
829 1844 1031 1880 Literatur
1059 1844 1136 1882 vol.
1162 1845 1185 1884 1
1198 1872 1209 1892 ,
1247 1846 1454 1897 Gottingae
1485 1849 1602 1895 1797,
1629 1849 1669 1895 8,

243 1925 285 1962 p.
304 1914 378 1959 98,
408 1918 446 1948 et
470 1909 743 1959 IGEichhorn,
772 1910 1002 1949 Gesclziehte
1026 1911 1095 1948 der
1119 1911 1322 1948 Literatm·
1341 1913 1420 1950 vol.
1442 1916 1461 1954 1
1474 1941 1486 1960 ‚
1508 1913 1671 1950 Gottin-

245 1990 318 2027 gae
345 1977 460 2024 1805,
480 1979 517 2023 8,
542 1990 581 2028 p.
598 1976 702 2024 5623
731 1976 914 2029 idemque
934 1991 1013 2016 uno
1034 1978 1190 2015 Ioannis
1210 1977 1511 2029 Epiphaniensis
1530 1992 1671 2020 exem-

244 2045 310 2095 plo
341 2050 468 2095 potest
496 2043 765 2080 demonstrari.
820 2045 855 2081 is
881 2046 1065 2091 Ioannes,
1094 2045 1163 2095 qui
1184 2045 1260 2082 fuit
1277 2043 1468 2095 Agathino
1490 2045 1670 2085 Scholia-

247 2117 328 2148 stae
357 2111 591 2160 Evagriique
620 2108 920 2159 Epiphaniensis
945 2111 1138 2162 aequalis,
1167 2112 1214 2148 ab
1241 2111 1316 2149 isto
1343 2110 1579 2149 laudaturin
1597 2120 1672 2149 ex-

245 2183 369 2214 tremo
386 2177 486 2214 libro
507 2177 641 2227 quinto
658 2177 800 2213 Histor.
819 2177 1042 2214 Ecclesiast.
1061 2176 1124 2214 ed.
1139 2178 1267 2216 vales.
1283 2191 1324 2228 p.
1341 2176 1422 2219 442
1438 2179 1494 2226 1),
1524 2190 1602 2230 quo
1620 2190 1672 2215 ex

246 2245 332 2281 loco
353 2250 459 2295 patet
479 2243 551 2281 sub
572 2254 609 2279 a.
631 2241 731 2290 593,
766 2255 854 2279 cum
885 2241 983 2280 haec
1015 2243 1197 2280 scriberet
1222 2245 1433 2295 Evagfius,
1461 2243 1673 2295 Agathiam

248 2323 293 2347 ac
319 2313 505 2347 Ioannem
530 2307 707 2346 nondum
735 2310 917 2359 vulgasse
945 2323 1035 2347 suos
1059 2310 1193 2347 libros.
1250 2309 1371 2348 edidit
1389 2317 1519 2347 tamen
1538 2315 1672 2360 postea

248 2375 452 2413 historiam
484 2378 668 2423 Ioannes,
706 2388 784 2427 qua
809 2376 946 2426 fugam
975 2374 1155 2412 Chosrois
1180 2388 1233 2422 11,
1270 2377 1376 2414 illius
1408 2388 1526 2427 quem
1552 2375 1673 2412 Cosru

249 2444 382 2480 Pervis
403 2443 564 2480 barbare
587 2443 806 2493 appellant,
833 2444 991 2493 eiusque
1014 2440 1279 2478 reductionem
1295 2443 1336 2478 in
1354 2454 1516 2492 regumn
1537 2454 1572 2481 a,
1592 2441 1670 2482 591

253 2521 274 2544 a
295 2510 479 2546 MauricIO
499 2509 661 2546 Caesare
680 2509 823 2546 factam
842 2509 1032 2546 subtiliter
1050 2515 1130 2545 erat
1150 2515 1394 2558 persecutus3
1424 2520 1588 2559 eamque
1609 2506 1674 2544 hi-

252 2575 410 2611 storiam
436 2574 779 2627 Theophylactum
806 2575 1058 2613 Simocattam
1087 2577 1258 2626 suspicor
1275 2581 1449 2612 secutum
1468 2587 1552 2623 esse
1573 2573 1671 2611 libro

252 2639 278 2679 4
306 2647 343 2677 et
372 2641 397 2682 5
429 2643 469 2677 in
490 2641 726 2691 digressione
747 2641 794 2678 de
813 2640 994 2679 Chosrois
1011 2643 1104 2692 fuga
1124 2656 1168 2679 ac
1186 2642 1323 2679 reditu.
1382 2642 1526 2678 atenim
1545 2640 1674 2676 evenit

248 2707 384 2743 Ioanni
414 2707 455 2744 id
486 2708 592 2759 quod
620 2707 732 2759 Lydo
758 2709 921 2759 aliisque
945 2708 1101 2756 multis,
1131 2715 1173 2745 ut
1200 2709 1390 2746 Arabibus
1417 2710 1459 2746 in
1479 2719 1546 2745 eos
1569 2708 1673 2756 ipsos

249 2778 389 2810 tractus
417 2774 776 2823 effervescentibus,
804 2776 871 2812 ubi
897 2775 1082 2827 pleraque
1111 2776 1194 2813 eius
1221 2776 1460 2826 exemplaria
1478 2770 1678 2811 exstitisse
