1748 3210
208 198 301 244 128
725 198 943 242 IOANNIS
967 199 1108 242 'LYDI

338 311 382 356 9.
447 312 551 368 Περὶ
581 311 624 353 δέ
652 315 722 364 τῆς
749 311 789 352 ἓν
811 309 944 360 ὅπλοις
961 315 1149 366 στρατιᾶς
1169 309 1372 369 Πάτερνος
1392 313 1618 370 ὅῬωμαῖος

205 379 246 420 ἓν
274 378 410 434 πρώτῃ
437 382 627 420 τακτικῶν
659 378 790 426 αὐτοῖς
820 376 968 433 ῥήμασι
998 378 1098 419 καθ’
1124 377 1326 434 ἑρμηνείαν
1341 385 1465 424 ταῦτα
1483 385 1616 440 φησίν.

199 443 250 487 “ὃ
273 444 472 498 Ῥωμύλος
502 446 544 485 δὲ
569 446 784 499 κουρίωνας
814 448 893 486 τῶν
921 444 1034 500 ἱερῶν
1066 445 1302 500 φροντιστὰς
1334 447 1616 503 προεστήσατο,

202 512 294 561 τοὺς
322 511 467 560 αὐτοὺς
491 512 558 552 καὶ
589 511 868 566 κεντουρίωνας
893 515 972 553 τῶν
999 513 1160 563 πεζικῶν
1181 512 1389 567 ταγμάτων
1408 514 1618 566 ὀνομάσας.

204 579 427 633 τρισχιλίων
455 577 531 632 γὰρ
562 576 684 618 ὄντων
712 580 836 628 πεζῶν
867 578 1134 629 ἄσπιδιωτῶν,
1175 577 1342 633 ἑκάστης
1364 578 1648 633 ἓκατοντάδος5

204 642 375 698 ἡγεμόνα
402 642 648 698 προύθηκεν,
692 644 932 698 ὃνςΈλληνες
961 646 1032 698 μὲν
1061 644 1343 701 ἑκατόνταρχον
1365 645 1622 699 “Ρωμαῒοι·δὲ

205 711 462 765 κεντουρίωνα
491 715 699 762 καλοῦσιν,
738 710 791 761 ὥς
820 711 916 753 εἶναι
944 713 1037 762 τοὺς
1062 711 1210 762 πάντας
1239 711 1546 769 ἑκατοντάρχους
1571 711 1621 756 λ’.

205 779 270 819 καὶ
299 776 509 827 τοσούτους
540 779 582 819 δὲ
611 783 850 831 μανιπλοῦς,
896 779 1011 821 οἱονεὶ
1044 779 1344 836 σημειοφόρους.
1410 781 1452 821 ἓκ
1482 781 1526 822 δὲ
1550 785 1622 835 τῆς

205 849 392 899 στρατιᾶς
411 846 659 901 τριακοσίους
686 844 947 897 σκουτάτους,
990 844 1043 895 ὥς
1064 845 1262 899 ζΡωμαῖοί
1292 861 1412 903 φασιν
1439 845 1524 889 ἀντὶ
1551 851 1623 888 τοῦ

205 910 447 961 ἀσπιδιώτας
453 943 466 962 ,
507 913 606 966 πρὸς
627 913 807 967 φυλακὴν
829 915 934 954 ι’δίαν
954 911 1162 970 ἀφώρισε”
1199 915 1283 967 (καὶ
1299 913 1439 969 μικρὸν
1459 911 1621 970 ὕστερον
1633 919 1674 954 10

205 977 422 1033 εἶρὴσεται,
466 980 506 1018 τί
531 979 602 1030 μέν
629 980 711 1019 ἔστι
738 978 962 1029 κλιπεάτος,
998 982 1098 1021 τίδὲ
1116 979 1330 1030 σκουτάτος
1349 979 1624 1036 στρατιώτης).

198 1043 480 1100 ι(προστέθεικε
503 1046 544 1085 δὲ
564 1047 630 1086 καὶ
648 1047 896 1100 τριακοσίους
913 1045 1078 1095 ἱππότας
1099 1054 1185 1096 ταῖς
1206 1046 1415 1100 δυνάμεσι,
1447 1049 1623 1104 Κελερίῳ

202 1114 277 1153 τινὶ
298 1111 400 1153 οὕτω
423 1113 649 1167 καλουμένῳ
665 1112 735 1165 τὴν
754 1114 944 1168 φροντίδα
965 1111 1113 1155 τούτων
1131 1112 1353 1170 παραδούς·
1386 1113 1509 1170 ταύτῃ
1527 1130 1623 1155 συν-

194 1181 413 1231 εκδοχικῶς
442 1178 546 1226 ἅπας
572 1177 592 1218 ὁ
619 1179 789 1233 στρατὸς
814 1181 977 1233 κελέριοι
1012 1178 1098 1220 τότε
1127 1179 1517 1235 προσηγορεύθησαν.
1582 1182 1624 1222 ἐν

202 1246 306 1299 τρισὶ
335 1245 377 1284 δὲ
403 1242 631 1284 ἓκατοντάσι
663 1245 925 1299 συναγομένης
951 1249 1022 1298 τῆς
1049 1245 1206 1298 ἱππικῆς
1234 1245 1455 1299 δυνάμεως,
1498 1249 1624 1303 τρισὶν
1635 1252 1676 1287 15

203 1309 423 1362 ἐπωνύμοις
441 1310 564 1359 αὐτὰς
579 1311 773 1361 διέστειλε,
792 1310 1008 1364 (Ραμνίτας
1023 1313 1088 1352 καὶ
1107 1313 1266 1362 Τιτίους
1288 1313 1406 1354 ἱστῶν
1422 1315 1489 1354 καὶ
1505 1312 1624 1355 Λού-

204 1378 357 1433 κερας.”
405 1377 478 1426 τὰς
501 1378 543 1418 δὲ
563 1379 690 1426 αἰτίας
710 1380 874 1419 τουτωνὶ
895 1383 973 1419 τῶν
993 1377 1196 1431 ὀνομάτων
1217 1380 1257 1421 ἐν
1273 1386 1355 1429 τοῖς
1373 1382 1459 1437 περὶ
1475 1384 1624 1436 μηνῶν,

204 1443 260 1494 ὡς
277 1445 427 1501 εἴρηται
435 1476 448 1495 ,
477 1447 646 1486 τεθεῖσιν
662 1443 755 1498 ἡμῖν
776 1443 1093 1498 ἀποδεδώκαμεν.

340 1512 414 1555 10.
480 1513 615 1552 Εἷπεΐν
637 1513 681 1552 δὲ
698 1512 834 1567 καιρὸς
852 1514 893 1553 τί
907 1513 1085 1568 διαφέρει
1108 1517 1272 1554 σκοῦτον
1290 1513 1461 1555 κλιπέου.
1502 1517 1623 1556 σκοῦ-

202 1595 271 1620 τον
288 1580 417 1620 τοίνυν
445 1578 482 1618 οἱ
498 1576 691 1631 ζΡωμαῖοι
712 1583 876 1620 καλοῦσι
895 1579 939 1620 τὸ
963 1579 1122 1634 ἰσχυρὸν
1141 1579 1226 1632 ἅμα
1245 1582 1311 1621 καὶ
1333 1578 1464 1632 ἰσχνόν
1472 1610 1486 1630 ,
1526 1579 1621 1636 ὅπερ
1631 1587 1677 1622 20

194 1646 378 1698 ’Έλληνες
401 1645 559 1686 στιπτὸν
577 1643 856 1698 ὀνομάζουσιν,
891 1646 976 1687 ἀντὶ.
998 1651 1068 1687 τοῦ
1092 1645 1294 1702 στιβαρόν,
1319 1645 1373 1695 ὡς
1385 1645 1624 1702 Ἀριστοφά-

202 1729 271 1765 νης
297 1713 337 1752 ἓν
351 1711 578 1766 Ἀχαρνεῦσι
596 1710 778 1754 ((στιπτοὶ
801 1713 988 1768 γέροντες,
1013 1712 1391 1768 Μαραθωνομάχοι,
1420 1713 1620 1770 πρίνινοι.”

202 1777 326 1835 ταύτῃ
347 1780 410 1819 καὶ
425 1776 647 1821 σκουτλάτα
664 1780 715 1821 τὰ
729 1778 844 1834 ἰσχνά
862 1796 902 1821 τε
920 1782 986 1822 καὶ
1005 1781 1150 1836 στυγνὰ
1168 1783 1232 1823 καὶ
1251 1786 1383 1838 κοῦφα
1401 1785 1480 1824 τῶν
1497 1781 1622 1835 ἕσθη-

291 1918 336 1953 23
357 1915 510 1961 atsyvo'c?

291 2041 326 2074 9.
371 2040 425 2073 De
445 2043 574 2073 armata
591 2044 701 2074 autem
720 2041 840 2075 militia
856 2042 1023 2076 Paternus
1048 2042 1218 2076 Romanus
1230 2067 1239 2084 ‚
1270 2040 1307 2075 in
1326 2041 1413 2076 libro
1460 2041 1544 2076 rimo
1566 2046 1622 2076 ta-

202 2085 387 2127 eticorum,
416 2084 502 2128 ipsis
525 2086 640 2119 verbis
663 2088 846 2121 secundum
870 2088 1061 2120 versionem
1088 2088 1172 2120 haec
1198 2086 1267 2120 ait:
1298 2083 1428 2120 “Romu
1444 2098 1481 2120 us
1511 2092 1623 2121 autem

202 2129 359 2162 curiones
372 2155 381 2171 ,
400 2130 458 2172 qui
476 2130 582 2163 sacris
602 2138 821 2174 praeessent,
843 2132 1038 2175 constituit,
1063 2133 1266 2176 eosdemque
1285 2132 1500 2165 centuriones
1515 2132 1624 2176 pede-

202 2174 322 2207 strium
340 2174 493 2206 ordinum
511 2175 709 2209 nominavit.
757 2189 831 2210 cum
853 2178 941 2210 enim
959 2178 1029 2210 tria
1049 2177 1142 2211 milia
1163 2182 1278 2210 essent
1298 2176 1449 2221 peditum
1471 2182 1622 2210 scutata-

201 2230 287 2260 rum,
310 2218 418 2251 cuivis
442 2220 614 2253 centuriae
634 2222 751 2254 ducem
771 2223 940 2266 praefecit
963 2223 1078 2266 (quem
1098 2222 1225 2257 Graeci
1245 2219 1526 2264 ἑκατόνταρχον,
1549 2222 1623 2254 Ro-

201 2263 291 2296 mani
314 2263 543 2296 centurionem
569 2268 740 2308 vocant),
776 2272 813 2299 ut
833 2267 1049 2300 centuriones
1074 2278 1188 2300 omnes
1213 2272 1328 2300 essent
1347 2266 1506 2310 triginta,
1538 2266 1623 2299 toti-

202 2309 346 2352 demque
364 2308 537 2352 manipuli,
559 2309 594 2342 id
615 2316 668 2344 est
686 2311 856 2354 signiferi.
903 2313 946 2344 ab
967 2312 1120 2345 exercitu
1143 2315 1254 2344 autem
1276 2317 1448 2344 trecentos
1471 2313 1622 2344 scutatos

203 2353 272 2394 (sic
289 2353 434 2386 Romani
454 2350 677 2394 ἀσπιδιώτας
699 2358 838 2399 vocant)
863 2358 905 2390 ad
928 2358 1099 2400 propriam
1124 2356 1310 2389 custodiam
1330 2355 1490 2389 secrevit.
1523 2354 1623 2398 (quid

201 2398 384 2441 clipeatus,
416 2397 497 2441 quid
515 2404 665 2432 scutatus
684 2401 799 2443 miles,
830 2402 930 2445 paulo
951 2407 1030 2444 post
1048 2402 1211 2441 dicetur).
1258 2400 1384 2434 adiecit
1407 2410 1488 2434 vero
1512 2399 1622 2443 copiis

200 2448 373 2476 trecentos
399 2453 534 2486 quoque
563 2444 715 2487 equites,
758 2445 854 2490 queis
885 2445 1040 2479 Celerem
1070 2447 1236 2489 quendam
1270 2445 1404 2478 nomine
1433 2443 1622 2487 praesertin

200 2488 291 2520 unde
313 2487 570 2530 synecdochice·
588 2489 766 2523 universus
789 2491 960 2524 exercitus
981 2496 1051 2524 tum
1073 2490 1229 2524 Celerum
1251 2501 1373 2523 nomen
1394 2487 1510 2522 traxit.
1554 2488 1619 2522 tri-

199 2534 264 2565 bus
283 2543 365 2565 vero
389 2533 550 2567 centuriis
568 2539 777 2568 constantem
797 2542 989 2579 equestrem
1010 2547 1143 2569 manum
1164 2535 1274 2568 tribus
1292 2533 1479 2568 nominibus
1496 2532 1620 2567 distin-

200 2578 251 2609 xit
263 2602 273 2618 ,
305 2577 484 2610 Ramnium
496 2603 506 2621 ,
539 2579 710 2612 Titiorum
732 2585 767 2613 et
783 2581 964 2613 Lucerum.
975 2577 994 2590 ’'
1039 2591 1181 2624 quorum
1202 2579 1369 2613 nominum
1387 2588 1506 2612 causas
1523 2577 1560 2612 in
1577 2578 1620 2612 iis

200 2632 300 2664 quae,
324 2621 374 2654 uti
392 2622 548 2666 diximus,
571 2625 614 2657 de
637 2625 808 2658 mensibus
831 2637 851 2658 a
870 2625 967 2658 nobis
990 2628 1118 2668 scripta
1139 2630 1219 2658 sunt
1240 2622 1466 2668 exposuimus.
1523 2626 1526 2629 ’

292 2667 346 2699 10.
391 2667 492 2700 Nunc
514 2668 603 2703 inter
619 2675 749 2702 scutum
774 2675 809 2703 et
830 2669 975 2713 clipeum
992 2670 1075 2713 quid
1095 2669 1243 2711 intersit,
1267 2668 1455 2701 dicendum.
1487 2671 1617 2701 scutum

198 2710 304 2752 igitur
322 2711 465 2744 Romani
484 2713 602 2747 dicunt
617 2715 708 2757 quod
730 2715 861 2748 firmum
878 2714 975 2748 simul
993 2720 1029 2747 et
1046 2720 1159 2756 tenue,
1181 2714 1268 2758 quod
1286 2712 1376 2746 idem
1395 2712 1523 2746 Graeci
1545 2722 1618 2746 στι-

197 2756 308 2796 πτόν,
340 2756 376 2789 id
398 2762 452 2789 est
474 2757 665 2802 στιβαρόν,
707 2759 842 2802 dicunt,
873 2758 979 2793 veluti
1007 2759 1251 2803 Aristophanes
1280 2757 1316 2790 in
1342 2756 1614 2791 Acharnensibus

195 2794 351 2833 “densati
382 2812 502 2846 senes,
543 2803 751 2838 Marathonii
784 2804 1007 2850 proeliatores
1036 2803 1167 2848 ilignei.
1177 2802 1196 2814 ”
1247 2801 1325 2834 hinc
1351 2806 1387 2835 et
1413 2801 1615 2835 vestimenta
