1748 3210
201 191 297 238 240
727 193 948 236 IOANNIS
978 194 1110 238 LYm

363 303 448 348 ἀντὶ
469 301 592 360 φόνου
610 305 739 356 πενίης
758 304 795 345 τ’
818 304 934 358 ὀλοῆς
952 308 1068 358 λιμοῦ
1093 321 1134 346 τε
1152 306 1215 347 καὶ
1234 306 1372 362 ὀργῆς,

445 370 504 420 οἷς
522 370 652 412 πάντα
671 371 826 426 φθείρει
847 371 896 425 σὴ
919 370 1251 428 φιλοχρημοσύνη.

361 439 513 493 γείτονα
531 438 575 478 δὲ
591 436 770 490 Σκύλλης
788 438 906 491 ὀλοὴν
925 439 1109 480 ἀνέθεντο
1127 437 1352 494 Χάρυβδιν,

445 502 580 558 ἄγριον
600 504 786 558 ὠμηστὴν
803 509 941 546 τοῦτον
958 503 1227 547 Ἀναστάσιον.

363 571 508 611 δείδιθι
530 572 594 611 καὶ
617 569 680 621 σύ,
704 571 875 622 Σκύλλα,
897 579 1002 621 τεαῖς
1020 574 1149 628 φρεσί,
1178 570 1237 625 μή
1257 587 1300 613 σε
1321 572 1386 612 καὶ
1403 571 1527 626 αὐτὴν
1630 578 1652 614 5

439 635 596 693 βρώξῃ,
616 639 803 692 χαλκείην
824 641 991 691 δαίμονα
1009 641 1258 694 κερματίσας.

197 699 478 756 διαβάλλονται
506 704 583 760 γὰρ
610 705 710 761 πρὸς
735 710 814 747 τῶν
842 707 1016 762 ἀρχαίων
1042 706 1078 747 οἱ
1104 706 1175 760 τὴν
1203 701 1399 760 Εὐρώπην
1431 705 1624 752 οἰκοῦντες

197 770 338 823 σχεδὸν
359 770 527 820 ἅπαντες
545 772 607 812 ἐπὶ
629 774 890 831 φιλαργυρίᾳ,
926 772 1011 825 ἅμα
1037 774 1300 828 κερδαίνοντες
1317 771 1402 824 ἅμα
1419 771 1624 812 δαπανῶν,

195 854 261 886 τες
286 837 336 878 τὰ
353 838 623 894 περιγινόμενα
645 841 800 890 αὐτοῖς,
843 840 881 880 οἳ
910 841 935 880 δ
941 840 953 855 ²
985 841 1226 894 Ἠπειρῶται
1250 837 1424 892 μάλιστα
1433 868 1446 888 ,
1485 834 1626 891 Σύρων

196 903 305 953 ὄντες
324 902 492 956 ἄποικοι,
521 903 575 954 ὥς
592 903 820 958 ὅΠολέμων
837 907 877 947 ἓν
897 906 1052 961 πέμπτῃ
1068 904 1286 960 ἐξηγήσεων
1302 910 1372 959 τῆς
1387 902 1490 946 κατὰ
1506 904 1625 944 Λου-
1637 912 1681 949 10

198 970 316 1012 κανόν
346 971 414 1013 τὸν
433 970 627 1025 Ῥωμαῖον
652 973 844 1028 ἐμφυλίου
873 978 1105 1029 συγγραφῆς
1131 971 1372 1028 ἀπεφήνατο.
1439 970 1537 1012 ὅθεν
1558 970 1626 1011 καὶ

196 1037 458 1092 Παλαιστῆνη
477 1038 576 1094 πρὸς
594 1044 672 1081 τῶν
692 1041 866 1095 ἀρχαίων
884 1043 1080 1090 καλεῖται,
1115 1040 1155 1080 ἓν
1171 1034 1198 1094 ᾗ
1212 1038 1398 1095 ιΗρώδης
1415 1038 1508 1080 ποτὲ
1527 1036 1627 1092 πρὸς

196 1110 314 1159 τιμῆς
332 1104 569 1159 Αὐγούστου
588 1104 805 1147 Νικόπολιν
826 1108 1006 1158 ἐδείματο
1025 1106 1095 1159 τὴν
1115 1104 1248 1156 πόλιν,
1287 1106 1395 1161 παρὰ
1411 1102 1626 1156 Λευκάτην

196 1173 264 1212 καὶ
293 1171 362 1212 τὸν
384 1171 537 1213 Ἄκτιον
560 1170 719 1222 κόλπον,
754 1172 853 1213 ὅπου
872 1170 1134 1228 Κλεοπάτραν
1160 1173 1248 1224 μετ’
1277 1173 1480 1214 Ἀντωνίου
1501 1186 1626 1226 παρε-

197 1235 384 1291 στήσατο.
1636 1252 1680 1288 15

332 1301 412 1348 47.
470 1297 550 1344 Ἠν
567 1303 640 1356 μὲν
656 1297 726 1344 οὖν
743 1306 922 1352 τοιοῦτος
938 1301 958 1344 ὃ
975 1300 1187 1357 βασιλεύς,
1219 1302 1270 1344 τὰ
1287 1303 1330 1344 δὲ
1349 1302 1452 1344 ἄλλα
1471 1301 1628 1351 συνετὸς

201 1372 267 1412 καὶ
287 1370 605 1423 πεπαιδευμένος,
639 1369 806 1423 ἐπιεικής
825 1387 864 1412 τε
886 1370 972 1424 ἅμα
988 1372 1054 1412 καὶ
1071 1368 1322 1426 δραστήριος,
1354 1366 1630 1425 μεγαλόδωρός

198 1455 239 1480 τε
259 1440 324 1479 καὶ
343 1440 526 1493 κρείττων
546 1436 678 1493 ὀργῆς,
713 1439 912 1493 ἐρυθριῶν
931 1455 973 1479 τε
992 1437 1084 1487 τοὺς
1099 1436 1250 1492 λόγους,
1281 1435 1335 1487 ὥς
1351 1439 1415 1478 καὶ
1433 1434 1630 1492 πλήρωμα

194 1503 343 1561 χρόνου
361 1507 425 1546 καὶ
445 1505 611 1557 βαθμὸν
628 1512 710 1553 τοῖς
726 1509 804 1546 τῶν
818 1503 944 1558 λόγων
963 1503 1217 1554 διδασκάλοις
1231 1505 1479 1558 βουληθέντα
1497 1519 1627 1559 παρα-

199 1579 306 1624 σχεῖν
335 1579 422 1620 ταῖς
451 1572 580 1612 αὐτῶν
599 1573 808 1624 ὁιχονοιάις
827 1572 1139 1626 ἕμποὸισθῆναι·
1173 1572 1320 1627 πέφυκε
1338 1571 1414 1627 γὰρ
1434 1572 1475 1620 ἐξ
1497 1570 1682 1625 ἄντρα-20

198 1636 397 1693 γμοσύνης
425 1639 469 1678 τὸ
493 1638 646 1692 λογικὸν
666 1638 765 1694 πρὸς
782 1636 897 1680 ἑαυτὸ
919 1641 1143 1694 διαφωνεῖν.
1208 1634 1258 1692 ἦν
1283 1633 1351 1681 οὖν
1373 1635 1546 1693 ἀγαθός,
1575 1635 1629 1685 ὡς

290 1755 309 1788 1
334 1751 372 1787 δὲ
397 1750 507 1796 ὀλοῆς
527 1752 653 1796 λοιμοῦ
679 1753 722 1787 C.
859 1754 882 1787 2
905 1751 961 1793 οἷς
980 1751 1103 1787 πάντα
1124 1753 1271 1797 φθείρει
1295 1751 1338 1797 σὴ
1362 1754 1406 1796 F,
1431 1749 1487 1791 οἷς
1507 1748 1630 1785 πάντα

289 1798 455 1841 φθείρεις
483 1795 521 1830 ἐκ
548 1795 859 1841 φιλοχρημοσύνης
888 1798 1113 1842 Anthologia,
1159 1797 1182 1842 ἦ
1217 1796 1340 1831 πάντα
1370 1796 1554 1841 φθειρέσει
1585 1797 1628 1829 C.

289 1844 312 1878 3
332 1842 558 1885 Anthologia:
591 1840 719 1886 ἐγγύθι
749 1843 813 1885 τῆς
841 1841 1003 1886 Σκύλλης
1033 1842 1191 1886 χαλεπὴν
1219 1841 1396 1887 στήσαντο
1429 1840 1630 1885 Χάρυβδιν.

290 1889 410 1931 Lydus
433 1887 613 1920 manifesto
636 1887 770 1931 put-avit
792 1888 985 1932 posteriora
1013 1888 1078 1921 duo
1101 1888 1246 1922 disticha
1268 1899 1367 1921 unum
1391 1898 1464 1921 cum
1486 1897 1628 1931 praece-

288 1933 447 1966 dentibus
464 1932 670 1975 epigramma
686 1933 835 1975 efficere,
854 1933 941 1966 unde
958 1938 1053 1976 patet
1068 1944 1127 1966 cur
1141 1933 1320 1976 scripserit
1333 1930 1385 1975 δὲ,
1401 1943 1470 1965 non
1485 1931 1560 1975 τῆς.
1582 1931 1628 1964 F.

292 1979 336 2011 10
357 1974 416 2019 ἐξη
430 2000 440 2009 .
454 1999 464 2009 .
481 2000 491 2010 .
505 1986 595 2009 σεων
615 1977 656 2010 C.
796 1979 835 2011 11
861 1974 1057 2019 ἐμφυλίους
1075 1978 1119 2020 F,
1142 1974 1323 2020 ἐμφυλίων
1343 1978 1386 2011 C.
1487 1977 1531 2011 12
1550 1975 1628 2020 lego

291 2022 493 2064 Παλαίστη.
541 2021 587 2055 cs.
607 2022 710 2055 Caes.
730 2020 816 2055 Bell.
840 2021 919 2055 civ.
941 2022 964 2056 3
984 2022 1006 2055 6
1027 2027 1063 2056 et
1078 2022 1209 2056 Lucan.
1230 2022 1250 2056 5
1273 2022 1352 2056 460.

200 2132 292 2162 rem,
316 2132 378 2165 pro
399 2121 503 2154 caede
521 2124 792 2165 paupertateque
813 2120 959 2154 exitiosa
981 2122 1138 2165 fameque
1159 2125 1195 2155 et
1216 2121 1288 2164 ira,
1314 2119 1410 2166 queis
1433 2119 1545 2153 omnia
1567 2119 1628 2154 de-

200 2166 305 2202 struit
322 2171 382 2199 tua
406 2165 563 2198 avaritia.
588 2165 734 2199 vicinam
752 2171 863 2198 autem
882 2166 1018 2209 Scyllae
1037 2167 1214 2200 exitiosam
1240 2177 1384 2211 posuere
1408 2164 1630 2207 Charybdim,

200 2213 312 2245 ferum
330 2210 545 2243 crudivorum
563 2209 652 2243 hunc
671 2210 900 2244 Anastasium.
945 2211 1027 2244 time
1051 2217 1086 2245 et
1108 2218 1167 2255 tu,
1193 2211 1326 2254 Scylla,
1356 2216 1415 2244 tuo
1433 2210 1560 2252 animo,
1586 2220 1631 2242 ne

201 2261 239 2290 te
257 2266 393 2300 quoque
411 2255 519 2299 ipsam
536 2255 690 2298 devoret,
714 2266 854 2288 aeneam
876 2256 971 2289 deam
990 2262 1170 2301 postquam
1189 2252 1376 2300 signavit.”
1397 2254 1521 2288 etenim
1539 2254 1631 2299 apud

202 2301 361 2344 antiquos
381 2311 495 2333 omnes
513 2299 588 2332 fere
605 2300 781 2344 Europam
798 2299 985 2334 incolentes
1005 2303 1047 2335 ob
1067 2301 1245 2335 avaritiam
1261 2301 1348 2335 male
1363 2300 1514 2343 audiunt,
1532 2298 1631 2341 simui

201 2347 295 2380 lucro
318 2345 506 2387 studentes,
532 2343 630 2377 simul
651 2351 750 2389 parta
770 2350 1025 2390 consumentes,
1049 2346 1216 2391 Epirotae
1243 2351 1354 2379 autem
1377 2344 1538 2386 maxime,
1559 2343 1630 2386 Sy-

199 2401 315 2426 rorum
346 2389 497 2430 colonia‚
531 2394 569 2422 ut
588 2388 725 2422 Polemo
757 2389 794 2423 in
822 2389 909 2423 libro
939 2391 1058 2434 quinto
1089 2391 1403 2424 commentariorum
1432 2389 1476 2422 ad
1499 2387 1631 2422 Lucani

202 2435 348 2471 Romani
370 2435 414 2468 de
440 2433 528 2468 bello
551 2433 644 2467 civili
669 2445 803 2468 carmen
828 2436 990 2470 ostendit.
1037 2437 1127 2470 unde
1157 2435 1258 2469 etiam
1286 2435 1443 2468 Palaeste
1471 2434 1514 2467 ab
1539 2433 1629 2466 anti-

202 2481 282 2525 quis
301 2485 463 2522 vocatur,
495 2479 531 2512 in
553 2489 620 2523 qua
645 2479 802 2512 Herodes
826 2481 994 2524 quondam
1025 2481 1061 2514 in
1089 2481 1250 2514 honorem
1277 2479 1423 2523 Augusti
1447 2477 1632 2523 Nicopolin

201 2527 320 2559 urbem
343 2526 387 2558 ad
410 2525 583 2558 Leucaten
606 2524 808 2568 Actiumque
841 2524 950 2559 sinum
981 2525 1197 2569 aedificavit,
1232 2524 1291 2559 ubi
1319 2523 1534 2570 Cleopatram
1556 2533 1630 2556 cum

202 2569 350 2606 Antonio
371 2569 428 2603 ille
446 2568 587 2603 devicit.

291 2616 348 2649 47.
395 2615 483 2648 Erat
503 2613 608 2657 igitur
627 2612 706 2646 talis
729 2613 933 2658 imperator,
957 2618 993 2648 at
1010 2619 1126 2649 cetera
1147 2615 1297 2659 prudens
1318 2618 1353 2647 et
1370 2613 1543 2655 eruditus,
1565 2612 1629 2645 hu-

203 2671 388 2704 manusque
410 2658 508 2693 simul
534 2663 570 2692 et
593 2657 737 2702 diligens
750 2684 759 2701 ‚
791 2658 1187 2704 munificentissimusque
1207 2665 1242 2693 et
1261 2660 1314 2692 ira
1333 2659 1479 2700 fortior,
1510 2657 1629 2691 litera-

202 2716 345 2750 rumque
377 2706 462 2739 adeo
487 2714 649 2738 reverens
674 2708 712 2737 ut
738 2703 900 2748 temporis
930 2703 1207 2748 complementum
1238 2710 1274 2738 et
1295 2705 1435 2748 gradum
1456 2702 1630 2736 literarum

205 2749 376 2793 magistris
405 2749 593 2784 concedere
622 2748 813 2793 cupientem
844 2748 1074 2783 dissensiones
1110 2762 1223 2784 eorum
1253 2750 1297 2782 im
1324 2748 1486 2782 adierint:
1520 2745 1630 2780 solent

205 2794 295 2829 enim
313 2795 424 2840 docti,
456 2798 575 2840 utpote
595 2793 719 2840 otiosi,
753 2794 844 2828 inter
865 2805 943 2830 sese
969 2794 1166 2830 dissentire.
1212 2800 1287 2830 erat
1305 2793 1411 2840 igitur
1433 2794 1558 2835 bonus,
1593 2795 1632 2828 ut
