1748 3210
281 218 353 248 xvl
654 205 798 248 HASII
828 205 902 247 DE
933 203 1138 247 IOANNE
1171 203 1321 244 LYDO

280 335 456 386 Lipsium
498 335 611 387 (var.
642 338 749 374 Lect.
778 336 846 372 lib.
874 337 898 375 3
934 347 966 370 c.
991 334 1043 372 27
1069 333 1167 383 Opp.
1196 330 1258 369 ed.
1285 332 1468 383 Antverp.
1501 333 1571 371 fol.
1601 339 1632 370 t.
1666 336 1688 374 1

282 416 321 453 p.
341 402 419 452 63)
448 403 561 439 multi
591 409 679 440 sunt
709 401 920 452 conquesti.
976 398 1046 436 sed
1066 400 1292 450 priusquam
1308 411 1578 450 recognoscam
1596 405 1690 450 quot

281 469 472 518 epitomae
503 481 553 505 ex
582 469 704 505 tribus
734 467 835 519 Lydi
859 466 968 502 libris
998 465 1151 502 saeculo
1176 465 1202 503 9
1229 471 1267 501 et
1295 464 1473 516 deinceps
1496 466 1690 503 confectae

280 537 419 572 nostris
449 536 491 570 in
522 533 765 571 bibliothecis
794 533 939 583 passim
977 538 1132 579 extent,
1180 537 1222 567 ut
1247 532 1371 581 magis
1401 538 1582 582 appareat
1613 543 1691 583 quo

278 606 390 648 pacto
418 613 495 636 una
524 613 611 636 cum
640 600 828 636 aetatibus
853 597 1056 635 hominum
1079 596 1179 649 Lydi
1199 598 1340 647 scripta
1359 599 1503 634 sensIm
1523 611 1692 636 evanue-

280 666 375 712 rint,
407 672 578 702 auctores
597 665 760 701 Graecos
772 693 781 711 ‚
813 665 880 714 qui
897 665 1013 700 etiam
1032 671 1119 715 post
1138 664 1347 701 tumultum
1364 664 1572 702 Arabicum
1591 663 1692 715 Lydi

277 731 516 767 mentionem
542 731 740 778 fecerunt,
784 732 1016 768 conservatis
1044 730 1282 781 temporibus
1311 743 1388 767 uno
1415 731 1458 766 in
1488 737 1694 781 conspectu

141 809 175 841 p.
195 807 259 831 xx1
283 795 347 833 hic
375 809 509 834 onmes
534 809 690 847 ponam.
746 803 835 833 sunt
857 803 987 833 autem
1007 798 1143 848 opinor
1163 795 1206 833 hi
1227 809 1321 845 sex,
1348 784 1531 845 Photius‚
1557 798 1637 834 Leo
1657 803 1695 834 et

282 864 557 900 Constantinus
582 863 782 910 Caesares,
812 861 971 910 suidas,
1000 861 1206 900 scholiasta
1223 865 1390 901 Venetus
1409 864 1450 900 in
1469 865 1696 911 Homerum,

282 937 320 966 et
348 930 510 966 fortasse
543 927 725 966 eodinus.
781 926 922 965 horum
950 927 1133 977 Photius,
1163 942 1252 966 cum
1278 942 1301 966 a
1323 929 1513 968 Michaele
1534 931 1696 967 Caesare

282 997 364 1031 eius
394 996 560 1031 nominis
589 996 700 1031 tertio
726 1000 813 1031 ante
835 1007 870 1031 a.
890 995 969 1035 858
993 995 1223 1047 Bagdadum
1243 994 1292 1033 ad
1307 996 1454 1033 Arabes
1473 997 1614 1033 missus
1632 997 1697 1033 bi-

280 1060 515 1098 bliothecam
541 1061 596 1097 ibi
623 1061 803 1098 scriberet
830 1073 959 1108 suam,
988 1061 1030 1097 in
1061 1075 1106 1099 ea
1136 1061 1248 1113 (cod.
1283 1063 1363 1102 180
1397 1061 1459 1099 ed.
1491 1061 1698 1100 Hoeschel.

281 1128 460 1164 Genevae
489 1128 600 1164 Paul.
630 1125 818 1177 Stephan.
846 1128 949 1166 1611
984 1128 1057 1165 col.
1084 1128 1190 1178 405)
1227 1129 1344 1165 trium
1375 1127 1562 1165 librorum
1596 1127 1715 1179 Lydi·

280 1195 478 1241 meminit,
507 1194 592 1230 loco
623 1194 768 1240 nobili,
796 1193 876 1228 iam
901 1206 923 1229 a
945 1194 1118 1231 Fabricio
1154 1193 1366 1245 (Biblioth.
1386 1195 1514 1231 Latin.
1534 1192 1700 1233 t.⁴3·ed.

279 1260 431 1296 Ernest.
461 1260 616 1309 Lipsiae
644 1256 772 1305 1774,
801 1258 847 1306 8,
880 1271 921 1308 p·
947 1259 1050 1309 105)
1081 1259 1248 1297 laudato.
1304 1260 1421 1298 verba
1446 1259 1577 1298 Photii
1603 1259 1700 1299 haec

280 1331 391 1361 sunt:
419 1320 744 1376 Ἀνεγνώσθησαν
774 1321 886 1372 (cod.
909 1325 1007 1371 Reg.
1030 1322 1135 1361 1226
1157 1335 1257 1359 saec.
1279 1324 1352 1371 14,
1379 1326 1555 1362 nondum
1578 1328 1700 1364 colla-

279 1397 365 1436 tus‚·
392 1391 487 1425 item
520 1387 646 1425 codex
668 1385 848 1423 biblioth.
870 1388 912 1424 S.
933 1388 1054 1423 Marci
1072 1389 1146 1423 No.
1164 1386 1242 1427 451
1255 1415 1266 1436 ,
1293 1401 1397 1426 nunc
1420 1388 1471 1426 ad
1486 1403 1558 1430 nos
1573 1398 1702 1431 trans..

281 1457 406 1503 latus,
433 1454 579 1491 habent
599 1450 868 1506 ’Λνεγνῶσθηε
895 1454 991 1503 Reg.
1017 1459 1147 1489 autem
1166 1454 1292 1501 1266,
1321 1456 1496 1494 omnium
1514 1470 1611 1509 quos
1627 1457 1702 1496 ha.

277 1523 416 1559 bemus
447 1522 614 1571 optimae
645 1526 781 1568 notae,
812 1526 870 1557 est
886 1518 960 1556 hac
976 1525 1086 1569 parte
1102 1520 1289 1570 mancus)
1318 1517 1501 1563 Ἰωάννου
1521 1527 1703 1577 Λαυρεν-

278 1588 365 1627 τίου
388 1584 659 1636 Φιλαδελφὲως
680 1588 753 1626 τοῦ
768 1586 910 1626 Λυδοῦ
929 1588 1182 1638 πραγματεῖαι
1202 1589 1322 1637 τρεῖς,
1349 1587 1438 1641 περὶ
1455 1590 1705 1642 Διοσημείων

278 1654 410 1705 (sic),
439 1652 528 1706 περὶ
558 1655 738 1703 Μηνῶν,
766 1651 854 1704 περὶ
881 1648 1029 1705 Ἀρχαῖν
1057 1653 1279 1693 πολιτικῶν.
1336 1649 1420 1694 ἀλλ’
1453 1653 1483 1706 ἦ
1510 1653 1582 1706 μὲν
1612 1655 1704 1708 περὶ

278 1720 547 1772 Λιοσημείων,
579 1716 652 1759 ὅσα
680 1733 723 1772 γε
754 1714 844 1758 κατ’
874 1716 973 1770 ἐμὴν
994 1717 1122 1771 κρίσιν
1149 1717 1217 1758 καὶ
1240 1722 1398 1773 πεῖραν,
1428 1716 1544 1760 οὐδὲν
1575 1717 1605 1773 ἢ
1635 1720 1703 1762 ἐπ’

280 1783 411 1838 ὀλίγον
429 1783 634 1837 διενήνοχε
650 1782 814 1837 μύθων·
837 1783 867 1836 η’
883 1783 925 1825 δὲ
945 1784 1035 1836 περὶ
1054 1786 1229 1835 Μηνῶν,
1259 1785 1295 1825 εἰ
1312 1784 1379 1825 καὶ
1398 1783 1498 1826 πολῦ
1518 1783 1563 1827 to*
1581 1785 1703 1840 ἄχρη-

280 1865 372 1893 στον
394 1851 489 1903 ἔχει,
521 1847 610 1890 ἄλλ’
635 1847 709 1893 οὖν
728 1849 827 1904 πρός
843 1848 917 1903 τήν
939 1853 1012 1902 τῆς
1032 1847 1280 1903 ἀρχαιότητος
1297 1849 1475 1903 μάθησιν
1493 1852 1648 1907 ἔπίχαρί
1663 1868 1705 1893 τε

281 1918 339 1970 (f.
358 1917 419 1967 τι)
446 1916 514 1957 καὶ
541 1917 630 1958 λίαν
656 1919 846 1971 χρειῶδες.
901 1916 931 1969 ἦ
951 1915 994 1957 δὲ
1012 1916 1102 1969 περὶ
1120 1920 1330 1958 πολιτικῶν
1348 1914 1496 1972 ’Λρχοῖν
1511 1922 1594 1967 τοῖς
1614 1918 1705 1971 περὶ

278 1982 327 2025 τοὶ
356 1986 519 2024 τοιαῦτα
551 1981 716 2036 μάλιστα
743 1981 1083 2036 φιλοτιμουμένοις
1105 1980 1178 2024 οὐκ
1204 1981 1391 2037 ἄκομψον
1407 1983 1612 2038 παρέχεται
1629 1982 1705 2038 τήν

283 2051 469 2103 ίστορὶαν.

231 2115 260 2154 9
396 2115 506 2154 Idem
535 2114 697 2154 Photius
725 2123 933 2168 postquam
962 2114 1010 2152 de
1035 2115 1137 2166 Lydi
1167 2115 1321 2154 dicendi
1350 2129 1491 2167 genere
1517 2115 1705 2155 iudicium

126 2193 161 2225 P·
183 2192 264 2215 XXII
286 2184 489 2222 subiunxit
508 2196 642 2230 suum,
675 2184 801 2234 pergit
819 2184 860 2219 in
876 2181 979 2219 hunc
997 2181 1178 2230 modum,
1208 2183 1282 2222 col.
1301 2181 1403 2224 408:
1431 2179 1706 2236 ἐστρατεύσατο

285 2246 326 2291 δ’
352 2246 467 2298 οὗτος
494 2249 518 2290 ὁ
538 2245 643 2302 ἀνὴρ
660 2248 740 2290 ’ὑπό
757 2253 840 2297 τοῖς
863 2245 1072 2300 ὑπάρχοις,
1101 2246 1207 2300 ι’ίγων
1237 2247 1393 2300 ’ἡλικίας
1413 2242 1483 2298 κα,
1513 2248 1578 2301 ἔτη
1607 2248 1651 2290 δὲ
1675 2244 1710 2300 μ’

285 2313 485 2369 δικολόγος
504 2314 582 2365 ὤν,
611 2312 692 2355 εἶτα
711 2314 777 2354 καὶ
797 2310 1118 2367 ματρικουλᾶριος
1145 2315 1200 2365 (f.
1215 2311 1580 2367 mopvtxovlthQY
1609 2311 1705 2367 μεθ’

286 2381 333 2423 ὃν
361 2379 504 2436 χρόνον
530 2381 595 2422 καὶ
624 2379 694 2428 τὰς
721 2380 925 2434 εἰρημένας
955 2379 1054 2433 λέγει
1082 2375 1305 2432 συγγράψαι
1330 2381 1611 2434 πραγματείας,
1639 2379 1707 2420 καὶ

284 2451 354 2499 τῆς
373 2450 577 2500 βασιλικῆς
597 2443 721 2498 αὐλῆς
735 2443 864 2501 ψήφῳ
885 2445 1071 2499 βασιλέως
1088 2442 1321 2498 ἀξιωθῆναι.
1377 2443 1514 2499 χρόνος
1530 2445 1583 2495 δέ,
1607 2441 1708 2486 καθ’

286 2511 334 2553 ὃν
360 2509 475 2561 οὗτος
496 2514 611 2566 ἐβίω,
642 2510 895 2553 Ἀναστασίου
916 2509 1057 2565 ἥπτετο
1074 2515 1144 2564 τῆς
1164 2513 1362 2564 βασιλείας
1381 2511 1448 2552 καὶ
1464 2510 1537 2564 τήν
1552 2508 1707 2552 Ἰουστί-

286 2595 359 2619 νου
381 2579 582 2632 ἔπεραίου,
612 2581 760 2631 μετρῶν
779 2579 844 2619 καὶ
863 2581 934 2619 τοῦ
955 2575 1037 2631 μετ’
1054 2578 1204 2620 ἐκεῖνον
1223 2575 1511 2619 Ἰουστινιανοῢ.
1564 2576 1638 2629 τήν
1665 2574 1708 2616 δὲ

287 2647 504 2698 θρησκείαν
524 2645 545 2686 ὁ
564 2642 667 2698 α’νὴρ
687 2645 787 2685 ἔοικε
809 2646 1059 2697 δεισιδαίμων
1081 2642 1201 2685 εἶναι·
1230 2644 1380 2697 σέβεται
1408 2644 1480 2697 μὲν
1505 2642 1553 2684 ταὶ
1572 2639 1707 2694 Ἑλλή-

287 2727 368 2751 νων
395 2711 460 2751 καὶ
488 2709 660 2761 θειᾶζει,
688 2708 838 2760 θειᾶζει
857 2709 900 2751 δὲ
917 2710 983 2751 καὶ
1003 2709 1049 2750 τὰ
1067 2710 1249 2763 ἡμέτερα,
1275 2708 1330 2763 μή
1351 2708 1486 2759 διδοῦς
1506 2713 1587 2757 τοῖς
1607 2704 1707 2748 εἰνα-

288 2774 545 2829 γινώσκουσιν
564 2778 606 2819 ἔκ
624 2781 695 2819 τοῦ
711 2774 856 2833 ῥᾴστου
875 2778 1084 2830 συμβαλεῖν
1101 2773 1268 2830 πότερον
1287 2773 1390 2818 οὕτω
1408 2776 1578 2829 νομίζων
1591 2769 1708 2815 θειά-
