1748 3210
585 181 661 224 DE
694 181 968 226 MENSmus
999 179 1077 225 1v.
1133 143 1143 146 “
1303 174 1306 176 ’
1488 179 1553 224 97

106 291 226 343 τόπον
255 295 594 351 ἂπομολιβοῦται,
629 296 694 338 καὶ
727 294 894 349 οὐδεμία
923 292 1000 350 ῧλη
1026 292 1099 337 οὒκ
1119 290 1388 349 ἄποτήκεται)
1424 293 1555 344 ἄλλως

106 383 148 411 τε
176 366 220 408 δὲ
245 365 417 414 πολλοὺς
444 362 541 406 εἶναι
574 364 779 418 ποταμοὺς
808 363 1052 417 ἐκκειμένους
1079 367 1135 420 τῷ
1164 361 1290 419 νότῳ,
1328 357 1384 404 ὧν
1413 363 1579 404 οὐδ’ἐν-α-

109 433 284 491 ὅρῶμεν,
329 434 468 488 καίπερ
505 431 791 489 ὑπερκειμένων
828 431 952 488 ὀρῶν,
996 435 1311 488 πλημμυροῦντα
1341 434 1399 487 τῷ
1430 431 1555 486 θέρει.

107 502 350 556 ,Εὐθυμένης
378 502 420 542 δὲ
453 498 474 541 ὃ
505 497 812 553 ΠΙασσαλιώτης
841 501 938 555 φησὶ
961 501 1196 542 διαπλεῦσαι
1218 498 1289 553 τὴν
1302 498 1556 552 Ἀτλαντικὴν

76 568 338 620 samanar,
373 570 415 619 ἐξ
445 570 591 622 ἐκείνης
622 585 663 610 τε
696 569 790 609 ι’ὁεῖν
821 567 890 608 τὸν
918 570 1067 609 Νεῖλον
1093 567 1347 623 ἐκτρέχοντα,
1381 568 1447 608 καὶ
1470 564 1556 608 τότε

108 641 263 692 μᾶλλον
293 638 536 692 ὀγκοῖ-σθαι,
567 634 663 677 ὅταν
692 635 730 677 οἶ
759 632 958 689 λεγόμενοι
985 633 1131 689 ἐτήσιοι
1166 637 1330 677 πνείυσι·
1363 633 1451 677 τότε
1480 633 1556 689 γὰρ

110 706 233 763 φησὶν
261 707 504 756 ἐξωθεῖσθαι
531 701 610 744 -ὖπὸ
639 708 720 746 τῶν
751 702 907 755 ἀνέμων
941 702 1014 755 τὴν
1050 701 1285 754 θάλατταν,
1330 701 1481 744 τούτων
1516 702 1559 743 δὲ

75 769 93 782 Q
109 774 344 827 παυομένων
372 770 593 827 ἡσυχάζειν.
659 770 782 826 γλυκὺ
815 771 858 812 δὲ
889 770 1030 823 σχεδὸν
1050 770 1096 812 τὸ
1117 774 1189 824 τῆς
1203 771 1458 825 Ἀτλαντικῆς
1475 774 1554 812 θα-

111 839 258 895 λάττης
279 839 409 897 ῧὸωρ,
444 841 509 881 καὶ
533 837 652 893 ὅμοια
671 838 720 880 τὰ
743 836 892 892 ταύτης
914 839 1042 894 θηρία
1063 845 1147 887 τοῖς
1165 842 1239 880 τοῦ
1253 839 1414 880 Νείλου.
1484 838 1556 879 ἄν·
1579 853 1616 888 p.
1642 842 1709 878 118

57 917 102 952 10
113 909 251 964 τιλέγει
279 909 322 951 δὲ
349 910 415 950 καὶ
441 905 565 963 ταύτῃ
591 911 641 964 τῇ
663 905 758 963 δόξῃ
779 904 800 947 ὃ
819 905 990 955 Σενεκὰς
1010 904 1177 963 φάσκων
1195 905 1240 947 τὸ
1259 906 1331 958 μὲν
1347 906 1470 960 γλυκὺ
1491 908 1559 948 καὶ

112 976 253 1020 λεπτὸν
279 976 388 1032 ὕδωρ
414 973 491 1017 ὕπὸ
517 979 590 1016 τοῦ
617 973 731 1029 ἡλίου
762 971 1086 1030 ἀναρπάζεσθαι,
1121 975 1187 1015 καὶ
1218 972 1382 1029 τρόποις
1413 973 1560 1015 ἅπασιν

111 1043 295 1101 ἁλμυρὰν
323 1042 420 1086 εἶναι
446 1046 580 1085 πᾶσαν
604 1041 842 1093 θάλασσαν,
878 1043 944 1084 καὶ
975 1042 1101 1096 μηδὲν
1130 1042 1280 1096 ἀληθὲς
1301 1039 1398 1082 εἶναι
1420 1046 1561 1083 τοῦτο·

111 1115 147 1155 εἲ
171 1112 249 1169 γὰρ
278 1116 394 1154 τοῦτο
424 1105 495 1166 ἦν,
535 1112 602 1153 καὶ
626 1115 683 1169 τῷ
704 1114 870 1164 χειμῶνι
900 1109 948 1151 ἂν
978 1111 1159 1151 ἐπεδίδου
1180 1108 1200 1151 ὃ
1219 1113 1388 1159 Νεῖλος,
1419 1111 1484 1151 καὶ
1506 1108 1563 1151 ξ’τι

111 1184 267 1235 μᾶλλον
286 1179 367 1237 ὅσῳ
386 1181 450 1221 καὶ
472 1179 679 1235 βιαιοτέρα
702 1177 726 1232 ἡ
749 1183 827 1219 τῶν
845 1178 999 1230 ἀνίμων
1018 1175 1142 1234 ᾳορά.
1209 1177 1265 1218 ἔτι
1289 1178 1332 1219 δὲ
1355 1179 1419 1218 καὶ
1442 1176 1563 1219 ἰλυώ-

58 1250 188 1304 15ὁης
206 1252 362 1302 μᾶλλον
384 1247 410 1301 ἢ
432 1251 602 1296 κυανοῦς
623 1248 828 1303 φαίνεται,
863 1243 957 1301 ὅπερ
979 1243 1189 1301 ἀλλότριον
1208 1247 1440 1286 θαλαττίων
1460 1244 1564 1287 ὑδά-

111 1333 205 1358 των.
271 1315 372 1370 μεθ’
405 1309 461 1357 ὧν
491 1315 685 1370 Διογένης
711 1311 1066 1367 ὃἈπολλωνιάτης
1087 1314 1185 1369 φησὶ
1207 1317 1279 1354 τοῦ
1295 1311 1407 1366 ἡλίου
1431 1311 1564 1369 ἁρπά-

114 1386 248 1436 ζοντος
279 1383 351 1438 τὴν
380 1379 581 1439 ὑγρότητα
610 1383 799 1424 ἕλκεσθαι
826 1379 904 1422 ὑπὸ
930 1385 1001 1435 τῆς
1027 1384 1152 1436 ξηρᾶς
1172 1380 1241 1422 τὸν
1263 1383 1411 1423 Νεῖλον
1433 1381 1474 1422 ἒκ
1494 1385 1566 1435 τῆς

112 1450 340 1506 θαλάττης*
378 1449 640 1506 σηραγγώδης
654 1449 730 1506 γὰρ
754 1449 857 1491 κατὰ
875 1447 996 1506 φύσιν
1013 1446 1253 1504 ὑπάρχουσα
1273 1450 1339 1489 καὶ
1357 1450 1566 1505 διατετρη-

113 1520 211 1574 μένη
234 1519 335 1561 ἕλκει
355 1518 456 1575 πρὸς
477 1517 621 1572 ἑαυτὴν
643 1518 688 1560 τὸ
707 1515 850 1573 ὑγρόν,
887 1518 952 1558 καὶ
973 1515 1054 1573 ὅσῳ
1076 1520 1231 1569 μᾶλλον
1253 1517 1446 1573 ξηροτέρα
1468 1515 1493 1570 ἦ
1515 1520 1567 1571 γῆ

57 1592 188 1642 Ξθτῆς
214 1585 423 1643 Αἰγύπτου
432 1618 445 1637 ,
501 1584 679 1643 τοσούτῳ
717 1586 837 1626 πλέον
876 1584 976 1626 ἕλκει
1012 1584 1114 1640 πρὸς
1139 1582 1284 1638 ἑαυτὴν
1315 1584 1389 1638 τὴν
1414 1586 1565 1634 νοτίδα,

112 1653 300 1713 καθάπερ
334 1654 380 1697 τὸ
414 1653 545 1696 ἔλαιον
576 1655 638 1696 ἐπὶ
669 1656 749 1695 τῶν
784 1650 937 1707 λύχνων
966 1653 1087 1694 ἐκεῖσε
1120 1652 1238 1694 πλέον
1263 1650 1372 1710 ὁρμᾷ
1395 1650 1472 1707 ὅπῃ
1498 1653 1565 1693 καὶ

114 1725 341 1766 δαπανᾶται
373 1720 451 1764 ὕπὸ
487 1726 560 1765 τοῦ
591 1720 730 1779 πυρός.
798 1719 818 1762 ὃ
854 1722 897 1762 δὲ
918 1718 1140 1777 “Ηρόδοτος
1166 1719 1276 1775 παρὰ
1305 1718 1465 1762 πάντων
1486 1723 1566 1761 τῶν

115 1795 306 1845 ποταμῶν
330 1791 453 1833 ἕλκειν
472 1790 542 1833 τὸν
564 1789 677 1845 ἣλιον
696 1788 742 1832 τὸ
760 1786 883 1845 ὖγρόν
904 1806 1004 1846 φησι
1025 1787 1097 1843 τὴν
1119 1785 1329 1846 πρόσγειον
1350 1785 1467 1830 νότου
1491 1786 1565 1839 ζώ-

205 1908 228 1942 4
251 1874 469 1952 Εὐθυμὲἶης
492 1908 537 1942 V.
685 1908 708 1942 9
732 1905 780 1941 τὰ
803 1906 906 1953 vulgo
930 1918 996 1941 om.
1148 1907 1190 1940 18
1215 1904 1278 1939 καὶ
1301 1903 1566 1949 διατετρημένη

204 1951 427 1998 ὑπάρχουσα
449 1955 492 1988 Ρ.

108 2059 256 2102 'gentum
275 2059 388 2090 autem
406 2054 443 2089 in
462 2054 520 2089 illa
536 2054 680 2098 regione
697 2053 951 2099 replumbatur‚
972 2055 1008 2086 et
1025 2051 1117 2087 nulla
1133 2063 1203 2086 non
1219 2052 1365 2086 materia
1381 2051 1567 2096 liquescit)

118 2100 241 2136 multos
264 2106 448 2146 praeterea
470 2112 547 2134 esse
570 2099 696 2133 fluvios
721 2099 898 2144 expositos
920 2099 1038 2140 Noto,
1075 2109 1218 2150 quorum
1247 2098 1373 2131 nullum
1396 2097 1567 2140 videmus,

143 2158 312 2191 uunquam
342 2147 432 2190 [sic]
467 2145 688 2190 superiacent
719 2150 852 2178 montes
865 2170 875 2188 ‚
914 2144 975 2188 qui
1011 2143 1111 2177 fluwi
1152 2148 1284 2177 aestate
1318 2142 1565 2177 intumescunt.

117 2158 356 2235 {luthymenes
385 2198 499 2225 autem
525 2189 754 2225 Massiliensis
777 2201 816 2224 se
840 2189 1025 2234 navigasse
1049 2187 1134 2222 dicit
1159 2188 1366 2222 Atlanticum
1387 2199 1500 2230 mare,
1529 2193 1567 2221 et

118 2237 201 2271 inde
222 2237 355 2271 vidisse
377 2236 495 2270 Nilum
513 2242 769 2279 excurrentem,
801 2235 861 2280 qui
880 2240 963 2268 tunc
985 2234 1130 2267 maxime
1151 2233 1358 2267 intumescat
1379 2245 1454 2267 cum
1475 2233 1566 2267 Ete-

119 2282 195 2317 siae
213 2282 273 2327 qui
290 2282 450 2316 dicuntur
469 2281 620 2326 spirant:
649 2287 731 2315 tunc
754 2280 844 2315 enim
867 2280 918 2314 ait
939 2279 1020 2314 eiici
1038 2291 1058 2313 a
1082 2279 1196 2312 ventis
1220 2291 1334 2320 mare3
1361 2279 1486 2324 quibus
1506 2289 1565 2312 re-

119 2327 314 2363 sidentibus
341 2327 494 2372 quietum
521 2327 596 2360 fiat.
643 2326 750 2360 dulcis
782 2331 895 2360 autem
925 2337 1035 2371 prope
1063 2323 1228 2358 Atlantici
1257 2323 1361 2358 maris
1388 2335 1496 2368 aqua,
1530 2328 1566 2357 et

121 2372 251 2408 similes
272 2372 347 2407 eius
367 2371 492 2406 beluae
511 2371 688 2408 Niloticis.
736 2371 934 2416 obloquitur
963 2377 1077 2404 autem
1108 2369 1187 2402 huic
1215 2380 1351 2414 quoque
1371 2368 1568 2402 sententiae

122 2418 276 2462 Seneca,
314 2417 433 2452 dicens
457 2429 580 2463 aquam
605 2418 737 2452 dulcem
755 2430 796 2451 ac
814 2417 927 2451 levem
950 2428 971 2450 a
997 2415 1069 2449 sole
1094 2415 1202 2459 arripi
1223 2419 1259 2448 et
1276 2414 1386 2449 modis
1410 2413 1568 2447 omnibus

123 2463 249 2498 salsum
268 2475 346 2498 esse
367 2474 466 2497 omne
487 2475 601 2507 mare,
633 2469 670 2497 et
692 2462 777 2497 nihil
802 2474 922 2496 verum
945 2462 1029 2495 hoc:
1067 2461 1097 2495 si
1119 2461 1208 2493 euim
1230 2460 1295 2493 hoc
1317 2463 1431 2502 esset,
1465 2458 1569 2492 etiam

123 2508 237 2543 hieme
254 2509 466 2543 redundaret
481 2509 596 2552 Nilus,
617 2508 722 2554 idque
746 2520 787 2542 eo
805 2507 915 2552 magis
934 2519 1001 2552 quo
1020 2505 1259 2540 vehementior
1275 2510 1457 2538 ventorum
1476 2507 1571 2547 esset

124 2554 286 2600 impetus.
330 2554 399 2588 iam
429 2565 514 2588 vero
550 2555 653 2588 etiam
683 2554 793 2599 magis
825 2553 984 2588 turbidus
1008 2563 1109 2596 quam
1130 2549 1308 2585 caeruleus
1333 2554 1499 2594 apparet,
1530 2548 1568 2582 id

125 2599 219 2646 quod
241 2598 407 2634 abhorret
426 2601 470 2635 ab
494 2599 593 2647 aquis
611 2599 765 2634 marinis.
814 2610 888 2634 cum
906 2598 1031 2642 quibus
1056 2597 1234 2641 Diogenes
1255 2594 1492 2640 Apolloniates
1517 2594 1569 2628 ait

126 2643 199 2679 sole
217 2644 391 2679 humorem
407 2645 452 2679 ad
470 2657 509 2680 se
525 2645 685 2700 rapiente
700 2645 820 2680 Nilum
843 2657 864 2679 a
884 2643 1008 2678 tellure
1026 2642 1199 2677 exsiccata
1221 2653 1241 2675 e
1263 2640 1350 2674 mari
1370 2639 1469 2674 duci:
1493 2650 1568 2674 cum

116 2689 218 2724 'enim
247 2693 371 2724 natura
396 2689 524 2725 rimosa
549 2695 596 2726 sit
624 2695 661 2726 et
687 2692 888 2737 perforata,
920 2690 964 2724 ad
990 2700 1029 2722 se
1052 2687 1196 2722 attrahit
1218 2686 1413 2729 humorem,
1438 2690 1475 2720 et
1499 2695 1568 2730 quo

127 2734 259 2769 aridior
286 2740 341 2768 est
366 2739 462 2769 terra
490 2736 660 2782 Aegypti,
683 2747 725 2771 eo
749 2736 884 2782 plenius
906 2736 950 2769 ad
969 2746 1007 2768 se
1025 2733 1166 2768 adducit
1183 2733 1375 2775 humorem,
1398 2735 1438 2765 ut
1458 2729 1568 2765 oleum

127 2779 165 2814 in
185 2780 334 2814 lucernis
354 2779 464 2815 fusius
487 2781 546 2815 illo
567 2782 648 2816 fluit
662 2782 724 2816 ubi
745 2787 782 2816 et
803 2780 959 2816 exuritur
977 2781 1020 2814 ab
1038 2779 1133 2823 igne.
1170 2778 1370 2811 Herodotus
1392 2782 1505 2811 autem
1525 2787 1569 2810 ex

129 2825 286 2860 omnibus
302 2825 499 2861 fluminibus
518 2827 658 2863 trahem
677 2827 783 2863 solem
801 2827 977 2861 humorem
995 2824 1099 2870 dicit,
1122 2835 1197 2859 cum
1217 2833 1337 2857 zonam
1357 2821 1444 2857 Noti
1465 2821 1514 2866 (i.
1534 2833 1567 2856 e.

187 2877 331 2913 Ioannes
357 2877 483 2923 hydas.
1269 2872 1296 2908 7
