1748 3210
273 189 367 234 156
791 191 1008 236 IOANNIS
1040 192 1172 237 LYDI

268 306 366 345 στοῦ
395 301 506 353 ἔτους
532 307 610 346 τῶν
640 300 800 346 ὑπάτων
828 305 890 345 ἐπὶ
912 302 1149 358 πεντήκοντα
1163 304 1366 358 ἐνιαυτούς
1373 339 1387 360 ,
1414 309 1507 351 ποτὲ
1523 310 1595 362 μὲν
1609 326 1678 364 χι-

264 369 442 426 λιάρχων
470 372 562 412 ποτὲ
594 372 636 412 δὲ
667 372 960 423 μεσοβασιλέων
987 374 1337 428 προβαλλομένων,
1369 377 1596 432 ἐθορυβεῖτο
1625 378 1676 418 τὰ

268 437 495 493 πράγματα.
547 436 634 478 τότε
656 438 872 493 σιτηρέσιον
888 438 932 479 τὸ
952 437 1139 492 δημόσιον
1155 444 1308 495 πρῶτον
1323 449 1403 491 τοῖς
1420 442 1677 498 στρατιώταις

268 505 500 545 ἐπιδέδωκεν
518 502 751 558 ὡρισμένον,
785 504 830 546 τὸ
853 507 944 562 πρὶν
964 504 1128 555 ἑαυτοὺς
1145 507 1430 563 ἀποτρέφουσιν
1448 511 1494 555 ἐν
1505 510 1677 566 πολέμῳ.

266 569 380 613 ἔνθεν
408 570 598 626 ἀναρχίαν
626 570 864 626 ἐδυστύχησε
890 573 935 613 τὸ
963 574 1177 627 πολίτευμα
1207 574 1267 614 ἐπὶ
1301 575 1487 630 πενταετῆ
1513 575 1708 632 χρόνον·5

266 639 332 678 καὶ
363 635 482 678 πάλιν
514 636 680 689 ὕπατοι,
715 637 796 680 εἶτα
828 639 1066 695 ἀγορανόμοι
1093 641 1346 697 τέσσαρες-ἔκ
1367 639 1447 683 τῶν
1467 645 1677 699 πατρικίων

265 705 332 745 καὶ
352 705 490 756 ταμιάι
510 702 580 746 δύο
601 707 667 746 καὶ
687 707 862 761 πραίτωρ
882 707 1029 761 ἕτερος·
1063 710 1127 750 καὶ
1148 707 1265 749 πάλιν
1283 706 1303 748 ὅ
1326 709 1451 762 δῆμος
1463 711 1678 766 προεχειρί-

264 786 364 812 σατο
386 771 496 832 πέντε
513 772 584 824 μὲν
605 771 891 822 οἰωνοσκόπους
909 775 1106 830 τέσσαρας
1125 776 1167 816 δὲ
1187 773 1432 831 ἱεροφάντας.
1474 774 1594 820 {nid-⁸?
1607 781 1678 818 τοῦ

263 838 397 893 τρίτου
429 831 493 878 καὶ
522 837 734 891 ἑξηκοστοῦ
760 842 826 880 καὶ
851 842 1122 884 διακοσιοστοῧ
1145 847 1223 883 τιῦν
1241 841 1402 884 ὑπάτων
1423 841 1534 892 ἔτους
1552 842 1680 897 ἕτερος

262 903 496 960 προεβλήθη
519 906 719 961 πραίτωρ,
754 905 852 948 ὥστε
872 915 953 957 τοῖς
978 909 1098 958 ξένοις
1119 910 1284 950 διαιτᾶν.
1350 909 1419 950 τὸν
1442 909 1483 950 δ’
1506 908 1680 951 ἐνιαυτὸν
1690 918 1732 952 10

265 972 303 1013 οἱ
328 973 546 1028 πραίτωρες
569 973 631 1013 ἐπὶ
656 977 727 1026 τῆς
752 974 879 1030 ἀρχῆς
906 975 952 1016 οὖ
984 976 1232 1030 παρέβαινον.
1300 975 1392 1031 ι’ίχρι
1413 976 1456 1017 δὲ
1476 977 1681 1031 Καίσαρος

263 1037 406 1080 ὕπατοι
428 1039 500 1091 μὲν
519 1039 570 1080 τὰ
589 1045 667 1082 τῶν
688 1042 869 1094 πολέμων
878 1073 892 1093 ,
924 1043 976 1084 τὰ
1005 1043 1047 1083 δὲ
1073 1043 1162 1085 κατ’
1188 1041 1293 1085 οἶκον
1314 1043 1352 1084 οἱ
1373 1044 1564 1084 πολιτικοὶ
1586 1041 1682 1100 διῴ-

263 1123 390 1159 κησαν
414 1105 613 1160 ἄρχοντες.
817 1120 823 1135 ¹

396 1170 475 1217 46.
543 1171 613 1229 Τῷ
639 1173 802 1229 πέμπτῳ
829 1174 894 1215 καὶ
913 1172 1110 1230 ἑξηκοστῷ
1131 1177 1195 1217 καὶ
1217 1180 1501 1234 τριακοσιοστῷ
1517 1180 1588 1229 τῆς
1605 1172 1682 1217 πό-

261 1243 361 1287 λεως
387 1237 481 1289 ἔτει,
515 1241 698 1281 Λουκίου
727 1242 768 1280 Γ
765 1242 938 1282 ενουκίου
971 1243 1036 1283 καὶ
1068 1243 1238 1283 Κοΐντου
1269 1245 1476 1298 Σερβιλιόυ
1505 1241 1679 1293 ὑπάτων,
1692 1249 1734 1284 15

259 1304 535 1356 πολεμούντων
564 1309 705 1359 Βη·ι’·οις
734 1313 816 1355 τοΐς
842 1308 985 1361 γείτοσι
1016 1311 1094 1348 τῶν
1113 1306 1346 1360 (Ρωμαίων,
1381 1307 1530 1363 ἀνάγκη
1551 1310 1680 1364 γέγονε

258 1372 316 1425 μὴ
341 1373 568 1428 διαθερίσαι
590 1372 711 1426 μόνον
733 1374 834 1414 ἀλλὰ
855 1373 935 1427 μὴν
956 1375 1022 1414 καὶ
1049 1373 1300 1428 διαχειμάσαι
1322 1375 1455 1424 αὐτοῖς
1474 1375 1584 1431 παρὰ
1600 1382 1682 1425 τοῖς

258 1440 472 1491 πολεμίοις.
539 1437 626 1482 τότε
657 1445 813 1496 πρῶτον
844 1442 1039 1495 διωρίσθη
1069 1448 1150 1490 τοῖς
1181 1440 1441 1497 στρατιώταις
1466 1449 1682 1497 παρασχεῖν

258 1505 304 1547 τὸ
328 1504 518 1559 δημόσιον
538 1509 602 1547 καὶ
625 1505 721 1562 ὑπὲρ
740 1509 863 1548 ἵππου
889 1507 1066 1560 δαπάνης
1089 1508 1139 1549 τὰ
1162 1507 1350 1563 λεγόμενα
1374 1507 1540 1550 καπιτά·
1577 1508 1681 1551 οὕτω

259 1573 304 1613 δὲ
338 1572 430 1621 τοὺς
463 1573 540 1614 ἀπὸ
570 1573 730 1629 ῥάβδων
764 1575 950 1630 κοφίνους
973 1573 1182 1626 ἐκάλεσαν,
1211 1575 1288 1616 ἀπὸ
1310 1579 1381 1617 τοῦ
1403 1574 1544 1632 κάπερε
1563 1576 1734 1618 οἵονεὶ20

256 1646 412 1694 χωρεῖν.
478 1639 592 1681 ἔνθεν
624 1639 932 1695 ὑποκοριστικῶς
957 1641 1007 1682 τὰ
1034 1639 1221 1695 λεγόμενα
1253 1641 1486 1684 καπιτούλια
1507 1644 1682 1698 πατρίως

259 1706 297 1746 οἱ
317 1704 510 1759 “Ρωμαῖοι
540 1706 786 1760 ὀνομάζουσι.
852 1712 924 1748 τοῦ
947 1709 989 1749 δὲ
1019 1706 1145 1762 δήμου
1164 1709 1354 1751 ἀνέκαθεν
1371 1710 1679 1764 στρατευομένου

257 1772 425 1824 παντός,
453 1776 630 1816 συνεῖδον
658 1773 876 1830 ὡρισμένην
896 1777 961 1816 καὶ
983 1775 1148 1831 εὐτρεπῆ
1169 1775 1449 1830 συστήσασθαι
1471 1775 1679 1831 βοήθειαν,

347 1912 393 1947 12
415 1910 504 1956 μὲν]
527 1913 557 1946 C
573 1923 632 1956 με,
655 1912 827 1947 recentior
844 1923 962 1947 manus
978 1911 1207 1957 μετήρχοντο.
1360 1913 1402 1950 15
1424 1914 1525 1959 vulgo
1546 1916 1679 1949 Γενου-

345 1957 448 1991 κτίου
469 1962 505 1992 et
525 1957 706 1993 Κοΐνθου.

256 2079 374 2123 ginta,
403 2080 501 2113 modo
531 2079 677 2114 tribunis
706 2080 906 2114 militaribus
936 2081 1035 2114 modo
1060 2081 1288 2124 interregibus
1313 2081 1457 2124 creatis,
1478 2083 1679 2126 perturbata

257 2130 312 2157 est
348 2135 403 2157 res
442 2125 589 2168 publica.
635 2131 704 2158 tum
733 2126 841 2169 primo
870 2125 1051 2164 militibus,
1089 2125 1148 2168 qui
1177 2132 1277 2158 antea
1305 2127 1348 2159 de
1372 2137 1434 2159 suo
1460 2138 1499 2159 se
1524 2126 1563 2158 iu
1588 2126 1677 2159 bello

255 2173 551 2213 sustentaverant,
586 2176 713 2203 certum
742 2170 947 2214 stipendium
969 2182 988 2203 e
1012 2170 1147 2215 publico
1168 2171 1295 2204 datum.
1342 2170 1466 2204 deiude
1486 2171 1677 2214 quinquen-

255 2214 347 2247 nium
372 2214 539 2247 afflictata
558 2214 699 2257 civitas,
722 2215 877 2260 principe
896 2227 1033 2255 carens3
1054 2215 1244 2259 iterumque
1261 2215 1436 2259 consules,
1459 2227 1499 2248 ac
1515 2215 1678 2259 deinceps

254 2263 417 2302 quattuor
439 2259 586 2301 aediles,
619 2260 685 2292 duo
707 2271 864 2294 censores
887 2260 1041 2304 alterque
1061 2267 1199 2304 praetor
1221 2273 1240 2293 e
1264 2260 1417 2304 patriciis
1438 2259 1567 2303 creati3
1598 2271 1677 2293 rur-

254 2314 382 2347 susque
414 2303 511 2347 plebs
546 2303 694 2348 quinque
723 2316 867 2349 augures
895 2310 930 2338 et
963 2310 1123 2350 quattuor
1145 2305 1324 2349 pontifices
1355 2305 1542 2338 constituit.
1587 2315 1676 2338 anno

254 2354 367 2381 autem
394 2359 415 2380 a
435 2348 611 2381 consulatu
637 2350 865 2383 ducentesimo
896 2351 1107 2393 sexagesimo
1136 2350 1238 2382 tertio
1268 2350 1353 2382 alter
1375 2355 1514 2393 praetor
1541 2354 1676 2383 creatus

256 2398 329 2435 est,
351 2393 410 2437 qui
432 2393 623 2438 peregrinis
647 2394 700 2427 ius
723 2395 865 2429 diceret.
912 2406 1032 2428 annum
1057 2400 1232 2439 praetores
1256 2394 1292 2427 in
1309 2394 1509 2437 magistratu
1527 2405 1597 2427 non
1615 2405 1675 2426 ex-

255 2438 437 2471 cedebant.
483 2439 526 2472 ad
554 2439 735 2472 caesarem
768 2451 851 2473 vero
882 2451 990 2484 usque
1013 2451 1069 2473 res
1093 2439 1232 2473 bellicas
1264 2438 1438 2482 consules,
1474 2438 1677 2472 domesticas

254 2482 374 2516 civiles
396 2482 610 2527 magistratus
631 2484 920 2518 administrarunt.

343 2528 400 2561 46.
446 2529 542 2562 Anno
573 2528 667 2562 urbis
701 2530 939 2562 trecentesimo
969 2529 1179 2573 sexagesimo
1211 2528 1350 2572 quinto,
1385 2527 1427 2561 L.
1455 2527 1610 2561 Genucio
1641 2530 1677 2560 et

253 2572 300 2611 Q.
321 2572 470 2606 Servilio
491 2573 703 2615 consulibus,
726 2574 888 2607 Romanis
909 2575 1072 2609 adversus
1095 2574 1200 2607 Veios
1223 2573 1354 2606 vicinos
1376 2572 1500 2606 bellum
1521 2571 1673 2615 gerenti-

254 2619 318 2650 bus
338 2629 477 2652 necesse
494 2618 561 2652 fuit
577 2629 644 2651 non
662 2619 832 2652 aestivare
852 2624 979 2652 tantum
992 2645 1000 2661 ‚
1025 2620 1087 2652 sed
1109 2623 1144 2652 et
1167 2617 1316 2651 hiemare
1337 2618 1428 2662 apud
1447 2618 1583 2651 hostes:
1602 2621 1673 2667 tum

253 2662 362 2705 primo
392 2668 553 2697 statutum
574 2669 612 2696 ut
634 2663 795 2697 militibus
819 2664 919 2696 etiam
947 2665 989 2697 ad
1014 2675 1134 2707 equum
1161 2663 1336 2705 alendum,
1370 2673 1457 2706 quae
1485 2660 1598 2705 capita
1617 2661 1672 2693 dx-

253 2713 376 2741 cuntur
409 2708 482 2750 (sic
503 2712 614 2742 autem
637 2710 757 2742 corbes
781 2708 944 2742 vimineas
966 2710 1137 2742 vocabant
1162 2719 1182 2741 a
1203 2709 1309 2741 verbo
1330 2717 1467 2750 capere,
1498 2706 1588 2739 unde
1618 2704 1672 2756 fn·

250 2751 418 2787 minutiva
447 2765 534 2787 voce
557 2753 719 2797 capitulis,
745 2753 857 2797 patrio
883 2764 1039 2787 sermone
1064 2752 1208 2787 Romani
1231 2751 1450 2796 appellunt),
1475 2751 1519 2784 de
1536 2748 1672 2794 publico

249 2799 519 2842 praeberentur3
541 2809 682 2844 cumque
702 2798 783 2835 inde
806 2799 849 2834 ab
870 2797 969 2833 initio
989 2798 1134 2844 populus
1151 2797 1332 2832 universus
1348 2795 1538 2839 militasset,
1559 2798 1672 2828 certas
