1748 3210
225 174 320 222 334
739 175 956 220 IOANNIS
994 176 1125 219 LYDI

224 289 508 345 ἀγρυπνοῦντες
536 282 810 342 λυπηρότατοι.
879 288 944 328 καὶ
971 285 990 328 ὅ
1021 289 1091 341 μὲν
1117 286 1265 341 ἄμητος
1285 287 1459 344 ἁγαθός,
1492 294 1575 340 τοῖς
1595 291 1639 332 δὲ

223 355 378 410 κτήνεσι
410 353 558 407 λοιμός.
625 357 658 394 εἲ
681 355 722 394 δὲ
742 352 916 409 νύκτωρ,
942 359 1102 409 καρπῶν
1121 355 1192 408 μὲν
1211 355 1379 408 ἔνδειαν,
1408 356 1573 406 ὓετῶδες
1596 358 1639 397 δὲ

222 425 288 464 καὶ
315 423 542 476 χαλαζῶδες
569 419 614 461 τὸ
643 420 802 476 θερινὸν
834 420 1080 474 κατάστημα.
1149 421 1350 474 ἄμβλωσίς
1376 441 1417 465 τε
1449 428 1639 478 γυναικῶν

222 488 486 542 συμβήσεται,
519 487 586 527 καὶ
611 485 655 528 τὸ
681 486 865 541 νόστιμον
894 487 1002 544 ὕδωρ
1037 488 1244 541 ἐπιλείψει·
1288 490 1354 529 καὶ
1379 488 1543 543 κινήσεις
1568 491 1638 543 μὲν

220 551 525 610 στρατευμάτων
541 555 733 610 λυπηραί,
765 560 815 611 τῇ
833 556 875 597 δὲ
895 555 1064 611 ἀνατολῇ
1080 553 1270 611 τύραννος
1285 555 1355 597 οὒκ
1376 555 1538 610 εὐτυχὴς
1554 559 1670 599 ἔνο-5

217 619 367 675 χλήσει.
1442 652 1444 655 .

353 684 581 741 Σελήνης
627 686 788 742 οὔσης
832 687 1075 742 διδύμοις
1119 691 1151 730 εἰ
1191 689 1230 731 ἓν
1269 687 1411 747 ἡμέρα
1428 685 1639 745 βροντήσῃ,

220 755 512 806 θεοσεβέστατα
530 754 639 796 ἔσται
661 756 711 796 τὰ
731 754 860 796 κοινά·
896 758 930 797 εἰ
952 757 994 796 δὲ
1015 757 1055 796 ἐν
1076 757 1205 806 νυκτί,
1238 757 1289 797 τὰ
1306 755 1472 797 ἐναντία.

353 820 593 875 Σελήνης
626 821 780 875 οὔσης
813 824 1033 879 καρκίνῳ
1068 824 1101 864 εἲ
1132 824 1172 864 ἒν
1200 821 1329 880 ἡμέρᾳ
1357 821 1504 877 βροντὴ
1529 821 1643 876 γε’νη-

221 905 287 930 ται
316 889 381 928 καὶ
409 887 526 944 νεκρὰ
552 890 751 942 συμβαίη,
785 891 956 943 ταραχαὶ
979 895 1060 938 τοῖς
1085 896 1225 938 κοινοῖς
1246 888 1473 944 πράγμασιν
1489 887 1643 930 ἔσονται
1654 895 1696 930 10

222 956 465 1007 καινοτομίαι
494 971 534 996 τε
571 957 673 1006 [τοῖς
702 953 948 1010 πράγμασιν]
987 957 1048 996 ἐπὶ
1079 957 1123 997 τὸ
1150 963 1294 1011 χεῖρον.
1362 955 1400 997 οἶ
1430 954 1472 996 δὲ
1500 956 1643 1009 καρποὶ

220 1020 450 1074 ψεύσονται.
517 1021 619 1062 ἀλλὰ
650 1021 728 1075 μὴν
756 1024 822 1063 καὶ
854 1020 878 1075 ἦ
910 1020 1101 1064 θάλασσα
1123 1029 1205 1071 τοῖς
1227 1022 1538 1074 ναυτιλλομένοις
1557 1021 1644 1063 ὄλε-

220 1089 322 1143 θρία
340 1087 446 1129 ἔσται
456 1118 470 1138 ,
503 1090 569 1129 καὶ
590 1088 730 1144 φθορὰ
749 1090 821 1141 μὲν
841 1088 1085 1143 ἀνθρώπων,
1120 1089 1297 1144 ἀφθονία
1318 1090 1360 1130 δὲ
1378 1087 1542 1141 ἰχθύων.
1610 1089 1644 1128 εἷ
1699 1109 1701 1112 ·

222 1156 267 1195 δὲ
294 1156 423 1204 νυκτί,
457 1156 637 1207 Αἰθίοψι
658 1156 722 1195 καὶ
742 1156 919 1210 Πέρσαις
938 1154 1106 1210 ὄλεθρος
1130 1154 1337 1208 ἓνσκήψει·
1369 1155 1420 1196 τὰ
1440 1155 1484 1196 δὲ
1504 1154 1642 1196 δυτικὰ

221 1218 347 1269 οὕτως
365 1218 524 1272 λιμῶξει
544 1218 598 1269 ὡς
615 1223 681 1262 καὶ
697 1223 750 1269 εἷς
765 1222 968 1275 Αἴγυπτον
991 1221 1047 1262 δι’
1069 1220 1216 1262 ἔνδειαν
1236 1227 1486 1276 καταφυγεῖν.
1654 1225 1697 1260 15

354 1285 581 1341 Σελήνης
613 1286 768 1341 οὔσης
803 1288 970 1329 λέοντι
1010 1288 1077 1328 ἐὰν
1110 1288 1279 1342 βροντὴν
1313 1289 1354 1328 ἓν
1384 1286 1512 1344 ἡμέρᾳ
1540 1286 1643 1340 γενέ·-

220 1358 321 1395 σθ·αι
363 1355 563 1408 συμβαίη,
611 1354 728 1395 δόλον
765 1355 866 1395 κατὰ
908 1359 979 1407 τῆς
1013 1356 1215 1407 βασιλείας
1243 1358 1487 1406 μελετᾶσθαι
1521 1355 1647 1405 δηλοῖ.

221 1422 427 1474 καινισμοί
453 1437 494 1462 τε
524 1419 650 1462 νόσων
678 1421 853 1471 ἔσονται,
887 1423 953 1462 καὶ
978 1419 1150 1462 θάνατοι
1168 1426 1238 1462 τοῦ
1260 1419 1440 1474 πλήθους
1461 1421 1502 1460 ἐκ
1524 1435 1648 1472 τιμω-

218 1492 329 1542 ριῶν.
396 1489 461 1528 καὶ
480 1485 499 1528 ὃ
520 1489 591 1541 μὲν
611 1488 761 1541 ἄμητος
781 1487 962 1544 ἄφθονος
979 1487 1086 1529 ἔσται
1097 1519 1109 1538 ,
1142 1486 1220 1528 ὑπὸ
1250 1488 1293 1529 δὲ
1317 1487 1510 1540 πολεμίων
1531 1487 1646 1541 διαρ-

218 1553 462 1608 παγήσονται
472 1585 485 1604 ,
519 1557 584 1596 καὶ
603 1553 871 1611 διαφερόντως
888 1554 990 1596 κατὰ
1008 1555 1052 1597 τὸ
1073 1553 1242 1596 δυτικόν.
1307 1551 1589 1606 κατισχύσουσί
1601 1569 1642 1594 τε
1652 1559 1698 1593 20

218 1622 287 1662 καὶ
320 1619 574 1673 ἀδικήσουσιν
605 1622 641 1662 οἳ
667 1620 917 1677 ὑπερέχοντες
942 1622 987 1663 τὸ
1017 1620 1203 1674 ὑπήκοον.
1270 1623 1304 1662 εἷ
1327 1622 1370 1662 δὲ
1392 1618 1551 1670 νυκτός,
1577 1621 1644 1660 καὶ

220 1686 345 1737 οὕτως
366 1685 392 1741 ἦ
411 1689 594 1740 βασιλεία
612 1687 1006 1742 ἕπιβουλευθήσεται,
1041 1690 1106 1728 καὶ
1126 1689 1246 1743 μέρος
1262 1693 1333 1742 τῆς
1355 1688 1548 1740 ἀνατολῆς
1565 1684 1643 1727 ὑπὸ

310 1816 354 1850 10
375 1813 436 1848 καὶ
456 1810 565 1857 νεκρὰ
586 1813 741 1859 συμβαίη
761 1825 814 1848 om
831 1815 876 1848 R.
988 1813 1031 1848 14
1053 1811 1092 1847 δ’
1116 1811 1155 1847 ἐν
1176 1824 1208 1847 ν.
1231 1814 1276 1847 R.
1388 1812 1430 1848 15
1453 1823 1505 1856 φυ
1529 1813 1580 1846 εἴν
1598 1813 1642 1855 R,

307 1856 521 1939 ἷιέἴοὸφυγήν
551 1859 595 1894 C.
797 1860 840 1894 18
875 1858 959 1893 fort.
994 1858 1062 1903 leg.
1095 1857 1227 1902 νόμων.
1273 1857 1320 1891 Η.
1501 1824 1645 1892 ἔσονται

217 2014 332 2048 ritimo
368 2025 506 2058 operam
537 2013 638 2056 dant,
667 2012 953 2047 aerumnosissimi
976 2018 1088 2048 erunt.
1132 2013 1252 2047 messis
1277 2013 1386 2054 bona,
1419 2011 1480 2045 sed
1495 2009 1646 2044 iumenta

218 2059 326 2103 pestis
345 2059 496 2091 invadet.
541 2059 595 2091 sin
613 2064 733 2101 noctu,
757 2059 893 2101 frugum
910 2059 1106 2102 penuriam,
1128 2058 1255 2091 caelum
1271 2067 1431 2099 vernum,
1454 2055 1643 2099 pluviosum

219 2110 256 2137 et
273 2103 513 2147 grandinosum
533 2102 716 2146 significat.
762 2103 919 2135 mulieres
938 2105 1093 2136 abortum
1117 2103 1266 2145 facient,
1290 2108 1324 2135 et
1344 2111 1432 2145 aqua
1453 2099 1560 2133 dulcis
1582 2100 1643 2132 de·

218 2148 332 2182 ficiet:
374 2152 539 2190 eruntque
572 2147 707 2180 molesti
739 2147 948 2181 exercituum
977 2154 1106 2191 motus,
1139 2154 1175 2181 et
1198 2154 1361 2190 tyrannus
1392 2145 1528 2179 minime
1561 2143 1644 2179 felix

218 2193 397 2227 Orientem
422 2190 574 2224 vexabit.

307 2238 336 2270 L
350 2248 430 2270 una
462 2235 672 2279 geminis,
702 2236 734 2270 si
760 2236 911 2271 interdiu
932 2237 1103 2280 tonuerit,
1135 2236 1392 2281 religiosissima
1415 2234 1483 2268 erit
1503 2233 1644 2267 civitam

218 2283 272 2317 sin
294 2288 414 2323 noctu,
441 2285 571 2314 contra.

308 2327 431 2362 Luna
455 2336 636 2368 cancro⁷
661 2325 692 2359 si
710 2324 858 2359 interdiu
876 2326 1060 2359 tonitruum
1079 2330 1264 2359 emortuum
1284 2326 1410 2359 factum
1427 2322 1550 2366 fuerit,
1569 2326 1643 2355 tur-

218 2373 283 2406 bae
304 2372 340 2404 in
359 2383 398 2404 re
421 2370 556 2414 publica
578 2370 681 2413 fient,
716 2381 897 2414 rerumque
922 2371 958 2404 in
982 2371 1131 2415 peiorem
1155 2376 1286 2415 partem
1308 2368 1523 2402 mutationes.
1568 2367 1643 2399 fru-

220 2429 282 2461 ges
305 2428 401 2460 spem
425 2415 560 2451 fallent:
589 2426 681 2449 mare
705 2416 945 2458 navigantibus
971 2416 1150 2449 exitiosum
1181 2415 1267 2458 erit,
1295 2413 1456 2458 peribunt
1480 2410 1645 2453 homines,

220 2462 383 2495 deficient
414 2461 539 2505 pisces.
587 2460 640 2493 sin
669 2465 789 2503 noctu,
825 2460 861 2492 in
890 2460 1078 2504 Aethiopes
1109 2465 1144 2494 et
1169 2460 1294 2492 Persas
1316 2457 1486 2502 pernicies
1515 2456 1644 2490 irruet:

220 2507 461 2550 Occidensque
485 2506 571 2539 adeo
592 2505 680 2537 same
703 2510 892 2557 premetur,
927 2511 966 2539 ut
990 2505 1126 2539 inediae
1155 2515 1257 2537 causa
1279 2502 1431 2536 homines
1451 2501 1645 2545 Aegyptum

216 2563 325 2596 usque
349 2563 386 2584 se
409 2551 444 2583 in
469 2551 581 2594 fugam
605 2550 716 2583 daturi
739 2554 821 2583 smt.

307 2597 427 2629 Luna
460 2595 611 2637 leone,
642 2595 673 2627 si
694 2594 879 2627 tonitruum
899 2593 1048 2628 interdiu
1070 2593 1147 2627 fieri
1169 2591 1312 2634 accidit,
1338 2590 1480 2625 insidias
1501 2588 1643 2634 imperio

217 2641 333 2685 populi
353 2640 497 2676 Romani
518 2639 634 2684 parari
652 2639 814 2673 declarat.
862 2646 961 2672 erunt
984 2639 1092 2672 morbi
1117 2637 1323 2679 insolentes,
1347 2642 1383 2670 et
1404 2635 1527 2670 caedes
1550 2633 1643 2676 vulgi

217 2697 280 2729 per
298 2685 478 2730 supplicia.
525 2684 644 2718 messis
663 2684 803 2728 copiosa
825 2685 867 2717 ab
890 2683 1043 2717 hostibus
1064 2682 1261 2726 diripietur,
1287 2680 1471 2726 praecipue
1488 2690 1552 2724 per
1570 2679 1641 2712 Oc-

218 2730 399 2763 cidentem.
446 2730 707 2763 dominabuntur
747 2729 783 2762 in
826 2728 1053 2772 provinciales
1091 2727 1350 2771 opprimentque
1376 2736 1435 2758 eos
1461 2722 1640 2769 praefecti.

219 2775 271 2812 sin
289 2780 390 2812 noctu
398 2801 410 2820 ‚
435 2774 486 2808 sic
506 2785 642 2821 quoque
659 2773 837 2820 imperium
859 2773 975 2821 populi
999 2772 1143 2809 Romani
1166 2771 1301 2806 insidiis
1319 2774 1520 2815 appetetur,
1542 2777 1639 2813 pars-
