1748 3210
227 175 320 222 248
739 178 957 220 IOANNIS
991 178 1120 220 LYDI

360 289 436 333 55.
504 286 706 338 Τοιούτοις
737 285 907 330 κλῦὁωσι
938 291 1010 329 τοῦ
1039 286 1316 342 πολιτεύματος
1349 293 1415 334 καὶ
1446 290 1632 341 θυέλλαις

227 359 357 398 κακῶν
377 356 618 412 ῥιπιζομένου
629 386 642 405 ,
677 355 910 410 ἀντίρροπον
934 353 1157 411 προύθηκεν
1175 354 1200 406 ἦ
1220 356 1315 410 τύχη
1335 363 1405 411 τῆς
1425 357 1544 400 πάλαι
1562 358 1634 416 ῥᾳ-

226 424 377 475 θυμίας
402 423 472 474 τὴν
495 421 696 473 ἐμμέλειαν
708 421 982 463 Ἰουστινιανοῦ
990 453 1004 472 ,
1037 420 1104 462 τὸν
1123 419 1277 463 πάντων
1299 425 1488 475 βασιλέων
1512 425 1633 480 ἄγρυ-

225 488 414 530 πνότατον
443 486 684 540 ἔπιστήσασα
712 493 794 537 τοῖς
821 494 984 539 κοινοῖς,
1037 487 1080 537 ὃς
1109 489 1247 541 ζημίαν
1273 493 1342 542 τῆς
1369 492 1509 540 οἰκείας
1537 493 1635 544 ζωῆς

225 555 322 612 ᾤετο
346 555 571 606 συμβαίνειν
591 555 697 611 αὐτῷ
709 585 722 605 ,
763 557 796 597 εἷ
815 555 871 608 μὴ
892 553 1032 604 πάντες
1056 554 1146 596 κατ’
1177 554 1298 596 αὐτὸν
1320 555 1544 612 ἅγρυπνοῖεν
1571 559 1671 602 καὶὸ

226 619 512 675 ὖπερμάχοιντο
539 625 610 675 τῆς
637 623 851 673 πολιτείας,
885 622 941 675 μὴ
962 622 1012 664 τὰ
1036 620 1251 675 ςΡωμαίοις
1279 621 1516 677 διενεγκόντα
1533 624 1639 674 ποτέ,

229 685 311 728 εἶτα
331 686 510 745 ῥαστώνῃ
541 692 618 730 τῶν
643 687 867 745 ἔμπροσθεν
895 687 1112 738 ἕξολωλότα
1134 687 1262 741 μόνα,
1307 688 1398 730 ἀλλ’
1430 687 1485 731 ἔτι
1506 690 1640 731 καὶτὰ

225 753 420 806 πολεμίων
445 754 544 810 πρὸς
572 755 726 805 ἐκείνοις
753 753 1002 808 λαμβάνοιεν.
1079 757 1144 797 καὶ
1175 756 1338 811 Πέρσας
1372 756 1444 808 μὲν
1475 750 1552 798 οὖν
1577 758 1642 798 καὶ

228 819 416 876 Χοσρόην
439 821 505 862 τὸν
535 819 702 863 ἄτακτον
729 824 882 878 χρυσίῳ
905 823 977 875 μὲν
997 826 1173 878 πρῶτον,
1218 820 1298 863 εἶτα
1319 826 1644 876 παλιμμαχοῦντα

229 889 294 928 καὶ
316 886 465 943 σιδήρῳ
487 888 699 941 κατέχωσε·
733 887 956 941 Βανὸήλοις
975 890 1041 939 δέ,
1068 888 1172 930 ἔθνει
1192 890 1231 928 Γ
1228 893 1423 945 ερμανικῷ
1430 920 1442 939 ,
1471 888 1542 943 τὴν
1559 890 1644 930 Λι-
1656 900 1698 935 10

228 951 329 1007 βύην
357 955 610 996 κατεσθίουσι
637 953 806 1008 πόλεμον
833 956 1012 1008 ἐξαπίνης
1038 955 1198 1007 ἐπιχέων
1221 956 1260 996 ἓν
1277 953 1418 1008 μόναις
1437 953 1508 997 δύο
1531 953 1647 1008 σελή-

231 1037 317 1069 ναις
339 1018 420 1062 εἷλέ
435 1037 476 1062 τε
497 1021 640 1070 αὐτοὺς
661 1023 725 1062 καὶ
751 1022 907 1078 πολέμῳ
933 1021 1067 1074 λαβὼν
1089 1020 1360 1077 παρεστήσατο
1385 1026 1435 1077 τῇ
1453 1023 1647 1079 βασιλείᾳ,

232 1089 272 1127 Γ
269 1088 426 1142 ελίμερα
445 1087 563 1129 αὐτὸν
581 1087 652 1130 σὺν
671 1095 752 1143 τοῖς
773 1087 941 1138 ἐνδόξοις
961 1093 1030 1129 τοῦ
1052 1087 1214 1138 ἔθνους,
1241 1087 1310 1137 οὓς
1331 1087 1494 1129 ἐκάλουν
1514 1089 1648 1142 ἅστίγ-

231 1170 326 1208 γους
347 1154 383 1195 οἱ
398 1151 618 1209 βάρβαροι,
661 1159 809 1208 γαμετῇ
828 1171 867 1195 τε
890 1155 955 1194 καὶ
976 1154 1087 1195 παισὶ
1113 1155 1178 1194 καὶ
1207 1153 1362 1210 πλούτῳ
1390 1158 1534 1207 βαθεῖ’,
1575 1172 1648 1196 κα·

232 1217 364 1274 θάπερ
385 1220 535 1268 οἰκέτας
554 1219 840 1276 ἀχρειοτάτους,
861 1219 960 1275 πρὸς
981 1218 1380 1272 δουλειάν“Ρωμαίοις
1401 1220 1548 1271 ἐκδούς.
1580 1239 1648 1275 μι-
1660 1231 1702 1266 15

234 1289 330 1340 κροῦ
353 1285 396 1326 δὲ
416 1284 557 1326 τούτου
581 1286 768 1342 φανέντος
787 1287 916 1343 αὐτῷ,
954 1286 1094 1335 Γέταις
1117 1283 1189 1339 τήν
1215 1302 1256 1327 τε
1283 1285 1564 1342 ἶερὰν“Ρῶμην
1584 1289 1650 1330 καὶ

232 1350 360 1392 πάντα
384 1350 459 1392 ὅσα
475 1350 549 1392 ὑπ’
572 1354 716 1406 ἐκείνην
735 1354 850 1394 ἐτέλει
876 1355 1082 1402 διασπῶσι,
1108 1350 1318 1404 “Ρωμαίων
1337 1369 1378 1394 τε
1399 1353 1492 1403 τοὺς
1512 1354 1652 1396 ἀνέκα-

233 1422 307 1459 θεν
330 1418 565 1473 εὐπατρίδας
580 1417 803 1475 ὑβρίζουσιν
813 1452 825 1470 ,
860 1420 1036 1461 ἐπελθὼν
1051 1419 1225 1476 ἣρπασεν
1249 1419 1392 1468 αὐτοὺς
1412 1422 1652 1471 πανεστιόυς,

234 1484 307 1526 σὺν
332 1485 520 1540 Οὖΐττίγει
541 1491 599 1543 τῷ
618 1485 795 1544 τυράννῳ
815 1485 1108 1542 παρεστήσατο,
1144 1490 1194 1543 τῇ
1212 1487 1254 1527 δὲ
1269 1484 1408 1541 Ῥώμῃ
1429 1488 1480 1529 τὰ
1493 1485 1654 1542 Ῥώμης

233 1550 444 1593 ἀπέσωσεν.
1662 1567 1708 1600 20

368 1618 444 1661 56.
475 1615 545 1666 (Ως
568 1619 611 1659 δὲ
630 1620 696 1659 καὶ
717 1616 969 1674 Συγάμβροις
985 1620 1239 1674 ἐπαγρυπνεῖν
1257 1618 1400 1672 ἠπείλει
1423 1616 1654 1675 (Φράγκους

237 1683 382 1733 αὐτοὺς
401 1685 442 1734 ἐξ
462 1681 650 1738 ἡγεμόνος
671 1689 855 1727 καλοῦσιν
878 1686 940 1726 ἐπὶ
964 1689 1035 1727 τοῦ
1057 1683 1249 1742 παρόντος
1270 1685 1307 1727 οἶ
1327 1687 1414 1742 περὶ
1427 1674 1570 1739 ιΡίἶνον
1589 1686 1654 1727 καὶ

327 1831 349 1864 6
371 1831 447 1874 lego
471 1827 521 1869 ιᾶς
543 1829 605 1872 μὴ.
630 1831 675 1866 F.
824 1833 846 1866 9
865 1832 1010 1876 χρυσίον
1028 1833 1071 1867 C.
1205 1831 1314 1868 πάλιν
1334 1832 1520 1877 μαχοῦνται
1539 1832 1652 1876 vulgo.

326 1877 368 1910 16
388 1874 454 1918 τήν
473 1876 539 1910 add
557 1877 601 1910 F.
738 1877 779 1911 19
794 1876 870 1922 lego
891 1876 952 1912 καὶ
975 1875 1054 1912 σύν.
1078 1879 1109 1912 F

325 2006 381 2042 55.
406 2007 550 2042 Talibus
572 2008 730 2043 fluctibus
750 2009 977 2054 malorumque
997 2009 1154 2053 procellis
1176 2009 1304 2044 iactata
1319 2021 1358 2044 re
1372 2008 1518 2054 publica,
1541 2019 1657 2053 parem

235 2053 373 2086 fortuna
394 2053 501 2096 priori
524 2053 681 2096 ignaviae
704 2054 912 2097 diligentiam
937 2054 1116 2088 Iustiniani
1140 2055 1318 2099 opposuit,
1343 2055 1488 2088 omnium
1511 2053 1655 2098 impera-

235 2103 346 2131 torum
367 2097 659 2140 vigilantissimum
681 2100 783 2132 rebus
810 2099 1031 2143 praeficiens,
1067 2099 1125 2144 qui
1150 2100 1243 2134 vitae
1264 2111 1347 2133 suae
1369 2100 1530 2133 iacturam
1553 2109 1656 2142 repu-

221 2143 344 2183 tabat,
369 2141 399 2174 si
422 2153 489 2174 non
513 2154 626 2176 omnes
649 2145 830 2177 secundum
848 2144 957 2188 ipsum
978 2144 1160 2188 vigilarent
1180 2156 1310 2197 proque
1323 2155 1362 2178 re
1378 2143 1512 2189 publica
1522 2153 1657 2196 pugna-

235 2190 325 2228 rent,
349 2191 386 2218 ut
407 2197 475 2219 non
497 2191 626 2221 tantum
642 2188 803 2222 Romanis
822 2189 987 2232 quondam
1009 2189 1185 2232 subiectis,
1207 2200 1356 2234 priorum
1378 2189 1500 2222 deinde
1521 2186 1659 2231 ignavia

236 2230 400 2274 perditis,
433 2241 549 2264 verum
579 2231 719 2276 insuper
750 2233 893 2266 hostium
925 2234 968 2267 ad
998 2234 1082 2268 haec
1103 2236 1205 2268 rebus
1228 2234 1431 2278 potirentur.
1478 2237 1514 2266 et
1534 2233 1658 2266 Persas

236 2275 373 2318 quidem
394 2275 636 2320 immanemque
659 2277 844 2311 Chosroem
865 2289 947 2311 auro
966 2279 1127 2323 primum,
1161 2279 1283 2312 deinde
1307 2279 1430 2314 iterum
1455 2281 1660 2322 pugnantem

236 2321 329 2353 ferro
360 2331 494 2364 quoque
525 2321 651 2354 obruit.
698 2323 867 2356 Vandalos
897 2334 1000 2366 vero,
1043 2323 1202 2369 populum
1233 2323 1486 2365 Germanicum,
1516 2321 1660 2363 Libyam

238 2365 423 2398 exedentes
437 2391 446 2409 ,
470 2375 543 2398 cum
567 2365 654 2399 bello
675 2372 817 2411 repente
839 2367 1042 2412 invasisset,
1066 2370 1195 2402 duobus
1212 2371 1342 2402 tantum
1363 2366 1533 2401 mensibus
1555 2365 1658 2398 vicit-

238 2421 306 2454 que
327 2421 406 2452 eos,
442 2415 477 2444 et
505 2410 592 2443 bello
625 2417 740 2455 captos
763 2412 1002 2457 imperatoriae
1023 2413 1101 2447 urbi
1123 2413 1296 2456 exhibuit,
1325 2412 1527 2446 Gelimerem
1549 2410 1660 2454 ipsum

239 2465 314 2487 eum
344 2454 530 2488 illustribus
564 2455 695 2498 gentis,
728 2467 812 2500 quos
846 2457 1007 2501 Astingos
1037 2458 1175 2491 barbari
1202 2458 1392 2500 vocabant,
1427 2466 1601 2499 uxoreque
1625 2459 1662 2488 et

238 2499 357 2532 liberis
382 2504 483 2543 atque
503 2499 696 2543 ingentibus
719 2501 870 2545 divitiis,
903 2503 1001 2547 quasi
1017 2502 1197 2536 vilissimos
1221 2512 1418 2544 servorum,
1441 2499 1602 2536 Romanis
1623 2499 1660 2532 in

240 2543 440 2577 servitutem
462 2545 612 2578 tradens.
659 2547 749 2589 quod
773 2557 846 2579 cum
869 2546 902 2580 ei
924 2559 1064 2590 parvum
1085 2547 1280 2589 videretur,
1306 2548 1413 2580 Getas
1437 2556 1566 2580 sacram
1587 2544 1659 2578 Ro-

239 2599 345 2630 mam,
370 2593 405 2621 et
427 2600 645 2634 quaecunque
669 2590 701 2623 ei
721 2591 895 2634 subiecta,
919 2591 1119 2636 lacerantes,
1142 2592 1435 2635 Romanorumque
1453 2589 1575 2634 priscis
1598 2599 1659 2633 pa·-

241 2633 350 2666 triciis
371 2633 592 2678 insultantes,
617 2646 809 2678 aggressuS‚
832 2641 962 2680 raptam
984 2637 1176 2671 universam
1195 2642 1331 2680 gentem
1353 2647 1427 2670 cum
1447 2634 1580 2678 Vittige
1601 2638 1659 2675 ty-

239 2689 346 2711 ranno
370 2678 467 2712 nobis
491 2679 641 2722 adduxit,
664 2681 858 2724 Romaeque
881 2691 942 2714 sua
966 2681 1129 2716 restituit.

330 2724 386 2757 56.
433 2724 517 2758 Cum
540 2729 651 2758 autem
674 2730 710 2758 et
727 2725 910 2759 Sicambris
931 2725 1110 2769 invigilare
1133 2725 1347 2760 minitaretur
1370 2725 1537 2767 (Francos
1558 2732 1616 2756 eos
1639 2732 1659 2754 a

240 2765 326 2801 duce
351 2779 440 2802 nune
466 2773 612 2814 vocant,
653 2769 712 2815 qui
733 2770 824 2805 circa
845 2770 1000 2805 Rhenum
1022 2771 1289 2816 Rhodanumque
1308 2769 1505 2813 incolunt),
1537 2766 1658 2800 iterum
