1748 3210
219 212 282 259 88
737 209 959 256 IOANNIS
991 209 1125 253 LYDI

220 323 365 377 ἐκείνης
392 327 484 372 παῖς
511 320 532 364 ὃ
559 317 674 376 λόγος
697 319 804 375 ἥκων
822 319 887 362 διὰ
909 316 1078 370 πάντων,
1113 316 1157 368 ὃς
1176 317 1247 373 τὴν
1266 318 1306 362 ἓν
1321 323 1376 376 τῷ
1395 318 1542 377 ἀφανεῖ
1556 319 1647 362 τῶν

221 389 343 432 ὄντων
371 389 556 446 περιοχὴν
580 389 620 430 ἐν
645 387 847 430 διαστάσει
875 387 942 428 καὶ
968 385 1132 444 προνοίᾳ
1160 383 1284 440 λόγων
1312 386 1448 437 ἀϊδίως
1471 384 1637 443 πρώτως

221 457 414 513 ἐξέφηνεν,
435 456 569 512 εἱρμὸν
584 455 650 496 καὶ
668 455 864 508 συνέχειαν
881 454 946 495 καὶ
965 453 1223 506 ἀλληλουχίαν
1239 450 1406 506 ποιήσας
1421 452 1476 502 ὥς
1489 454 1636 509 ἐκφαν-

221 524 330 572 τικὸς
356 527 434 564 τῶν
454 521 543 577 παρ’
566 518 660 574 ἡμῖν
678 525 749 574 τῆς
767 524 900 574 ψυχῆς
919 518 1080 573 ἀδήλων
1100 517 1384 571 παθημάτων3’
1420 517 1442 560 ὅ
1463 519 1506 561 δὲ
1520 519 1636 560 Ἀκυ-

222 593 327 638 λῖνος
344 589 384 629 ἓν
399 593 454 644 τῷ
475 586 726 640 ὑπομνήματι
743 591 821 628 τῶν
840 587 1025 643 ἀριθμῶν
1044 585 1147 627 οὕτω
1169 586 1310 641 φησίν
1339 583 1394 638 “ἦ
1413 587 1535 627 Μαῖα
1553 585 1667 627 duis

223 655 346 708 αὐτῆς
370 655 409 703 ἐς
428 654 649 709 τούμφανὲς
665 652 867 710 προδοῢσᾶ
894 653 989 703 ἐστι,
1014 653 1151 708 κυρίου
1169 652 1240 704 μὲν
1257 655 1327 693 τοῦ
1343 650 1461 704 λόγου
1479 656 1549 695 τοῦ
1569 652 1639 693 διὰ

223 719 378 763 πάντων
395 719 615 776 πεφυκότος
635 722 886 762 διατακτικοῦ
904 725 981 761 τῶν
999 718 1134 769 ὄντων,
1162 718 1224 759 διὸ
1244 719 1294 771 δὴ
1314 719 1380 759 καὶ
1393 716 1540 773 Ἑρμοῦ
1560 736 1639 771 μη·-

221 788 316 843 τὲρα
347 789 458 844 φασί.
495 785 655 840 τοιαύτη
683 787 726 828 δὲ
753 784 779 840 ἦ
810 786 929 840 νοητὴ
952 785 1028 839 ῧλη
1057 786 1102 827 τὸ
1131 791 1390 837 κατακοσμεῖν
1418 785 1490 838 τὴν
1518 786 1572 833 εἷς
1594 785 1639 826 τὸ

222 854 394 910 ἐμφανὲς
422 852 591 909 πρόοδον
618 855 682 894 καὶ
711 853 856 907 γένεσιν
884 851 1176 909 ἀπεργάζεσθαι
1202 855 1281 894 τῶν
1307 850 1454 893 ὄντων·
1496 851 1538 892 ἐκ
1565 850 1642 906 γὰρ

223 919 323 973 ὕλης
353 922 420 962 καὶ
449 920 575 968 εἴδους
601 921 652 961 τὰ
680 918 810 962 ὄντα.”
845 918 970 968 οὕτως
997 919 1069 971 μὲν
1097 918 1199 960 κατὰ
1221 921 1453 972 θεολογίαν,
1479 916 1583 959 κατὰ
1600 917 1644 958 δὲ
1654 924 1696 959 10

222 986 292 1028 τὸν
318 991 390 1040 τῆς
418 987 672 1042 φυσιολογίας
699 985 844 1042 τρόπον
869 986 940 1038 τὴν
959 988 1102 1026 ΖΠαῖαν
1130 985 1167 1026 οἶ
1194 985 1331 1025 πολλοὶ
1349 983 1394 1026 τὸ
1417 983 1528 1040 ὕδωρ
1551 981 1646 1026 εἶναι

222 1051 452 1105 βούλονται·
488 1054 553 1094 καὶ
583 1054 660 1109 γὰρ
686 1053 794 1109 παρὰ
819 1059 901 1102 τοῖς
932 1051 1077 1108 Σύροις
1104 1053 1414 1107 βαρβαρίζουσιν
1440 1049 1565 1099 οὕτως
1591 1049 1648 1092 ἔτι

223 1120 290 1160 καὶ
322 1123 392 1160 νῦν
419 1119 464 1160 τὸ
497 1118 605 1174 ὕδωρ
637 1117 989 1175 προσαγορεύεται,
1023 1116 1077 1167 ὡς
1099 1120 1163 1172 καὶ
1184 1121 1346 1171 μηί’·ουρι
1366 1116 1416 1158 τὰ
1438 1114 1648 1172 ὖδροφόρα

224 1189 446 1227 καλεῖσθαι.
514 1187 580 1226 καὶ
601 1185 671 1226 οὐκ
694 1185 770 1234 ἔξω
790 1183 906 1239 λόγου
932 1183 951 1224 ὁ
975 1183 1148 1238 Βάρρων
1171 1186 1350 1240 φαίνεται
1374 1181 1429 1233 ὡς
1451 1185 1517 1225 καὶ
1541 1186 1650 1236 μῆνα

225 1251 468 1304 ἀναθέμενος
503 1251 630 1306 αὐτῇ·
663 1249 811 1304 κινήσει
837 1251 914 1306 γὰρ
942 1255 1012 1293 τοῦ
1034 1248 1277 1305 ὖποβρυχίου
1302 1249 1447 1299 ὕδατος
1467 1251 1646 1304 γίνεσθαι
1659 1253 1702 1288 25

225 1315 347 1358 σάλον
379 1324 459 1365 τοῖς
489 1316 723 1374 φιλοσόφοις
748 1319 871 1367 δοκεῖ’,
906 1315 1041 1373 πρώτη
1071 1317 1112 1357 δὲ
1141 1315 1256 1371 ἑορτὴ
1281 1320 1353 1357 τοῦ
1373 1319 1517 1358 Μαΐου
1539 1316 1648 1370 παρὰ

220 1381 429 1435 Ῥωμαίοις
459 1384 501 1423 αἱ
530 1385 617 1439 περὶ
646 1387 815 1436 σεισμῶν
845 1384 997 1425 ῗκεσιάι.
1063 1380 1187 1437 ταύτῃ
1212 1383 1288 1437 γὰρ
1302 1382 1512 1431 Ἄτλαντος
1526 1385 1651 1423 παῖδα

224 1449 295 1502 τὴν
325 1453 470 1492 ,ΖΠαῖαν
502 1451 538 1490 οῖ
565 1452 732 1503 μυθικοὶ
763 1454 940 1500 ποιοῦσι,
974 1451 1040 1491 καὶ
1069 1448 1213 1505 ἔφορον
1237 1451 1279 1490 δὲ
1304 1454 1382 1491 τῶν
1404 1447 1561 1491 ὑδάτων
1583 1450 1652 1490 τὸν

221 1513 371 1571 Ἑρμῆν
393 1515 487 1558 εἶναι
507 1514 892 1572 παραλαμβάνομεν,
925 1518 990 1558 καὶ
1013 1515 1078 1557 διὰ
1101 1514 1248 1569 ταύτην
1267 1515 1340 1570 τὴν
1359 1517 1489 1558 αἰτίαν
1508 1516 1549 1557 ἓν
1570 1522 1653 1566 τοῖς

226 1582 350 1625 αὐτοῦ’
370 1584 490 1636 πηγαὶ
513 1583 762 1624 ἀνατίθενται
785 1582 809 1636 ἢ
835 1583 988 1638 φρέατα
1011 1580 1226 1638 ὀρύττεται.
1659 1588 1706 1623 20

78 1666 116 1699 p.
143 1653 207 1687 102
360 1650 451 1691 Εἰσὶ
470 1649 512 1690 δὲ
533 1651 572 1690 οἵ
590 1665 690 1705 φασι
707 1649 808 1698 Διὸς
828 1650 894 1691 καὶ
913 1650 1057 1699 Μαίας
1074 1648 1143 1692 τὸν
1158 1647 1308 1704 Ἑρμῆν
1329 1646 1424 1690 εἶναι
1443 1648 1654 1704 ἀλληγορι-

318 1776 342 1810 3
362 1773 577 1819 ἔκφαντικὸν
594 1775 639 1809 V.
769 1775 792 1809 4
815 1772 1004 1815 οἷκυλλίνος
1018 1775 1061 1808 Ρ.
1184 1774 1206 1811 5
1229 1772 1312 1809 ἀντὶ
1332 1772 1469 1820 αὐτῆς]
1491 1772 1534 1810 τᾶ
1556 1773 1653 1819 ἄφα-

317 1819 377 1859 νὶς
408 1822 613 1854 Creuzerus.
772 1821 815 1854 13
847 1819 1154 1865 προσαγορεύεται
1178 1831 1231 1855 om
1253 1820 1296 1855 P.
1450 1819 1513 1855 καὶ
1535 1831 1588 1854 om
1610 1821 1654 1855 P.

320 1866 363 1900 19
385 1863 500 1898 πάλαι
520 1861 753 1909 λαμβάνομεν
772 1876 888 1909 margo
910 1865 955 1899 V.

230 1976 477 2019 obstetrices);
505 1977 696 2011 Mercurius
728 1979 838 2011 autem
861 1977 951 2011 illius
972 1977 1063 2011 filius
1085 1976 1174 2011 ratio
1195 1987 1261 2022 per
1284 1975 1446 2011 universa
1465 1975 1655 2021 pertinens,

228 2021 291 2064 qui
313 2031 389 2055 eum
411 2022 470 2065 qui
494 2028 548 2055 est
567 2021 603 2054 in
627 2021 758 2055 occulto
779 2033 892 2056 rerum
911 2022 1120 2067 complexum
1140 2022 1177 2056 in
1198 2021 1362 2056 distantia
1383 2027 1420 2055 et
1437 2020 1656 2066 providentia

230 2066 412 2099 verborum
435 2067 478 2100 ab
501 2070 641 2100 aeterno
659 2067 801 2110 primum
818 2068 1001 2111 patefecit,
1037 2078 1126 2100 nexu
1154 2071 1190 2101 et
1214 2066 1452 2100 coniunctione
1474 2070 1656 2109 mutuaque

230 2109 451 2144 cohaerentia
470 2112 581 2154 facta,
619 2115 654 2144 et
677 2123 764 2155 quae
787 2112 942 2146 enuntiat
962 2111 1110 2146 occultas
1134 2116 1267 2146 nostras
1288 2111 1391 2144 animi
1413 2106 1656 2144 affectiones.”

231 2154 409 2198 Aquilinus
444 2160 555 2189 autem
581 2156 618 2189 in
649 2156 898 2190 Commentario
926 2167 1141 2190 numerorum
1169 2156 1219 2190 ita
1243 2155 1346 2190 dicit:
1381 2151 1506 2189 “Maia
1532 2166 1576 2188 ea
1603 2157 1658 2188 est

231 2209 321 2242 quae
342 2218 388 2223 —
409 2219 454 2224 —
475 2199 514 2233 in
533 2206 687 2244 apertum
713 2201 886 2245 prodidit,
920 2212 995 2235 cum
1026 2201 1218 2234 dominetur
1243 2200 1332 2234 ratio
1361 2203 1505 2234 extensa
1535 2203 1658 2234 natura

230 2254 296 2287 per
318 2244 430 2278 omnia
454 2255 541 2288 quae
561 2250 660 2288 sunt,
697 2246 787 2280 unde
813 2245 968 2279 nimirum
992 2250 1027 2279 et
1048 2245 1214 2279 Mercurii
1240 2250 1382 2279 matrem
1402 2244 1533 2279 dicunt.
1578 2243 1659 2278 talis

231 2291 345 2322 autem
367 2289 509 2322 materia
530 2296 584 2323 est
606 2302 646 2323 ea
673 2300 762 2332 quae
781 2295 894 2325 mente
913 2290 1122 2335 percipitur,
1145 2295 1184 2323 ut
1203 2294 1383 2333 componat
1399 2289 1527 2323 exitum
1545 2288 1583 2322 in
1603 2287 1659 2321 lu-

232 2343 308 2366 cem
327 2336 364 2366 et
380 2333 632 2377 generationem
657 2335 789 2369 afficiat
805 2345 936 2369 rerum:
971 2346 1015 2369 ex
1039 2334 1182 2368 materia
1199 2334 1288 2368 enim
1309 2339 1346 2367 et
1364 2334 1473 2367 forma
1494 2343 1552 2366 res
1573 2343 1658 2366 con-

233 2374 368 2410 stant.'’
414 2377 463 2411 ita
497 2377 630 2422 quidem
664 2379 760 2413 iuxta
789 2379 1007 2423 theologiam.
1055 2391 1098 2412 ex
1125 2378 1360 2422 physiologiae
1385 2381 1498 2412 antem
1521 2376 1658 2411 ratione

233 2421 361 2455 Maiam
382 2422 478 2456 multi
499 2434 620 2466 aquam
644 2434 722 2457 esse
742 2424 880 2458 volunt:
910 2423 1034 2458 etenim
1055 2424 1147 2467 apud
1172 2423 1281 2466 Syros
1308 2423 1458 2456 barbare
1478 2421 1659 2466 loquentes

231 2466 283 2500 ita
311 2467 413 2500 etiam
439 2478 528 2500 nunc
560 2479 647 2512 aqua
678 2468 887 2512 appellatur,
921 2472 960 2502 ut
991 2471 1027 2501 et
1055 2468 1178 2501 πιεῖιιτὶ
1203 2478 1313 2511 aquae
1339 2466 1458 2500 ductus
1476 2470 1658 2500 vocentur.

232 2522 298 2544 nec
315 2513 446 2564 absque
464 2511 598 2546 ratione
615 2512 726 2546 Varro
746 2513 860 2556 egisse
876 2513 1032 2555 videtur,
1056 2517 1095 2545 ut
1117 2511 1175 2555 qui
1194 2515 1230 2544 et
1248 2522 1396 2544 mensem
1412 2509 1464 2544 illi
1480 2510 1659 2546 attribuit:

234 2560 328 2589 motu
350 2568 439 2589 emm
463 2556 536 2590 eius
554 2567 641 2600 quae
663 2557 700 2590 in
722 2558 892 2601 profundo
914 2562 969 2591 est
991 2567 1100 2601 aquae
1118 2556 1267 2590 existere
1285 2555 1427 2599 agitatio
1447 2555 1660 2600 philosophia

235 2599 392 2642 videtur3
414 2600 544 2644 primae
561 2606 674 2635 autem
691 2601 778 2635 Maii
798 2602 907 2636 feriae
931 2602 1020 2646 apud
1040 2601 1210 2634 Romanos
1232 2611 1353 2644 preces
1376 2611 1438 2652 pro
1463 2598 1661 2634 avertendis

238 2647 352 2678 terrae
383 2645 544 2679 motibus.
590 2645 668 2679 ideo
698 2645 785 2679 enim
815 2647 962 2681 Atlantis
996 2645 1099 2679 filiam
1128 2645 1254 2678 Maiam
1279 2644 1422 2687 mythici
1441 2644 1590 2687 faciunt,
1624 2647 1660 2678 et

238 2690 430 2731 praesidem
454 2701 538 2723 vero
563 2700 723 2734 aquarum
746 2690 952 2726 Mercurium
974 2702 1050 2725 esse
1072 2689 1276 2733 accipimus,
1300 2695 1335 2723 et
1358 2689 1446 2723 hanc
1463 2690 1507 2724 ob
1526 2699 1659 2724 causam

236 2732 272 2766 in
297 2734 370 2768 eius
395 2735 485 2768 fanis
509 2736 622 2769 fontes
646 2742 887 2770 consecrantur
907 2739 966 2770 aut
987 2734 1082 2779 putei
1102 2733 1289 2768 fodiuntur.

327 2779 416 2813 Sunt
438 2785 550 2814 autem
572 2780 630 2825 qui
651 2779 767 2815 dicant
795 2781 889 2816 lovis
913 2786 950 2816 et
972 2779 1086 2816 Maiae
1103 2778 1311 2814 Mercurium
1336 2789 1414 2814 esse
1435 2789 1479 2813 ex
1497 2776 1661 2822 allegoria
