1748 3210
671 168 748 212 DE
782 169 1070 216 OSTENTIS.
1510 177 1606 224 369

276 275 344 322 κε’.
378 283 429 337 τῇ
452 280 530 337 πρὸ
549 278 582 334 ζ’
604 284 846 327 καλενδῶν“
821 303 849 340 η
870 286 1016 343 θερινὴ
1038 285 1190 343 τροπή,
1235 285 1436 344 αι’φνίὸιός
1465 306 1505 332 τε
1527 308 1602 337 τα..

144 347 250 405 ραχὴ
269 352 341 391 τοῦ
363 347 494 406 ἀέρος.

275 416 351 466 κς’.
380 422 430 474 τῇ
449 416 528 475 πρὸ
551 414 585 468 ς’
605 422 805 464 καλενδῶν
825 422 901 476 λὶψ
921 420 1010 476 α’μα
1029 423 1096 465 καὶ
1114 424 1296 480 ζέφυρος.

275 483 349 537 κζ’.
383 491 434 543 τῇ
455 485 533 543 πρὸ
556 484 587 529 ε’
608 491 809 533 καλενδῶν
829 495 1002 548 βραχεῖα
1031 489 1058 546 ἦ
1085 490 1178 544 νύξ,
1217 493 1283 534 καὶ
1306 489 1327 534 ὅ
1348 492 1422 547 μὲν
1449 491 1595 549 Ὠρίων

107 550 305 607 ὄάνίσχει,
337 552 452 606 νότος
472 555 516 597 δὲ
537 553 680 613 ῥεόσει.

276 621 353 678 κη’.
381 627 434 680 τῇ
453 623 531 681 πρὸ
557 622 593 666 δ’
610 626 812 669 καλενδῶν
839 625 882 669 ἓν
906 627 979 681 μὲν
1008 625 1157 688 ἑσπέρᾳ
1184 628 1342 686 βρέχει,
1381 626 1404 670 ὃ
1428 628 1474 671 δὲ
1492 626 1599 671 κύων

140 689 314 745 ἀνίσχειν
345 691 524 748 ἄρχεται.

273 758 356 802 κθ’.
375 765 425 818 τῇ
447 761 525 817 πρὸ
547 758 582 816 γ’
605 764 806 805 καλενδῶν
826 761 1091 817 ἀνεμομαχία.

277 826 328 870 λ’.
377 833 430 886 τῇ
452 829 529 886 πρὸ
552 827 591 871 α’
615 831 818 872 καλενδῶν
838 831 966 873 ἕωθεν
996 832 1070 885 μὲν
1102 827 1124 871 ὃ
1155 827 1260 872 κύων
1290 830 1466 886 ἀνίσχει,
1500 830 1527 887 ἦ
1555 833 1598 875 δὲ

83 902 131 940 10
140 891 243 949 ζώνη
265 900 338 938 τοῦ
354 897 547 954 Ὠρίωνος
569 895 846 955 ἀναφαίνεται.

274 963 354 1009 65.
423 966 687 1008 ΙΟΥΛῙΟΣ.
757 965 810 1009 α’.
854 965 1064 1016 καλὲνδαις
1091 964 1277 1015 Ἰουλίαις
1304 963 1542 1022 ταράττεται
1574 965 1595 1008 ὁ

135 1029 216 1089 ἀὴρ
227 1032 284 1074 ἐκ
302 1038 376 1076 τοῦ
391 1038 540 1090 βορρᾶ.

268 1098 326 1154 β’.
377 1106 428 1159 τῇ
452 1101 530 1160 πρὸ
550 1097 584 1152 ς’
615 1105 752 1144 νωνῶν
768 1100 944 1144 ΗΙουλιων
966 1117 1138 1159 κρυφιον
1160 1100 1310 1157 ἄστρον
1334 1101 1402 1142 καὶ
1427 1100 1596 1157 ζέφυρος

133 1165 162 1222 ἢ
183 1164 311 1218 νότος.

82 1243 124 1280 1⁵
269 1235 321 1292 γ’.
375 1240 426 1292 τῇ
444 1236 522 1293 πρὸ
549 1234 578 1278 ε’
598 1240 734 1279 νωνῶν
754 1238 930 1293 ταραχαὶ
948 1239 1023 1279 τοῦ
1043 1235 1161 1292 ἀέρος
1179 1237 1222 1278 ἐκ
1244 1242 1316 1279 τοῦ
1340 1235 1472 1280 νότου.

270 1303 323 1347 δ’.
374 1308 426 1361 τῇ
448 1304 527 1360 πρὸ
548 1302 585 1346 δ’
607 1309 742 1348 νωνῶν
763 1304 785 1348 ὃ
814 1305 962 1363 Ὠρίων
983 1304 1134 1359 ἀνίσχει
1154 1307 1220 1347 καὶ
1241 1303 1263 1347 ὃ
1281 1305 1479 1362 στέφανος
1502 1303 1593 1348 δύε-

133 1388 221 1425 ται,
249 1375 316 1416 καὶ
335 1373 505 1430 ζέφυρος
524 1379 623 1416 πνεῖ.

271 1441 315 1485 ε’.
371 1445 424 1498 τῇ
445 1441 522 1497 πρὸ
542 1439 577 1497 γ’
597 1444 732 1484 νωνῶν
753 1441 799 1484 τὸ
818 1441 942 1496 μέσον
965 1445 1039 1484 τοῦ
1058 1442 1247 1499 καρκίνον
1268 1442 1433 1498 ἀνίσχει.

270 1509 319 1561 ς’.
371 1513 423 1567 τῇ
444 1509 522 1566 πρὸ
541 1508 580 1552 α’
603 1514 738 1552 νωνῶν
761 1510 799 1553 οἱ
817 1511 971 1565 ἐτησίαι
994 1511 1061 1552 καὶ
1081 1511 1183 1564 μετὰ
1205 1509 1322 1554 νότον
1342 1514 1514 1568 βορρᾶς.

77 1585 122 1622 20
269 1577 319 1631 ζ’.
374 1576 520 1629 νώναις
547 1578 735 1629 Ἰουλίαις
761 1577 896 1623 δύεται
923 1578 1080 1637 ὄρθρου
1111 1577 1132 1622 ὃ
1164 1580 1363 1636 στέφανος
1386 1581 1454 1622 καὶ
1480 1575 1593 1627 νότος

87 1677 92 1682 .
132 1662 232 1688 πνει.

267 1711 321 1769 η’.
370 1716 422 1771 τῇ
445 1713 522 1771 πρὸ
544 1712 582 1770 η’
608 1716 724 1758 εῗδῶν
735 1713 914 1758 Ἰουλίων
935 1713 957 1756 ὃ
981 1715 1151 1773 Κηφεὺς
1172 1715 1337 1770 ἀνίσχει,
1376 1717 1443 1758 καὶ
1462 1715 1591 1772 τροπὴ

131 1787 203 1826 τοῦ
227 1781 345 1839 ἀέρος
360 1783 486 1825 νοτιά.

265 1849 326 1894 θ’.
369 1854 421 1908 τῇ
437 1850 516 1908 πρὸ
539 1848 573 1903 ζ’
594 1852 710 1894 εἰδῶν
733 1851 754 1894 ὃ
776 1851 923 1908 Ὠρίων
944 1849 1037 1902 ὅλος
1056 1849 1206 1904 ἀνίσχει
1228 1852 1296 1893 καὶ
1317 1848 1434 1900 νότος
1455 1857 1555 1892 πνεῖ.

74 1921 120 1958 26
269 1918 310 1962 ι’.
369 1923 422 1976 τῇ
441 1919 520 1975 πρὸ
541 1918 576 1970 ς’
597 1921 712 1963 εἰδῶν
733 1920 771 1963 οἳ
791 1919 1015 1976 πρόδρομοι
1038 1923 1118 1961 τῶν
1141 1912 1307 1973 ἐτησίων
1327 1920 1523 1961 πνέουσιν.

271 1984 339 2030 ια’.
372 1991 424 2044 τῇ
443 1987 520 2044 πρὸ
539 1985 568 2030 ε’
591 1990 706 2030 εἰδῶν
722 1988 853 2045 βροχὴ
872 1988 974 2042 μετὰ
993 1991 1175 2043 βροντῶν
1195 1989 1260 2029 καὶ
1279 1992 1434 2045 βορρᾶς
1445 1989 1587 2040 βίαιος.

223 2139 266 2174 19
288 2138 348 2174 Rss
367 2142 403 2174 et
425 2138 483 2173 hic
505 2143 542 2174 et
564 2149 701 2184 semper
723 2135 874 2182 ἐτήσιοι.

129 2273 188 2310 25.
213 2284 266 2308 vn
288 2274 370 2310 Kal.
395 2272 583 2310 solstitium
600 2275 782 2319 aestivum,
808 2279 845 2310 et
862 2273 1016 2310 turbatio
1040 2274 1157 2310 subita
1178 2275 1283 2310 aeris.
1377 2275 1493 2311 26.v1
1509 2275 1588 2311 Kal.

129 2320 261 2355 africus
278 2320 379 2357 simul
405 2327 442 2356 et
463 2321 638 2356 favonius.
750 2323 808 2357 27.
832 2333 856 2355 v
879 2322 959 2356 Kal.
983 2333 1053 2356 nox
1076 2321 1304 2363 brevissima3
1328 2321 1441 2355 Orion
1466 2321 1587 2365 oritur,

131 2370 168 2400 et
190 2371 310 2402 auster
333 2379 372 2402 se
394 2368 580 2403 diffundet.
683 2367 803 2403 28.1v
821 2365 902 2402 Kal.
926 2366 1068 2414 vesperi
1091 2367 1198 2412 pluit:
1223 2367 1319 2401 canis
1344 2366 1475 2401 exoriri
1499 2368 1587 2401 inci-

129 2411 197 2467 pit.
289 2413 418 2448 29.111
441 2408 523 2448 Kal.
546 2416 729 2448 ventorum
747 2413 942 2448 conflictus.
1044 2413 1102 2449 30.
1123 2413 1217 2459 prid.
1236 2413 1316 2447 Kal.
1337 2424 1358 2447 a
1375 2413 1467 2447 mani
1492 2413 1588 2449 canis

130 2457 259 2493 oritur·
284 2470 373 2494 zona
396 2459 540 2494 Orionis
563 2463 722 2542 aplparet.

221 2505 280 2540 65.
346 2505 528 2541 IULIUS.
668 2504 835 2540 Kalendis
879 2502 979 2539 Iuliis
1019 2505 1179 2539 turbatur
1223 2503 1285 2539 aer
1329 2515 1372 2539 ex
1414 2504 1587 2550 aquilone.

130 2549 234 2584 2.v1
251 2551 346 2585 Non.
370 2552 476 2587 Iulias
500 2552 596 2587 sidus
599 2510 832 2593 loccultatun
869 2549 1045 2595 favonius,
1067 2550 1124 2584 vel
1146 2554 1278 2585 auster.
1385 2550 1420 2585 3.
1446 2562 1470 2583 v
1493 2551 1587 2584 Non.

131 2595 349 2631 turbationes
370 2598 461 2632 aeris
485 2610 528 2633 ex
551 2603 682 2633 austro.
821 2597 857 2632 4.
881 2607 922 2630 ιν
939 2596 1035 2631 Νοιι.
1056 2596 1168 2631 Orion
1193 2595 1368 2641 exoritur,
1399 2600 1436 2630 et
1459 2608 1590 2630 corona

131 2641 280 2684 occidit;
302 2642 415 2698 spirat
430 2645 605 2680 favonius.
698 2643 797 2680 5.111
816 2643 910 2678 Non.
935 2654 1062 2678 cancer
1075 2642 1209 2677 medius
1226 2642 1348 2677 oritur.
1441 2643 1476 2676 6.
1493 2642 1585 2687 prid.

133 2687 228 2722 Non.
250 2689 402 2735 etesiae,
436 2694 473 2725 et
488 2696 568 2737 post
591 2695 745 2726 austrum
765 2689 894 2736 aquilo.
1010 2690 1046 2724 7.
1066 2688 1179 2723 Nonis
1200 2688 1298 2723 Iuliis
1322 2687 1451 2723 occidit
1473 2693 1585 2722 matu

130 2732 207 2767 tino
230 2745 376 2789 corona,
409 2740 446 2770 et
463 2741 580 2772 auster
602 2737 727 2784 spirat.
864 2737 898 2770 8.
922 2745 993 2768 vm
1016 2734 1070 2769 Id.
1095 2735 1204 2770 Iulias
1230 2734 1392 2780 Cepheus
1417 2734 1584 2768 exoritur.

131 2780 316 2816 conversio
340 2781 432 2816 aeris
455 2784 499 2818 ab
519 2788 650 2819 austro.
755 2784 792 2818 9.
818 2793 872 2816 vn
894 2781 949 2816 Id.
975 2781 1088 2815 Orion
1113 2785 1208 2817 totus
1231 2781 1388 2815 exoritur
1412 2785 1447 2814 et
1470 2784 1588 2814 auster

132 2825 256 2871 spirat.
350 2829 407 2863 10.
432 2839 472 2862 VI
494 2828 548 2865 Id.
573 2831 660 2866 flant
683 2829 868 2866 etesiarum
888 2827 1077 2874 prodromi.
1173 2828 1228 2863 11.
1251 2838 1274 2860 v
1296 2826 1351 2861 Id.
1376 2826 1494 2872 pluvia
1513 2837 1587 2861 cum

189 2879 333 2916 loannes
366 2880 495 2927 Lydus.
1258 2874 1313 2915 24
