1748 3210
587 165 663 209 DE
695 165 969 210 MENSIBUS
1001 165 1082 210 IV.
1488 166 1552 211 69

117 277 356 338 ἅνθρῶπους
375 282 564 335 συστῆναι
586 281 652 321 καὶ
673 277 827 335 κύαμον
848 283 1086 334 βλαστῆσαι.
1164 273 1307 320 τούτου
1331 277 1375 319 δὲ
1398 279 1553 335 φανερὰ

115 350 230 404 ἐπῆγε
257 345 469 403 τεκμήρια·
504 350 539 390 εἴ
559 346 636 404 γάρ
665 366 726 398 τις
758 348 982 405 διατραγὼν
1019 346 1171 400 κύαμον
1201 347 1268 388 καὶ
1297 352 1381 396 τοῖς
1410 346 1547 390 ὀδοῦσι
1572 362 1608 396 p.
1631 350 1677 385 77

114 414 274 466 λειάνας
300 417 341 457 ἓν
370 415 468 475 ἀλέα
497 420 568 470 τῆς
591 420 664 459 τοῦ
681 414 795 470 ἡλίου
816 420 943 470 βολῆς
965 416 1157 469 καταθείη
1174 414 1274 470 πρὸς
1289 414 1432 469 ὀλίγον,
1469 413 1550 456 εἶτα

115 483 293 533 ἀποστὰς
309 484 520 526 ἐπανέλθοι
540 484 634 538 μετ’
664 483 710 525 οὗ
731 482 857 534 πολύ,
888 483 995 539 εὕροι
1019 483 1068 525 ἂν
1093 481 1274 525 ὀδωδότα
1297 482 1550 539 ἀνθρωπείου

80 550 262 610 ἦφῦνου·
295 554 331 593 εἶ
361 552 404 593 δὲ
437 553 503 593 καὶ
539 552 758 601 ἀνθοῦντος
791 555 864 594 τοῦ
898 551 1052 601 ἄνθους
1081 550 1214 608 βραχὺ
1246 551 1377 604 ἐνθείη
1410 550 1552 609 ἀγγείῳ

113 620 310 678 κεραμείῳ
338 621 406 661 καὶ
436 620 609 673 ἐπίθεμα
637 619 767 669 ἐνθεὶς
794 620 835 661 ἓν
869 623 920 676 τῇ
950 624 1002 675 γῇ
1023 637 1064 662 τε
1090 617 1313 675 κατορύξειε
1331 619 1396 660 καὶ
1421 616 1553 674 ἐνενή-

112 705 234 731 κοντα
264 686 585 744 παραφυλάξειεν
607 685 760 743 ἡμέρας
788 686 890 741 μετὰ
916 686 961 730 τὸ
992 691 1314 743 κατορυχθῆναι,
1349 684 1433 729 εἶτα
1450 686 1554 740 μετὰ

110 760 240 799 ταῦτα
265 754 414 812 ὄρύξειε
441 758 508 797 καὶ
532 753 650 808 λάβοι
680 757 746 797 καὶ
771 754 912 812 ἀφέλοι
934 753 980 797 τὸ
1001 759 1144 809 πῶμα,
1179 753 1286 811 εὕροι
1310 753 1359 796 ἄν
1376 755 1462 797 ἀντὶ
1480 758 1554 796 τοῦ

111 822 269 878 κυάμου
286 822 314 878 ἢ
338 822 480 872 παιδὸς
499 823 676 880 κεφαλὴν
696 827 948 867 συνεστῶσαν
967 820 993 876 ἢ
1014 822 1199 878 γυναικὸς
1218 824 1381 865 αἰδοῖον.
1450 822 1552 865 ὥστε

57 888 102 939 io
114 891 304 948 ἀφεκτέον
324 891 427 934 κατὰ
450 889 704 947 Πυθαγόραν
723 889 902 944 κυάμου,
947 888 1003 940 ὥς
1023 893 1090 932 καὶ
1110 894 1190 933 τῶν
1210 891 1427 945 λεγομένων
1446 907 1551 946 χρυ-

110 957 367 1013 σολαχοῖνων,
401 960 481 1002 ἐπεὶ
510 961 577 1003 καὶ
601 959 733 1003 αὐτῶν
753 957 779 1014 ἦ
802 959 950 1015 γένεσις
969 959 1011 1008 ἒξ
1027 957 1213 1012 ἐμμήνων
1235 962 1430 1013 γυναικῶν
1454 959 1552 1001 ἐστι’.

108 1026 252 1076 τούτου
278 1025 399 1084 χάριν
432 1028 488 1077 εἷς
520 1027 615 1077 τοὺς
643 1026 800 1084 τάφους
825 1025 973 1081 κύαμοι
1000 1026 1203 1083 ῥίπτονται
1227 1024 1325 1082 ὑπὲρ
1349 1027 1550 1082 σωτηρίας

109 1092 349 1152 ἀνθρώπων.
413 1093 473 1137 ὅτι
497 1096 540 1139 δὲ
557 1094 710 1148 κύαμος
731 1095 809 1137 ἀπὸ
833 1100 904 1138 τοῦ
928 1096 1096 1148 αἵματος
1117 1095 1281 1151 εἴρηται,
1309 1094 1478 1138 δυνατὸν
1500 1098 1552 1150 τῇ

105 1164 223 1222 πείρᾳ
248 1166 516 1219 παραλαβεῖν·
552 1163 593 1206 εἷ’
614 1181 675 1214 τις
708 1163 785 1219 γὰρ
819 1162 940 1209 αὐτὸν
967 1163 1176 1220 ἅποβρέξει
1196 1164 1258 1206 ἐπὶ
1280 1161 1550 1219 νυχθήμερον,

45 1240 98 1281 '15
109 1231 154 1273 τὸ
175 1232 217 1272 ἓν
236 1231 346 1288 αὐτῷ
367 1230 477 1287 ὕδωρ
499 1230 653 1288 λύθρον
678 1230 846 1288 εὑρήσει.

243 1298 320 1342 30.
390 1299 426 1340 οἱ
455 1299 497 1341 δὲ
523 1298 728 1354 μάγγιπες,
763 1299 879 1341 οἱονεὶ
909 1305 1080 1352 τεχνῖται
1110 1301 1182 1341 τοῦ
1213 1293 1552 1352 ἀνδραποὸώὸους

107 1365 246 1422 ι’ίρτου,
281 1365 452 1419 ἔπεμπον
480 1373 564 1416 τοῖς
590 1369 631 1408 ἐν
651 1366 757 1423 λόγῳ
772 1365 996 1420 Ῥωμυλιάς
1018 1364 1215 1414 ἄννώνας·
1252 1364 1357 1406 οὕτω
1387 1365 1430 1406 δὲ
1450 1362 1548 1405 ταύ-

105 1451 180 1483 τας
197 1431 362 1477 ἐκάλουν
385 1434 452 1476 διὰ
474 1434 518 1477 τὸ
541 1434 643 1477 κατὰ
661 1436 734 1488 τὴν
755 1433 918 1488 ἒννάτην
943 1433 1053 1491 ὥραν
1078 1434 1335 1477 ἓπιὸίδοσθαι
1363 1432 1462 1489 πρὸς
1480 1437 1551 1475 τοῦ

99 1499 306 1556 Ῥωμύλου
329 1501 401 1555 τὴν
422 1502 576 1558 τροφὴν
594 1509 678 1552 τοῖς
699 1501 974 1558 στρατιώταις.

49 1583 97 1619 20
239 1571 305 1612 καὶ
321 1569 399 1628 γὰρ
418 1569 743 1624 Οὖαλεντινιανὸς
757 1571 996 1622 ἀπαίδευτος
1015 1563 1063 1625 ἦν
1082 1571 1147 1611 καὶ
1167 1566 1290 1623 μόνον
1311 1565 1553 1624 βαρύμηνις.

196 1722 216 1756 1
240 1717 446 1766 ἀνθρώπου
469 1722 561 1767 apud
583 1722 610 1756 S
723 1723 747 1757 2
770 1720 978 1766 διατραγὼν
996 1721 1046 1765 Ρ,
1072 1716 1285 1762 διατρώγων
1308 1718 1341 1752 V
1362 1729 1438 1753 cum
1464 1718 1553 1751 Por‹

192 1767 332 1812 phyrio.
445 1769 469 1801 4
490 1765 657 1807 ἀποστὰς
678 1770 770 1814 apud
792 1767 1043 1813 Porphyrium:
1069 1763 1232 1804 ἀναστὰς
1256 1765 1300 1799 V.
1395 1765 1416 1798 5
1440 1762 1554 1806 γόνου

194 1813 287 1858 apud
307 1812 508 1858 Origenem.
599 1813 661 1847 καὶ
686 1815 754 1849 add
777 1814 975 1848 Roetherus
999 1825 1018 1846 e
1041 1811 1253 1858 PorphyriO.
1349 1811 1372 1844 6
1394 1807 1554 1852 κατορύ-

191 1856 251 1898 ξῦι
272 1878 317 1884 -—
361 1860 385 1894 7
406 1857 668 1902 παραφυλάξαι
684 1879 728 1885 —-
793 1860 815 1894 8
839 1856 969 1902 ὄρύξοι
993 1859 1039 1894 V.
1132 1852 1182 1891 ἂν
1206 1867 1260 1891 mn
1283 1855 1327 1894 V.
1419 1856 1462 1889 17
1487 1867 1552 1898 αρ-

192 1913 280 1942 τους
299 1903 351 1937 V:
379 1915 457 1938 corr
484 1905 613 1939 Hasius
647 1905 725 1940 coll.
759 1906 803 1939 de
826 1905 1026 1950 Magistrat.
1049 1903 1073 1940 3
1110 1905 1147 1939 7.
1350 1897 1553 1943 Ῥωμυλίοις

191 1946 283 1983 idem
302 1961 366 1996 pro
386 1947 606 1996 Ῥωμυλίοις.
629 1955 786 1998 praestat
806 1951 937 1986 delere.

101 2081 235 2116 stitisse
254 2085 291 2116 et
310 2083 424 2118 fabam
442 2085 652 2119 effloruisse.
701 2085 796 2119 cuius
815 2083 867 2118 rei
886 2084 1069 2119 manifesta
1090 2084 1260 2118 afferebat
1277 2084 1497 2126 argumenta:
1523 2080 1554 2113 si

101 2127 180 2170 quis
199 2128 290 2162 enim
307 2129 423 2163 fabam
442 2132 583 2164 arrodat
602 2131 833 2175 dentibusque
853 2131 1090 2164 comminutam
1109 2129 1326 2163 ferventibus
1345 2127 1427 2161 solis
1446 2126 1554 2160 radiis

101 2171 274 2216 paululum
295 2181 458 2218 exponat,
475 2181 547 2209 tum
563 2183 645 2221 pest
663 2175 822 2220 exiguum
839 2177 1005 2221 temporis
1023 2174 1239 2209 intervallum
1256 2174 1391 2215 redeat,
1415 2171 1552 2206 humani

101 2217 236 2251 cruoris
260 2219 399 2253 odorem
416 2219 455 2253 in
473 2232 514 2254 ea
538 2221 730 2266 percipiet3
754 2225 938 2266 praeterea
960 2222 992 2256 si
1014 2222 1135 2255 florem
1159 2220 1338 2254 emittente
1360 2219 1442 2253 faba
1464 2228 1550 2261 pau-

101 2261 206 2296 lulum
223 2263 354 2308 aliquid
371 2265 468 2299 floris
487 2266 522 2299 in
541 2278 603 2301 vas
622 2267 728 2301 fictile
745 2267 932 2302 immissum
950 2273 987 2301 et
1006 2265 1166 2312 operculo
1186 2267 1360 2300 obtectum
1379 2264 1471 2297 humi
1490 2264 1551 2296 de*-

101 2308 226 2352 fodiat,
250 2315 355 2354 atque
378 2311 428 2344 ita
452 2312 627 2346 defossum
650 2313 724 2347 dies
748 2313 937 2357 nonaginta
960 2317 1164 2355 conservet,
1187 2316 1328 2355 tumque
1352 2309 1494 2343 ess'odiat
1518 2313 1554 2340 et.

101 2359 238 2398 promat
262 2361 366 2399 atque
395 2357 591 2401 operculum
618 2358 736 2402 tollat,
764 2358 840 2392 loco
860 2360 963 2393 fabae
985 2363 1044 2392 aut
1062 2356 1197 2402 pueruli
1219 2363 1322 2401 caput
1343 2362 1401 2389 aut
1419 2355 1552 2398 puden-

102 2398 183 2433 dum
205 2399 372 2435 muliebre
390 2407 527 2436 enatum
547 2405 714 2448 reperiet.
761 2404 880 2449 itaque
905 2404 1143 2438 abstinendum
1168 2404 1251 2438 faba
1270 2414 1312 2436 ex
1331 2401 1555 2444 Pythagorae

102 2450 303 2489 praecepto,
325 2450 364 2480 ut
387 2453 423 2481 et
445 2448 560 2483 aureis
584 2449 747 2493 oleribus,
771 2462 861 2494 quae
884 2451 1044 2484 dicuntur
1068 2449 1110 2493 (i.
1136 2461 1169 2482 e.
1193 2447 1388 2492 atriplice),
1415 2457 1490 2478 cum
1513 2456 1557 2478 ea

103 2499 242 2534 quoque
261 2502 305 2524 ex
322 2491 500 2527 mulierum
519 2495 847 2530 menstruationibus
866 2500 1089 2539 generentur.
1122 2493 1222 2528 huius
1241 2494 1294 2527 rei
1312 2491 1425 2536 gratia
1443 2491 1478 2524 in
1498 2503 1557 2524 se-

103 2533 225 2586 pulcra
246 2536 351 2570 fabae
371 2538 601 2574 coniiciuntur
622 2552 684 2585 pro
711 2541 822 2576 salute
844 2542 1029 2575 hominum.
1076 2541 1192 2575 fabam
1216 2545 1329 2573 autem
1348 2550 1368 2570 a
1389 2536 1558 2580 sanguine

104 2580 234 2613 (hctum
259 2592 359 2634 epse,
386 2584 596 2628 experiendo
624 2585 760 2631 percipi
792 2592 927 2631 potest:
960 2587 992 2620 si
1014 2586 1092 2631 quis
1114 2585 1204 2620 enim
1231 2596 1305 2617 eam
1331 2582 1559 2616 madefecerit

103 2635 169 2669 per
189 2631 300 2660 nonus
319 2638 360 2661 ac
377 2628 448 2663 diei
465 2630 627 2675 spatium,
645 2643 768 2676 aquam
782 2643 871 2676 quae
885 2633 921 2667 in
934 2644 977 2667 ea
998 2637 1053 2666 est
1070 2643 1224 2666 cruorem
1243 2631 1369 2662 factam
1389 2627 1557 2673 reperiet.

193 2671 252 2704 30.
298 2671 477 2719 Mancipes
503 2681 628 2719 autem,
652 2677 750 2711 velut
767 2678 910 2722 opifices
930 2677 1060 2722 plebeii
1082 2690 1123 2712 ac
1141 2675 1279 2710 servilis
1304 2673 1415 2718 panis,
1440 2673 1555 2707 mitte-

103 2715 189 2748 bant
206 2715 421 2760 principibus
440 2719 592 2756 civitatis
611 2723 794 2757 Romuleas
814 2735 983 2757 annonas:
1003 2724 1054 2757 ita
1071 2728 1185 2757 autem
1204 2722 1266 2754 has
1285 2721 1458 2753 vocabant
1474 2732 1555 2767 pro-

104 2764 229 2805 pterea
250 2763 342 2814 ‹lu-od
366 2775 456 2797 nona
476 2765 560 2799 hora
580 2779 601 2801 a
624 2768 770 2802 Romulo
795 2769 1070 2803 distribuebatur
1091 2767 1257 2801 militibus
1279 2765 1406 2800 victus.
1425 2785 1470 2791 —--

194 2805 337 2842 Etenna
358 2808 623 2847 Valentinianus
640 2813 799 2859 stupidus
819 2815 888 2850 fuit
907 2821 942 2849 et.
959 2814 1068 2849 solum
1090 2813 1288 2848 iracundus.
