1748 3210
636 174 712 218 DE
747 173 1036 219 OSTENTIS.
1464 173 1562 218 379

240 285 309 331 κε’.
342 294 392 347 τῇ
409 289 487 346 πρὸ
510 287 543 341 ζ’
566 290 767 332 καλενὸῶν
789 286 810 330 5
829 287 941 343 ἥλιος
966 288 1030 330 ἐπὶ
1051 290 1124 342 τῆς
1141 282 1304 344 πρώτης
1322 286 1470 342 μοίρας
1491 291 1563 328 τοῖ’

108 354 287 409 τοξότου.

243 423 317 475 κς’.
351 429 402 481 τῇ
422 425 500 481 πρὸ
524 423 558 475 ς’
578 425 779 467 καλενὸῶν
798 421 1004 471 ὡσαύτως.

243 492 318 545 κζ’.
352 498 401 550 τῇ
432 493 510 551 πρὸ
540 491 570 535 ε’
603 494 804 535 καλενὸῶν
835 490 972 534 δύεται
1001 490 1022 534 5
1046 490 1175 544 κύων,
1210 491 1278 532 καὶ
1301 489 1432 547 βροχὴ
1457 487 1568 532 ἔσται

38 578 41 579 ’
76 561 235 609 ὀνοτία.
1253 567 1256 569 ’

244 626 322 683 κη’.
350 632 401 686 τῇ
429 629 508 687 πρὸ
536 626 573 671 δ’
606 629 807 672 καλενὸῶν
827 626 992 686 ἄρχεται
1013 626 1035 670 5
1055 624 1164 670 κύων
1183 624 1357 670 δύεσθαι
1367 659 1381 679 ,
1417 628 1483 669 καὶ
1505 643 1569 669 νε-

108 695 254 755 φῶὃης
276 694 298 738 ὃ
319 695 412 754 ἀήρ-

245 762 329 808 κθ’.
357 770 408 822 τῇ
427 764 506 823 πρὸ
527 761 563 821 γ’
584 766 785 808 καλενδῶν
808 762 964 822 ὄρθρου
985 761 1121 807 δύεται
1138 761 1160 806 5
1179 761 1286 807 κύων
1299 795 1314 816 ,
1347 764 1416 806 καὶ
1434 762 1478 805 ἐκ
1499 766 1570 806 τοῖ’

110 833 226 887 λιβὸς
240 831 316 876 ῧει.

27 910 102 948 ,10
245 900 296 943 λ’.
329 904 379 957 τῇ
401 899 480 957 πρὸ
503 897 542 942 α’
565 902 768 943 καλενὸῶν
794 898 933 943 δύεται
964 897 986 942 5
1011 896 1142 951 κύων,
1180 900 1248 942 καὶ
1281 898 1452 956 ζέφυρος
1470 899 1575 953 μετὰ

109 964 228 1012 νότου
249 970 317 1014 καὶ
335 973 504 1026 βροχῆς.

191 1068 196 1072 »
246 1037 327 1082 70.
395 1037 795 1078 ΔΕΚΕΜΒΡΙΟΣ.
864 1032 917 1077 α’.
944 1035 1157 1085 καλένδαις
1178 1035 1454 1091 Δεκεμβρίαις
1476 1032 1574 1090 σύγ-

107 1119 228 1159 χυσις
256 1109 329 1148 τοῦ
362 1103 502 1162 ἀέρος·
548 1104 774 1162 ἀπαρκτίας
797 1107 932 1164 φυσᾷ,
975 1106 1044 1146 καὶ
1072 1102 1093 1146 5
1117 1104 1266 1162 Ὠρίων
1295 1102 1389 1153 ὅλος
1416 1102 1574 1159 ὄρθρου

113 1170 267 1216 δύεται.

61 1247 106 1289 15
247 1237 304 1295 β’.
337 1243 387 1295 τῇ
415 1238 494 1295 πρὸ
517 1237 553 1281 δ’
576 1243 714 1283 νωνῶν
735 1239 1000 1296 Δεκεμβρίων
1018 1237 1040 1282 5
1061 1236 1168 1282 κύων
1189 1237 1329 1282 δύεται
1349 1240 1389 1282 ἓν
1406 1237 1579 1300 ἑσπέρᾳ·

112 1306 341 1367 ἀπαρκτίας
373 1307 564 1350 ἐπιτείνει.

237 1375 302 1433 γ’.
335 1379 386 1432 τῇ
403 1374 481 1431 πρὸ
504 1373 540 1431 γ’
559 1378 695 1417 νωνῶν
712 1373 892 1430 χειμάζει
915 1375 989 1418 σὺν
1009 1373 1126 1433 ὗετῷ.

252 1442 306 1488 δ’.
339 1447 390 1500 τῇ
408 1442 486 1500 πρὸ
509 1442 546 1486 α’
567 1447 702 1486 νωνῶν
726 1442 863 1486 δύεται
884 1441 905 1485 5
927 1442 1094 1498 τοξότης
1114 1444 1181 1485 καὶ
1203 1445 1360 1499 βορρᾶς
1382 1448 1483 1486 πνεῖ.

253 1510 298 1556 ε’.
333 1511 479 1562 νώναις
496 1512 769 1569 Δεκεμβρίαις
788 1511 919 1569 βροχὴ
941 1513 1008 1553 καὶ
1031 1513 1304 1567 πολυομβρία.

60 1593 108 1629 20
254 1579 304 1632 ς’.
338 1585 387 1637 τῇ
406 1579 485 1637 πρὸ
507 1578 545 1636 η’
567 1582 684 1623 εἰδῶν
704 1580 967 1638 Δεκεμβρίων
993 1579 1040 1624 τὸ
1063 1581 1188 1634 μέσον
1211 1584 1284 1622 τοῦ
1302 1576 1468 1630 τοξότου
1494 1577 1582 1621 ἀνί-

117 1663 219 1702 σχει.

253 1711 303 1768 ζ’.
337 1718 388 1771 τῇ
407 1713 485 1771 πρὸ
509 1713 542 1767 ζ’
563 1718 682 1758 εἰδῶν
703 1714 854 1771 ἀνίσχει
873 1715 894 1758 5
918 1715 1033 1765 ἀετὸς
1051 1716 1118 1757 καὶ
1142 1721 1234 1757 πνεῖ
1251 1713 1272 1757 5
1292 1716 1384 1770 λίψ.

468 1782 724 1801 xxxxx

478 1850 725 1870 „„„„

62 1926 108 1963 25
121 1924 220 1972 πνεΐ.

258 1985 297 2027 ι’.
333 1990 384 2041 τῇ
415 1987 493 2044 πρὸ
529 1986 564 2028 ‹5'
598 1987 714 2028 εἰδῶν
743 1984 894 2040 βορέας
915 1984 1082 2040 συχνός,
1130 1988 1198 2028 καὶ
1221 1984 1439 2043 ὅ-οὗρανὸς
1460 1986 1586 2040 μέλας
1647 1981 1651 1985 ’

122 2056 166 2099 ἔκ
185 2059 257 2110 τῆς
269 2052 419 2109 χιόνος.

214 2149 239 2184 4
251 2147 376 2203 κύων]
400 2159 481 2183 num
502 2145 677 2203 Ὠρίωνί)
708 2147 883 2184 Leonicus
906 2151 1005 2183 certe
1031 2150 1136 2184 Orion
1159 2151 1298 2185 occidit.
1321 2149 1371 2184 H.
1498 2149 1541 2184 15
1565 2147 1588 2183 ὁ

213 2193 315 2229 κύων
337 2206 392 2229 om
416 2195 600 2230 c.17
623 2191 762 2234 νώναις
779 2194 822 2229 C.
917 2196 961 2230 19
978 2196 1164 2240 sequentia
1180 2208 1234 2231 om
1250 2195 1325 2231 Rb.
1395 2196 1441 2231 27
1459 2196 1527 2229 τοῦ
1544 2196 1589 2230 C.

123 2274 183 2309 25.
222 2284 278 2307 vn
316 2273 396 2308 Kal.
437 2273 490 2307 sol
527 2272 564 2307 in
596 2273 709 2318 primo
745 2275 856 2318 gradu
890 2273 1080 2318 sagittarii.
1219 2276 1280 2310 26.
1314 2285 1354 2308 vl
1378 2274 1459 2308 Kal.
1490 2274 1587 2308 item.

123 2321 183 2356 27.
209 2330 231 2352 v
256 2319 337 2353 Kal.
362 2319 492 2354 occidit
510 2319 628 2360 canis3
654 2319 724 2353 erit
747 2325 866 2354 auster
887 2332 962 2354 cum
990 2319 1120 2366 pluvia.
1236 2321 1295 2355 28.
1322 2331 1362 2354 ιν
1387 2320 1467 2354 Kal.
1493 2320 1590 2354 canis

123 2365 252 2418 incipit
272 2365 456 2408 occidere3
481 2366 541 2399 aet
562 2365 763 2399 nebulosus.
882 2367 941 2400 29.
966 2377 1010 2399 111
1034 2367 1113 2400 Kal.
1139 2367 1307 2400 matutino
1331 2366 1459 2400 occidit
1482 2366 1591 2410 canis,

125 2416 164 2446 et
181 2410 292 2445 africo
307 2412 420 2490 lflante
441 2411 542 2457 pluit.
636 2411 696 2445 30.
723 2411 816 2456 prid.
841 2411 921 2445 Kal.
948 2411 1077 2446 occidit
1100 2413 1218 2454 canis;
1242 2411 1405 2446 favonius
1428 2423 1504 2446 culn
1527 2423 1590 2446 au-

125 2462 200 2492 stro
224 2462 262 2491 et
284 2469 306 2502 p
321 2469 403 2491 uvm

217 2502 276 2537 70.
322 2502 610 2537 DECEMBER.
659 2503 693 2535 1.
718 2501 888 2536 Kalendis
915 2502 1169 2537 Decembribus
1202 2502 1356 2537 turbatio
1389 2503 1502 2536 aeris:
1534 2514 1593 2536 se-

126 2547 282 2592 ptentrio
313 2549 396 2592 flat,
429 2554 465 2583 et
493 2548 606 2581 Orion
633 2551 727 2581 totus
755 2560 854 2581 mane
885 2548 1026 2582 occidit.
1165 2549 1200 2582 Ξ.
1227 2559 1266 2582 lv
1291 2549 1385 2582 Non.
1407 2549 1592 2582 Decembr-

127 2593 224 2627 oanis
247 2593 378 2628 occidit
393 2593 553 2638 vesperi3
578 2593 772 2637 septentrio
794 2594 1036 2627 increbrescit.
1130 2594 1166 2628 3.
1192 2605 1236 2627 111
1251 2595 1345 2628 Non.
1370 2593 1500 2628 hiemat
1517 2606 1594 2628 cum

129 2638 262 2692 pluvia.
354 2639 390 2673 4.
415 2639 508 2684 prid.
530 2642 623 2674 Non.
650 2639 778 2673 occidit
800 2640 1016 2684 sagittarius,
1042 2643 1077 2673 et
1098 2639 1212 2684 spirat
1230 2640 1361 2684 aquilo.
1455 2641 1491 2674 5.
1517 2640 1593 2674 No-

130 2684 186 2718 nis
206 2684 456 2719 Decembribus
481 2686 601 2730 pluvia
623 2685 805 2730 imberque
827 2686 966 2720 multus.
1096 2686 1131 2719 6.
1158 2696 1226 2718 v111
1252 2687 1306 2720 ld.
1330 2686 1515 2720 Decembr.
1536 2697 1593 2719 sa-

132 2729 296 2773 gittarius
319 2730 452 2765 medius
477 2732 600 2766 oritur.
741 2733 776 2766 7.
811 2743 865 2765 vu
897 2732 950 2765 Id.
987 2731 1098 2765 oritur
1133 2730 1270 2775 aquila,
1305 2731 1418 2775 spirat
1451 2731 1594 2766 airicus.

133 2777 170 2810 8.
193 2786 230 2808 Vl
251 2776 306 2809 Id.
331 2776 470 2823 scorpio
489 2782 582 2812 totus
602 2778 773 2811 exoritur.
881 2779 916 2811 9.
944 2789 964 2811 ν
993 2778 1047 2811 Id.
1075 2777 1172 2811 canis
1196 2777 1338 2821 vesperi
1364 2778 1497 2811 oritur·
1521 2777 1595 2822 spi-

132 2828 191 2856 rat
213 2827 343 2857 auster.
485 2824 607 2858 10.1v
629 2824 684 2863 ld.
719 2824 836 2868 aquilo
866 2825 1015 2867 creber3
1049 2823 1183 2858 caelum
1214 2823 1417 2870 nigrescens
1448 2835 1470 2859 a
1500 2824 1596 2858 nive.
