1748 3210
570 164 1025 209 COMMENTARIUS.
1351 196 1353 198 .
1394 177 1529 208 xxxlx

77 299 192 350 tius,¹
215 296 320 338 nihil
350 295 599 350 splendidius
631 299 681 337 ab
711 300 795 338 ullo
825 299 1072 351 superiorum
1096 298 1345 338 saeculorum
1366 309 1458 348 rege
1484 299 1528 335 in

74 366 300 407 liberalium
331 367 476 405 artium
504 366 756 406 commodum
785 368 1008 406 institutum
1034 375 1105 406 est.
1174 368 1229 404 ita
1249 380 1340 404 cum
1366 372 1467 404 esset
1483 367 1526 403 in

73 436 251 475 maximo
272 436 441 486 imperit)
462 448 641 474 summus
662 437 807 473 artium
832 443 872 473 et
891 437 1019 474 omnis
1038 435 1295 474 humanitatis
1319 434 1465 472 arbiter
1486 441 1525 487 et

74 503 189 556 quusi
211 509 441 555 procurator
470 502 690 542 excitandis
722 517 767 541 ac
799 504 1066 555 propagandis
1094 502 1235 543 studiis
1268 504 1439 551 electus,
1483 504 1526 540 in

73 570 317 621 nobilissimi
330 572 508 610 muneris
525 572 780 623 occupatione
807 570 911 609 nihil
939 574 1127 624 temporis
1159 573 1357 624 reliquum
1385 569 1527 608 habuit

73 637 183 692 qnod
209 637 324 692 Lydo
356 638 626 690 impenderet,
680 653 920 692 omnemque
948 642 1080 691 potius
1111 647 1288 678 mentem
1316 639 1528 691 cogitatio-

70 717 167 744 nem
188 719 352 759 operam
369 705 557 745 adhibere
580 708 720 756 voluit,
754 715 798 745 ut
818 715 975 758 gratum
992 711 1182 757 animum,
1209 708 1369 760 qualem
1388 714 1528 759 postea

70 775 348 825 inlusulentis
363 775 519 826 scriptis
539 774 655 826 apud*
663 777 935 827 posteritatem
957 776 1158 827 professus
1181 782 1262 824 est,
1303 777 1426 813 talem
1446 777 1528 812 iam

71 849 170 882 tunc
197 844 242 882 in
262 845 359 896 ¹ips'a
386 844 563 881 muneris
590 844 767 894 gestione
795 851 1022 895 praesentes
1057 851 1218 896 possent
1248 841 1431 882 homines
1460 845 1527 880 in·

70 912 187 950 tund.

181 980 329 1019 venun
341 977 528 1030 tandem,
567 993 659 1018 cum
677 986 781 1019 esset
799 980 1004 1032 patriae'et
1023 981 1176 1018 Gallico
1200 979 1284 1018 solo
1307 980 1524 1028 restitutus,

68 1045 346 1100 Lydibdiutius
366 1048 540 1098 neglecti
560 1049 684 1086 serior
706 1061 799 1086 cura
818 1050 998 1086 animum
1021 1049 1154 1087 subire
1176 1048 1319 1099 coepit.
1378 1048 1527 1085 etenim

69 1121 255 1153 exoratus
274 1115 324 1152 ab
347 1128 394 1153 eo
414 1113 536 1153 homo
563 1114 814 1155 docfissimus
839 1117 1003 1155 Villoiso
1033 1118 1076 1154 in
1106 1131 1148 1155 se
1170 1123 1395 1168 susceperat
1413 1122 1456 1152 ut
1477 1114 1528 1152 ad

69 1181 247 1220 codicem
273 1183 443 1221 feliciter
470 1185 678 1222 inventum
707 1185 865 1222 felicius
893 1183 1094 1223 edendum
1119 1198 1268 1223 nomen
1291 1192 1330 1222 et
1350 1185 1527 1235 auspicia

35 1264 37 1266 ·
67 1250 290 1302 praeben-eti
347 1250 419 1289 sed
436 1253 670 1303 priusquam
692 1265 785 1289 eum
804 1252 910 1290 foras
936 1250 1070 1301 daret,
1110 1251 1419 1302 descriptionem
1438 1251 1526 1289 Vil-

67 1317 172 1355 loiso
196 1317 259 1354 sui
288 1330 359 1368 per
377 1319 585 1355 Graeciam
614 1321 767 1356 itineris
795 1318 1077 1371 perficiendam
1110 1320 1186 1357 sibi
1221 1318 1359 1368 duxit,
1405 1332 1527 1371 quam

68 1385 219 1436 publici
245 1385 343 1422 iuris
374 1385 572 1423 facturum
604 1399 690 1423 sese
720 1398 810 1422 cum
843 1399 962 1436 saepe
991 1387 1086 1423 alibi
1116 1386 1403 1437 spoponderat,
1441 1394 1528 1424 tum

67 1453 246 1490 maxime
275 1453 554 1504 Prolegomen.
581 1451 632 1490 ad
659 1452 775 1490 ssiad.
805 1467 845 1504 p.
871 1466 964 1501 L1v3
1013 1451 1144 1505 adque
1169 1466 1259 1490 eam
1289 1467 1374 1491 rem
1393 1455 1528 1492 omnia

68 1520 233 1558 consilia
263 1526 382 1572 atque
399 1518 545 1558 'studia
575 1519 721 1556 referre
754 1532 826 1557 sua
856 1520 997 1570 coepit.
1056 1527 1246 1558 statuerat
1277 1528 1410 1558 autem
1433 1528 1527 1559 tunc

68 1586 242 1639 denique
271 1600 317 1625 ea
338 1586 506 1639 prodere
536 1599 638 1639 quae
663 1588 706 1624 in
727 1589 876 1625 recenti
895 1588 1059 1625 Graecia
1082 1601 1369 1640 usquequaque
1390 1589 1526 1627 obser-

69 1661 212 1703 vasset,
231 1668 335 1692 cum
353 1656 428 1693 iter
450 1655 683 1693 confecisset
704 1655 746 1692 in
771 1662 959 1704 veterem,
989 1653 1064 1693 hoc
1087 1663 1146 1694 est
1167 1657 1306 1704 (verba
1326 1658 1412 1708 ipsa
1433 1664 1524 1694 sunt

69 1723 296 1763 VilloIsonis
324 1724 602 1775 Prolegomen.
623 1723 652 1760 l.
676 1722 782 1775 cit.),
826 1738 915 1762 cum
945 1731 1124 1763 auctores
1143 1726 1307 1762 Latinos
1330 1725 1526 1762 Graecos-

67 1805 146 1845 que
164 1791 343 1843 singulos
362 1795 393 1829 a'
404 1793 533 1844 capite
556 1790 607 1829 ad
627 1791 776 1828 calcem
794 1793 1041 1844 perlegisset,
1064 1806 1247 1846 quaeque
1268 1792 1317 1830 de
1339 1794 1523 1831 omuibus

67 1860 185 1899 rebus
200 1859 252 1898 ad
267 1861 475 1898 Graeciam
487 1860 718 1911 Aegaeique
734 1861 858 1898 maris
877 1861 1027 1900 insulas
1051 1861 1410 1914 quomodocunque
1430 1875 1525 1913 per-

67 1928 284 1967 tinentibus
299 1929 469 1980 quisque
489 1928 658 1979 scripsit,
682 1940 728 1966 ea
749 1931 1025 1979 excerpsisset,
1057 1932 1282 1983 referreque
1307 1943 1352 1966 ac
1373 1929 1524 1967 discer-

66 2009 162 2034 nere
179 2002 220 2034 et
241 2004 335 2035 cum
351 1997 401 2034 iis
421 2007 523 2047 quae
540 1997 626 2046 ipse
650 1994 814 2033 vidisset
839 1997 1016 2035 conferre
1036 2006 1183 2050 posset.
1221 2010 1414 2048 magnum
1428 2010 1523 2035 saue

67 2072 110 2103 et
127 2065 342 2116 singulare,
372 2062 617 2114 dignumque
639 2063 710 2100 tali
729 2065 812 2101 viro
833 2066 1054 2116 consilium,
1082 2075 1133 2116 et,
1164 2068 1197 2105 si
1218 2066 1352 2118 perfici
1367 2067 1522 2117 potuis-

69 2139 151 2181 set,
189 2133 234 2169 in
258 2133 398 2184 primis
423 2133 521 2169 utile
552 2131 737 2169 doctrinis
766 2134 923 2171 nostrIS.
982 2134 1054 2173 sed
1087 2137 1175 2188 quis
1198 2136 1325 2172 nescit
1350 2147 1385 2171 a·
1414 2134 1522 2175 1789

69 2200 271 2252 publicam
300 2213 385 2238 rem
406 2200 594 2237 Franciae
621 2200 663 2236 in
693 2197 876 2238 homines
898 2201 1083 2241 incidisse
1117 2217 1198 2241 non
1225 2210 1309 2240 tam
1339 2215 1521 2240 commu-

68 2266 279 2305 tandarum
300 2280 431 2305 rerum
453 2279 574 2319 quam
594 2266 895 2306 evertendarum
917 2269 1111 2322 cupidos?
1140 2278 1311 2323 suntque
1335 2271 1520 2308 contiuuo

68 2342 249 2387 tempora
280 2335 420 2373 acerba
453 2342 571 2387 atque
601 2334 833 2387 gladiatoria
866 2338 936 2374 illa
965 2345 1195 2386 consecuta,
1259 2338 1402 2390 quibus
1430 2348 1520 2372 cum

71 2416 208 2442 omnes
229 2404 366 2441 literae
385 2405 668 2453 conticuerunt,
698 2411 790 2442 tum
804 2406 981 2442 maxime
999 2405 1321 2453 Villoisonianae,
1347 2406 1519 2441 Graecae

71 2473 220 2510 &ilicet
236 2485 282 2509 ac
303 2470 582 2523 philologicae.
639 2474 773 2524 itaque
801 2471 920 2511 huius
950 2474 1087 2524 magni
1117 2474 1268 2510 itineris
1295 2485 1374 2509 non
1400 2469 1519 2508 modo

72 2537 176 2576 nihil
194 2538 324 2588 edere,
343 2540 415 2579 sed
431 2554 563 2593 neque
580 2541 791 2578 lectionem
807 2542 934 2590 illam,
957 2554 1035 2593 qua
1056 2539 1107 2578 ad
1128 2541 1381 2590 scriptionem
1402 2553 1521 2590 prae-

74 2617 213 2656 parare
231 2608 462 2658 sevolebat,
507 2609 733 2658 absolvere,
776 2609 926 2647 nedum
954 2608 1003 2646 de
1021 2607 1135 2661 Lydo
1160 2608 1356 2657 cogitare,
1399 2608 1518 2645 variis

73 2672 228 2710 casibus
244 2687 448 2724 percussus
465 2678 606 2727 potuit.
661 2690 791 2729 neque
814 2678 964 2728 magis,
1002 2690 1093 2713 cum
1123 2682 1352 2726 recuperata
1384 2689 1425 2712 re
1445 2689 1523 2726 pu-

75 2740 179 2778 blica
203 2743 413 2792 respirasse
431 2742 612 2782 homines
629 2746 704 2782 visi
721 2753 834 2795 sunt,
874 2746 935 2783 illi
967 2744 1130 2797 quidem
1150 2744 1263 2780 licuit
1280 2744 1435 2795 placato
1458 2757 1522 2780 re-

75 2821 164 2846 rum
179 2815 286 2848 statu
301 2808 371 2848 ‹liu
387 2811 478 2850 frui.
537 2813 683 2852 etenim
701 2826 736 2851 a.
761 2812 865 2856 1805
887 2826 923 2852 a.
944 2812 983 2852 d.
1006 2814 1031 2854 6
1051 2811 1140 2851 Kal.
1161 2812 1255 2850 Mai.
1273 2823 1420 2864 paucos
1434 2816 1525 2863 post

1551 788 1586 823 p.
1607 785 1684 810 mxv

1552 975 1607 1016 30

1547 2079 1583 2112 p.
1605 2075 1696 2098 mcvt
