1748 3210
615 159 690 202 DE
724 155 903 202 OST-EN
907 156 1015 200 TIS..
1438 148 1534 196 295

101 271 240 324 ὥσπερ
270 269 308 313 εί
333 267 380 312 ἐν
406 267 527 325 ἡμέρᾳ
557 265 692 325 ὀφθῇ.
722 263 798 310 ἐὰν
823 263 1015 321 πρηστὴρ
1044 260 1164 319 πέσῃ,
1194 258 1391 317 θόρυβος
1417 259 1533 303 ἔσται

98 344 190 390 ταῖς
225 331 374 381 πόλεσι
408 340 500 386 ταῖς
534 335 645 389 πρὸς
678 332 757 390 τήν
793 328 1020 387 ἀνατολήν.
1079 330 1116 373 εἰ
1145 326 1317 384 σεισμός
1343 326 1531 383 γένηται,

94 404 287 460 χάσματα
325 401 482 447 τοπικοὶ
532 402 659 446 ἔσται.
731 397 808 443 ἐὰν
843 397 993 455 ὁμίχλη
1031 399 1310 441 πυκνωθεῖσα
1352 395 1412 445 εἰς
1448 395 1532 450 γῆν

95 469 226 528 πέσῃ,
265 474 382 522 σῖτος
419 469 536 514 ἔσται
570 466 716 519 πολύς.
774 467 812 510 εί
849 464 872 510 ὁ
910 465 1034 521 ἥλιος
1074 460 1320 519 αἱματώδης
1345 461 1535 518 γένηται,

63 536 288 594 δάιοβολὴ
318 537 436 581 ἔσται
465 535 723 592 ἀνθρώπων.
755 533 831 578 ἐὰν
858 536 1029 588 πνεῦμα
1057 530 1244 584 ἐξαίσιον
1271 526 1436 584 πνεύσῃ
1465 528 1535 572 ἐπὶ

94 602 198 648 ἑπτὰ
235 603 419 660 ἡμέρας,
463 608 579 655 σῖτος
617 603 731 646 ἔσται
766 599 917 652 πολύς.
975 598 1051 643 ἐὰν
1080 597 1165 642 ἀπὸ
1194 596 1425 653 νεομηνίας
1453 594 1538 646 ἕως

94 669 273 728 ἒννάτης
307 674 390 715 τοῦ
426 669 563 727 μηνὸς
599 668 758 714 τούτου
798 666 971 723 σεισμὸς
1008 665 1202 722 γένηται,
1241 662 1420 721 φθορὰν
1459 660 1537 706 α’ν-

68 737 288 792 μθρεόεῐιεων
316 736 490 782 ἀπειλεῖ.
550 738 587 781 εἰ
624 737 670 781 δὲ
711 733 795 779 ἀπὸ
826 732 1004 790 ἐννάτης
1034 732 1114 784 ἕως
1142 729 1425 787 δεκαεννοίτης
1452 740 1537 774 σει-

96 803 204 858 σμὸς
231 805 425 862 γένηται,
467 802 491 848 ὁ
521 806 694 859 κρατῶν
722 806 809 846 τῶν
837 801 1104 858 πραγμάτων
1133 797 1315 844 κάκιστα
1344 795 1539 854 διαγενή-

43 881 236 924 ῙΟσεται,
273 873 390 916 ἔσται
431 871 477 915 δὲ
515 871 589 914 καὶ
625 868 748 925 λιμός
782 874 872 920 τοῖς
899 866 1072 923 κτήνεσι
1099 867 1172 910 καὶ
1200 864 1360 915 ὕδατος
1387 868 1537 915 λεῖψιςι

95 938 134 981 εἰ
166 936 251 983 ἀπὸ
281 940 472 994 εἰκοστῆς
501 935 673 992 σεισμὸς
699 934 884 991 γένηται,
914 934 1172 976 ταπείνωσιν
1192 937 1283 982 τοῖς
1303 931 1375 975 διὰ
1395 931 1546 988 λόγων,

94 1004 275 1058 ἀπειλεῖ,
303 1009 363 1064 τῷ
393 1004 440 1049 δὲ
467 1002 584 1061 τόπῳ
613 1000 848 1058 ἐναλλαγὴν
883 999 1104 1056 ἄρχοντος.
1161 999 1199 1042 εί
1227 996 1312 1042 ἀπὸ
1343 999 1541 1055 εἰκοστῆς

94 1071 283 1129 πέμπτης
321 1071 402 1122 ἕως
439 1072 694 1124 τριακοστῆς
726 1066 898 1123 σεισμὸς
924 1066 1120 1122 γένηται,
1158 1069 1370 1122 χειμῶνας
1397 1065 1538 1122 μεγά-

94 1140 199 1188 λους
228 1138 448 1194 σημαίνει,
484 1138 547 1174 καὶ
584 1133 771 1189 πόλεμος
808 1134 926 1177 ἔσται
960 1133 1034 1176 καὶ
1062 1130 1308 1184 ἄπόπτωσις
1337 1130 1539 1188 ἄρχοντος

44 1214 86 1251 15
98 1206 265 1247 καινοῦ.
332 1205 368 1247 εἰ
406 1201 476 1245 ἐπὶ
512 1203 588 1258 τῆς
626 1199 858 1258 τριακάδος
895 1197 1056 1256 σεισμὸς
1092 1199 1288 1258 γένηται,
1326 1202 1541 1257 χειμῶνας

93 1268 308 1327 μεγάλους
336 1270 546 1325 σημαίνει.

211 1341 278 1381 19.
336 1338 524 1385 Σελήνη
553 1334 793 1393 καρκίνῳ.
851 1330 946 1391 εἰῆ
985 1335 1127 1382 σελήνη
1167 1331 1321 1389 ἀμυδρὰ
1362 1331 1537 1390 ὀφθείη,

97 1403 339 1462 στράτευμα
367 1400 596 1456 ἀλλότριον
625 1401 693 1445 ἐπὶ
721 1400 802 1458 τὴν
827 1399 1035 1459 βασιλέως
1062 1399 1144 1456 ἥξει
1170 1402 1305 1450 χώραν·
1346 1399 1421 1444 ἐὰν
1439 1395 1541 1457 ἦχος

98 1471 146 1515 ἐκ
175 1474 251 1527 τῆς
279 1473 358 1526 γῆς
384 1469 577 1526 γένηται,
608 1467 824 1526 τύραννος
852 1467 1193 1524 ἀναιρεθήσεται.
1245 1468 1310 1506 ἐὰν
1337 1469 1542 1523 κεραυνὸς

44 1539 205 1596 marefon
244 1539 305 1588 εἰς
342 1540 446 1592 γῆν,
485 1535 630 1587 πόλεις
664 1535 866 1592 παράλιοι
905 1533 1252 1591 ἐρημωθήσονται
1288 1538 1350 1574 καὶ
1388 1535 1543 1591 ἀπορία

96 1606 216 1651 ἔσται
241 1602 502 1659 ἀνθρώπων.
562 1602 638 1646 ἐάν
676 1603 704 1659 ἡ
742 1603 896 1660 σελήνη
934 1600 1179 1659 αἱματώδης
1207 1605 1351 1658 φανῇ,
1389 1602 1544 1660 ἄνδρες

98 1671 277 1716 δυνατοὶ
304 1668 775 1726 κακοδαιμονήσουσιν·
812 1668 890 1713 ἐάν
926 1668 954 1725 ἡ
994 1672 1121 1718 σελήνη
1159 1670 1196 1716 ἐξ
1234 1673 1332 1711 ἴσου
1360 1669 1433 1725 ἔχῃ
1462 1669 1543 1723 τοὶς

96 1741 293 1794 κεραίας,
330 1737 478 1794 εἰρήνη
507 1737 624 1780 ἔσται
653 1737 726 1780 καὶ
756 1735 963 1792 εὐθηνία·
1004 1737 1040 1779 εἰ
1070 1735 1116 1778 δὲ
1144 1731 1332 1791 ὑπερέχῃ
1365 1733 1394 1791 ἡ
1423 1735 1543 1791 ἑτέρα

96 1807 178 1866 τήν
204 1805 377 1861 ἑτέραν,
415 1803 576 1856 ὕδατος
615 1804 733 1847 ἔσται
770 1807 918 1853 λεῖψις.
987 1803 1022 1845 εἰ
1053 1802 1223 1857 σεισμὸς
1250 1801 1427 1858 γένηται
1457 1802 1543 1847 ἀπὸ

190 1895 234 1931 12
257 1889 332 1928 ἀπὸ
354 1891 387 1928 ιε’
408 1894 451 1928 C.
592 1893 634 1927 15
653 1903 731 1926 num
753 1891 899 1926 κλεινοῦ
914 1891 932 1925 ?
957 1891 1005 1924 H.
1142 1892 1191 1926 23
1206 1888 1230 1935 ἢ
1253 1891 1358 1936 vulgo
1385 1904 1452 1927 orn.

98 1973 287 2010 lamitatum
309 1970 492 2014 indicium,
522 1970 675 2014 itemque
699 1969 730 2002 si
751 1969 902 2002 interdiu
926 1968 1151 2012 conspicitur.
1198 1971 1301 2004 turbo
1325 1982 1490 2005 accensus
1514 1971 1547 2006 si
1612 2001 1616 2006 .

100 2021 268 2060 defertur,
291 2016 453 2050 tumultus
479 2016 547 2049 erit
569 2015 606 2048 in
629 2014 772 2048 urbibus
797 2025 860 2058 per
870 2014 1063 2048 Orientem.
1110 2014 1141 2046 si
1158 2022 1316 2049 movetur
1334 2022 1446 2060 terra,
1468 2017 1546 2052 hia-

99 2066 155 2100 bit
171 2063 312 2109 passim.
360 2060 486 2094 nebula
508 2072 625 2094 crassa
648 2060 678 2092 si
696 2059 732 2092 in
754 2063 880 2092 terram
903 2059 1086 2103 delabitur,
1110 2060 1319 2095 frumentum
1340 2061 1408 2095 erit
1426 2063 1547 2108 copio-

99 2122 195 2146 sum:
226 2108 279 2143 sol
306 2107 335 2141 si
366 2107 407 2140 fit
430 2105 731 2150 sanguinolentus,
766 2104 927 2138 interitus
952 2105 1124 2139 hominum
1147 2106 1227 2140 erit.
1274 2112 1398 2141 ventus
1422 2108 1547 2152 ingens

101 2157 133 2191 ai
155 2157 220 2190 flat
239 2165 303 2198 per
322 2152 397 2186 dies
418 2157 563 2196 septem,
586 2151 791 2183 frumentum
814 2150 882 2183 erit
901 2150 1090 2196 copiosum.
1137 2151 1170 2185 si
1191 2163 1212 2185 a
1230 2163 1319 2186 nova
1338 2152 1418 2187 luna
1437 2165 1548 2198 usque

102 2201 148 2236 ad
170 2201 261 2235 diem
281 2209 406 2232 nonum
424 2197 524 2231 huius
545 2195 672 2229 mensis
691 2201 848 2229 movetur
870 2201 986 2239 terra,
1018 2196 1189 2231 hominum
1219 2203 1370 2242 stragem
1405 2199 1546 2234 minita-

102 2252 172 2280 tur.
219 2245 310 2278 idem
329 2244 359 2277 si
381 2243 507 2276 accidit
530 2253 550 2275 a
572 2241 651 2274 luna
674 2252 764 2274 nona
786 2252 895 2285 usque
919 2243 962 2275 ad
987 2242 1150 2276 decimam
1173 2255 1308 2286 nonam,
1335 2244 1365 2277 is
1390 2245 1449 2289 qui
1472 2256 1547 2280 rem

102 2290 273 2338 publicam
295 2294 392 2324 tenet
411 2287 600 2321 miserrime
619 2286 724 2320 vitam
743 2292 899 2330 peraget,
922 2287 1106 2332 inediaque
1129 2289 1418 2323 conflictabuntur
1438 2302 1544 2335 peco-

102 2349 163 2379 ra,
197 2342 234 2370 et
257 2347 346 2380 aqua
365 2333 517 2368 deficiet.
566 2332 596 2366 si
618 2338 843 2366 terraemotus
871 2334 912 2366 fit
937 2333 1018 2367 inde
1052 2346 1072 2367 a
1095 2334 1151 2368 die
1173 2335 1361 2378 vigesimo,
1396 2335 1546 2370 literatis

100 2381 296 2417 hominibus
318 2378 585 2414 imminutionem
607 2377 820 2411 auctoritatis
844 2378 1043 2421 denuntiat,
1081 2380 1218 2424 regioni
1249 2380 1548 2416 commutationem

103 2427 283 2473 principis.
330 2426 361 2460 si
382 2430 478 2459 terra
499 2429 656 2457 movetur
679 2435 700 2456 a
720 2423 777 2457 die
797 2423 965 2467 vigesimo
990 2424 1108 2468 quinto
1135 2427 1179 2459 ad
1199 2425 1411 2469 trigesimum
1424 2452 1434 2470 ,
1458 2432 1549 2461 tem-

102 2478 259 2519 pestates
287 2482 427 2516 magnas
455 2470 649 2513 significat,
689 2468 825 2513 eritque
852 2469 977 2503 bellum
1001 2475 1036 2503 et
1061 2470 1214 2504 recentis
1241 2471 1409 2516 principis
1432 2473 1547 2508 ruina.

105 2519 138 2554 ai
158 2523 387 2553 terraemotus
411 2517 452 2550 fit
473 2515 529 2549 die
548 2515 738 2559 trigesimo,
761 2520 985 2559 tempestates
1004 2527 1142 2559 magnas
1165 2516 1352 2559 significat.

199 2565 255 2599 19.
301 2563 426 2597 Luna
455 2573 589 2595 canor
602 2574 635 2595 ο.
681 2560 762 2594 luna
787 2560 818 2593 si
841 2561 989 2594 obscura
1009 2561 1166 2605 videtur,
1192 2562 1364 2600 exercitus
1414 2563 1547 2608 eregri-

108 2620 174 2644 nus
195 2609 235 2643 in
254 2608 417 2643 Caesaris
436 2609 523 2641 fines
545 2607 676 2640 veniet.
723 2606 754 2639 si
771 2605 904 2639 sonitus
924 2606 966 2639 fit
985 2618 1005 2639 e
1027 2611 1134 2650 terra,
1156 2612 1325 2651 tyrannus
1344 2613 1380 2643 to
1407 2615 1484 2644 etur
1505 2611 1550 2644 de

107 2655 235 2691 medio.
259 2659 354 2688 terra
373 2653 405 2687 si
420 2653 561 2688 fulmine
578 2652 743 2696 tangitur,
768 2653 871 2685 urbes
889 2651 1078 2686 maritimae
1095 2653 1335 2696 vastabuntur,
1359 2653 1550 2690 hominum-

109 2712 178 2745 que
203 2700 272 2734 erit
291 2699 422 2744 inopia.
468 2698 549 2732 luna
579 2698 609 2732 si
638 2697 902 2742 sanguinolenta
925 2697 1086 2743 videtur,
1119 2698 1205 2732 viris
1231 2699 1432 2744 potentibus
1466 2701 1552 2736 dura

110 2745 181 2780 erit
202 2743 418 2786 fortuna3'si
440 2744 596 2789 aequalia
619 2744 725 2778 habet
743 2754 882 2788 cornua,
907 2754 975 2788 pax
993 2743 1061 2777 erit
1079 2747 1115 2778 et
1132 2744 1234 2789 copia
1251 2755 1385 2788 rerum3
1413 2747 1443 2782 si
1464 2747 1551 2782 alte-

109 2803 184 2826 rum
207 2790 453 2838 supereminet,
474 2801 585 2836 aquae
607 2789 676 2825 erit
698 2788 862 2825 defectio.
910 2794 1006 2824 terra
1029 2789 1060 2823 si
1083 2790 1237 2835 quatitur
1255 2802 1276 2826 a
1293 2802 1392 2828 mane
1416 2793 1487 2829 diei
1509 2793 1552 2829 ad
