1748 3210
239 201 334 248 340
758 202 977 247 IOANNIS
1009 202 1141 245 LYDI

235 311 428 370 πυρώδεις
444 317 632 370 τυφῶνες,
654 311 692 352 οἶ
709 309 750 351 δ’
771 309 826 352 ἷέτι
843 314 995 365 μᾶλλον
1014 310 1205 364 ἀνειμένοι
1227 310 1410 369 ἔκνεφίαι.
1443 313 1587 367 αι’γίὸες
1605 329 1647 367 γε

234 381 313 435 μὴν
330 381 504 435 λέγονται
525 379 562 419 οἶ
580 379 620 418 ἐν
640 382 846 434 συστροφῇ
865 378 988 434 πυρὸς
1005 376 1223 434 φερόμενοι.
1286 378 1409 435 ταύτῃ
1428 381 1559 434 αἰγίδα
1575 378 1648 419 Διὶ

235 450 480 503 περιτίθησιν
511 442 531 484 ὃ
560 442 695 498 λόγος,
730 445 845 486 οἱονεὶ
868 445 935 486 τὸν
958 445 1054 499 ἀέρα
1076 444 1299 499 καταιγίὸος
1323 447 1386 486 καὶ
1409 450 1645 498 συσσεισμοῢ

235 514 358 554 αἴτιον
389 509 748 566 παραινιττόμενος.
814 513 887 553 εἶσὶ
918 512 960 552 de*
987 513 1052 552 καὶ
1081 512 1194 566 ἕτερα
1221 509 1406 564 σχήματα
1428 516 1645 568 κεραυνῶν

235 578 378 626 ἑλικίας
400 577 542 626 αὐτοὺς
559 577 609 618 τὰ
627 579 765 630 βιβλία
784 582 915 628 καλεῖ,
945 576 1003 619 ὅτι
1023 575 1211 631 ἑλικοειδῆ
1230 576 1416 633 γραμμὴν
1436 579 1476 618 ἐν
1496 582 1552 634 τῷ
1571 595 1643 619 κα-
1656 588 1677 623 5

232 645 479 700 ταφέρεσθαι
524 645 837 698 παραδεικνῢσιν.
903 643 984 686 ἔστι
1017 645 1060 685 δὲ
1076 642 1287 698 θαυμάσαι
1319 643 1392 684 κᾶν
1422 641 1548 700 τούτῳ
1577 645 1647 698 τὴν

233 709 353 766 φύσιν
369 712 434 751 καὶ
454 709 498 751 τὸ
520 709 669 762 ἄβατον
685 715 763 752 τῶν
783 711 823 751 ἓν
843 710 943 767 αὐτῇ
960 709 1245 765 θεωρημάτων.
1310 709 1492 765 οὐδὲγὰρ
1508 707 1648 759 πάντες

232 777 378 829 (καίτοι
399 774 540 824 πάντες
559 777 599 826 ἐξ
620 777 736 832 ἀέρος
756 779 821 818 καὶ
841 781 1068 832 συστροφῆς
1087 781 1215 832 νεφῶν
1233 774 1457 831 φερόμενοι)
1478 775 1529 817 τὰ
1548 775 1647 817 αὗτᾶ

230 842 415 896 ἀλλήλοις
435 845 593 898 δρῶσιν.
659 841 680 884 ὅ
702 843 778 899 γὰρ
798 844 838 884 ἓν
858 844 990 892 αὐτοῖς
1010 842 1212 898 λεγόμενος
1228 842 1373 898 ἀργῆς,
1406 841 1451 883 ὃν
1466 844 1532 884 καὶ
1544 846 1647 895 λαμ-

231 910 333 965 πρὸν
356 909 560 965 ἐξαιρέτως
577 913 763 951 καλοῦσιν
780 910 816 950 οἳ
834 909 991 965 ἀρχαῖοι
1001 941 1014 960 ,
1046 907 1234 958 πολλάκις
1253 909 1429 962 ἐμπεσὼν
1447 910 1508 950 ἐπὶ
1525 909 1646 950 πίθον
1658 915 1700 950 10

782 976 948 1026 ὕδατος,
981 976 1026 1017 τὸ
1054 978 1127 1029 μὲν
1152 975 1326 1031 περιέχον
1351 974 1578 1029 ἀπήμαντον
1600 974 1645 1016 τὸ

237 975 257 990 n
284 975 304 990 7!
421 974 434 989 t
506 979 524 988 υ
570 974 589 990 Ἃ
634 975 656 991 ’l
743 975 761 990 Ἃ

230 993 257 1027 η
272 992 395 1030 ἀγγος
413 979 545 1024 απλως
562 993 588 1028 η
611 992 716 1017 οινου
734 994 759 1029 η

231 1043 276 1083 δὲ
293 1040 610 1098 ἒμπεριεχόμενον
628 1042 805 1099 ἄφαντον
822 1043 1010 1097 ἐποίησεν.
1052 1043 1124 1096 οὐχ
1142 1042 1282 1096 ἣκιστα
1298 1043 1341 1083 δὲ
1357 1044 1422 1083 καὶ
1440 1043 1480 1082 ἓν
1496 1039 1648 1083 σκεύεσι

227 1110 391 1163 χρυσίον
411 1107 438 1161 ἢ
459 1106 645 1163 ἀργύριον
665 1110 850 1164 φέρουσιν
868 1099 1044 1162 ἓμπεσῶν
1065 1114 1121 1164 τῷ
1139 1109 1211 1165 ἴσῳ
1228 1107 1360 1165 τρόπῳ
1379 1108 1430 1150 τὰ
1446 1108 1518 1160 μὲν
1534 1107 1646 1150 ἔνδον
1699 1148 1702 1151 ,

226 1173 338 1228 ..ἴτηξε
348 1205 361 1224 ,
396 1174 446 1214 τὰ
472 1175 514 1214 δὲ
542 1173 690 1222 ἔξωθεν
713 1174 846 1215 ἔσωσε.
913 1176 979 1215 καὶ
999 1175 1042 1215 τὸ
1064 1175 1113 1227 δὴ
1135 1173 1291 1216 πάντων
1311 1173 1647 1227 θαυμασιώτατον

230 1241 296 1280 καὶ
325 1241 387 1281 ἐπὶ
418 1240 602 1294 γυναικὸς
633 1239 842 1294 ἐγκύμονος
863 1241 1065 1294 συμβῆναί
1083 1257 1203 1296 φησιν
1225 1238 1246 1281 ὅ
1268 1241 1388 1294 μέγας
1402 1239 1642 1294 Ἀπουλήῖος,
1657 1247 1698 1281 15

228 1308 297 1347 καὶ
316 1306 497 1360 γυναικὸς
515 1306 585 1347 οὐκ
601 1306 859 1361 ἠγνοημένης,
892 1309 1084 1362 Μαρκίας
1102 1307 1144 1348 δὲ
1164 1307 1308 1361 ε’κείνης
1324 1310 1394 1359 τῆς
1413 1305 1572 1348 Κάτωνι
1589 1311 1647 1364 τῷ

228 1375 435 1428 τελευταίῳ
457 1371 754 1427 συνοικησάσης.
821 1373 998 1427 ἐμπεσών
1015 1373 1090 1429 γὰρ
1110 1373 1208 1429 αὐτῇ
1231 1372 1416 1429 κεραυνὸς
1441 1371 1461 1414 ὃ
1487 1371 1646 1427 λεγόμε-

227 1457 294 1488 νος
324 1439 448 1494 ἀργῆς
475 1438 562 1493 ἤτοι
591 1440 772 1495 λαμπρὸς
801 1439 922 1493 αὐτὴν
946 1441 1018 1492 μὲν
1039 1444 1238 1488 παντελῶς
1258 1439 1448 1496 ἐφύλαξεν
1473 1439 1646 1492 ἀβλαβῆ,

227 1506 272 1547 τὸ
298 1507 341 1547 δὲ
365 1508 405 1548 ἐν
431 1505 532 1562 αὓτῇ
556 1506 787 1563 διεφόρησεν
822 1506 946 1556 οὕτως
981 1505 1279 1559 ἀνεπαισθήτως
1308 1505 1362 1556 ὥς
1391 1507 1492 1559 μηδὲ
1523 1506 1645 1559 αὐτὴν

227 1575 396 1614 συνιδεῖν
415 1571 437 1614 ὅ
456 1589 494 1613 τι
515 1574 644 1626 γέγονε
661 1573 705 1615 τὸ
729 1575 770 1615 ἒν
792 1574 892 1629 αὐτῇ
899 1605 911 1624 ,
946 1575 1070 1614 καίτοι
1088 1574 1186 1629 πρὸς
1204 1573 1338 1623 ἔξοδον
1357 1572 1457 1626 ἔχον.
1507 1570 1697 1614 vocab-20

225 1656 295 1692 την
313 1639 386 1691 μὲν
405 1639 496 1680 κατ’
524 1640 719 1695 ἐξαίρετον
737 1641 928 1696 ἐνέργειαν
949 1638 975 1694 ἡ
996 1644 1067 1681 τοῦ
1088 1640 1256 1696 ἀργῆτος
1276 1639 1402 1694 εἴληχε
1421 1638 1553 1695 φύσις.

313 1755 334 1787 1
357 1750 521 1794 οἷνιμένοι
541 1753 582 1787 C.
737 1754 760 1789 4
780 1751 1095 1798 παραινιττόμενοι
1113 1755 1155 1789 C.
1307 1757 1329 1790 8
1351 1753 1583 1798 στρεφόμενοι
1601 1755 1644 1788 C.

311 1799 355 1832 11
378 1792 402 1840 ἢ
423 1797 551 1841 οἴνου]
573 1793 598 1840 ἢ
618 1809 670 1832 om
688 1799 732 1832 C.
865 1797 1077 1843 ἀπήμαντος
1094 1800 1136 1833 C.
1271 1800 1314 1834 12
1329 1797 1581 1842 περιεχόμενον
1598 1800 1644 1832 R.

312 1842 356 1877 15
396 1842 548 1875 fortasse
591 1843 742 1883 Πλένιος
784 1844 909 1879 dictum
953 1846 1155 1890 oportebat,
1203 1842 1296 1878 Hist.
1330 1848 1401 1877 nat.
1434 1845 1456 1878 2
1492 1843 1550 1878 51.
1594 1843 1643 1876 Η.

311 1887 356 1921 21
381 1883 564 1930 ἐνέργειαν
585 1899 638 1921 om
655 1888 700 1922 R.

220 1984 404 2029 typhones,
427 1986 533 2029 magis
552 1985 653 2019 etiam
671 1987 812 2020 remissa
829 1986 1026 2031 ecnephiae.
1075 1986 1221 2030 αἰγίδες,
1244 1997 1331 2031 quae
1352 1988 1546 2032 praefracta
1561 1998 1643 2032 pos-

221 2041 334 2063 sumus
370 2030 504 2073 dicere,
538 2036 705 2064 vocantur
737 2042 824 2075 quae
854 2031 955 2074 globo
987 2031 1088 2074 igneo
1116 2033 1334 2072 deseruntur-3
1368 2033 1456 2066 unde
1489 2033 1644 2076 aegidem

222 2074 298 2107 Iovi
321 2073 544 2117 circumponit
568 2075 707 2108 traditio
722 2102 730 2118 ,
754 2075 853 2119 quasi
872 2076 1047 2109 insinuans
1072 2078 1183 2110 aetem
1204 2077 1372 2121 procellae
1395 2076 1644 2110 concussionis-

222 2129 289 2162 que
315 2129 391 2151 esse
413 2129 560 2151 causam.
608 2125 686 2153 sunt
713 2131 847 2164 quoque
874 2120 941 2154 alia
963 2121 1136 2154 fulminum
1159 2132 1303 2164 genera:
1335 2121 1461 2155 intorta
1483 2121 1562 2155 libri
1578 2133 1641 2155 vo-

223 2166 321 2205 cant,
354 2163 444 2206 quod
466 2162 588 2196 lineam
610 2169 796 2198 tortuosam
816 2164 913 2209 lapsu
937 2167 1130 2199 ostendunt.
1176 2166 1212 2199 in
1229 2177 1295 2209 quo
1312 2165 1394 2199 item
1412 2165 1531 2199 mirari
1552 2166 1643 2200 subit

222 2212 375 2240 naturam
406 2207 707 2252 difficultatemque
736 2209 1052 2253 contemplationum
1079 2210 1165 2244 eius.
1211 2222 1279 2244 non
1300 2210 1388 2244 enim
1406 2211 1520 2244 omnia
1539 2210 1644 2254 (licet

223 2251 335 2285 omnia
363 2263 406 2284 ex
435 2252 515 2284 aete
547 2263 779 2296 concursuque
807 2254 944 2287 nubium
975 2254 1175 2298 eliciantur)
1206 2260 1390 2299 operantur
1419 2256 1546 2289 eadem.
1599 2255 1642 2288 de

221 2296 289 2330 illis
319 2297 410 2339 quod
439 2296 612 2330 nominant
637 2297 834 2341 candidum,
865 2299 955 2342 quod
983 2299 1073 2333 idem
1102 2300 1225 2333 clarum
1253 2311 1337 2344 prae
1365 2301 1489 2334 ceteris
1517 2305 1642 2334 vocant

222 2345 358 2376 veteres
371 2366 381 2383 ‚
404 2352 508 2385 saepe
529 2340 681 2375 incidens
700 2342 735 2374 in
754 2342 877 2376 dolium
900 2348 959 2377 aut
980 2345 1113 2377 omniuo
1131 2345 1167 2377 in
1185 2356 1245 2378 vas
1263 2345 1338 2378 sive
1358 2344 1431 2378 vini
1453 2355 1513 2378 seu
1532 2355 1641 2388 aquae

221 2385 464 2432 operimentum
495 2385 663 2428 integrum
694 2387 854 2431 reliquit,
886 2388 976 2422 intus
1010 2389 1201 2423 conclusum
1230 2389 1315 2423 fecit
1342 2389 1532 2423 evanidam.
1577 2399 1641 2422 nec

219 2432 329 2464 minus
352 2430 389 2463 in
410 2429 528 2464 loculis
550 2441 664 2464 aurum
689 2437 749 2464 aut
770 2438 945 2475 argentum
965 2433 1234 2477 continentibus,
1257 2433 1358 2466 simili
1379 2434 1476 2468 modo
1493 2434 1639 2476 irruens,

221 2487 310 2520 quae
339 2475 544 2509 intrinsecus
575 2480 673 2509 erant
702 2475 897 2520 liquefecit,
929 2489 1017 2521 quae
1043 2478 1211 2521 exterius,
1239 2478 1378 2522 reliquit
1407 2478 1547 2512 intacta.
1605 2484 1641 2511 et

220 2521 366 2554 omnium
398 2520 540 2554 maxime
567 2520 753 2554 mirandum
782 2521 914 2555 mulieri
935 2522 1099 2566 gravidae
1125 2522 1290 2556 accidisse
1311 2523 1360 2556 ait
1380 2534 1519 2567 magnus
1543 2521 1638 2566 Apu—

219 2565 323 2606 leius,
357 2577 420 2598 nec
442 2564 586 2608 ignobili
607 2564 676 2608 illi,
708 2566 859 2600 Marciae
883 2566 1056 2609 nimirum,
1083 2578 1170 2611 quae
1187 2567 1350 2601 MCatoni
1369 2567 1492 2602 minori
1511 2567 1639 2612 nupsit.

219 2610 380 2643 decidens
410 2610 446 2642 in
475 2621 550 2642 eam
571 2609 696 2644 fulmen
724 2610 847 2644 clarum
879 2622 939 2644 seu
968 2613 1145 2646 candidum
1176 2617 1332 2646 vocatum
1361 2612 1469 2658 ipsam
1498 2622 1638 2658 prorsus

215 2655 367 2688 illaesam
389 2653 562 2696 servavit,
594 2660 727 2698 partum
755 2655 828 2688 eius
855 2655 1016 2690 discussit
1037 2658 1111 2690 sine
1134 2656 1223 2690 omni
1244 2657 1371 2691 doloris
1395 2668 1497 2691 sensu
1507 2662 1528 2699 ‚'
1552 2657 1638 2690 adeo

216 2705 256 2734 ut
280 2711 323 2734 ne
343 2699 420 2743 ipsa
444 2698 579 2743 quidem
599 2700 883 2734 animadverteret
904 2701 987 2744 quid
1009 2702 1053 2735 dc
1074 2703 1166 2744 fetu,
1188 2702 1270 2736 licet
1289 2702 1379 2736 haud
1397 2702 1514 2746 procul
1537 2702 1634 2735 abes-

216 2750 269 2778 set
294 2746 337 2779 ab
364 2744 478 2787 enisu,
510 2745 635 2778 factum
658 2750 762 2780 essct.
810 2745 973 2780 eiusmodi
992 2746 1114 2781 eximia
1130 2746 1185 2781 vis
1204 2751 1345 2782 naturae
1371 2746 1507 2782 candidi
1523 2745 1636 2780 fulmi-

216 2790 269 2823 nis
292 2789 432 2835 propria
455 2792 520 2823 est.
