1748 3210
385 195 463 239 DE
495 194 945 242 MAGISTRATIBUS
976 194 1023 238 P.
1054 194 1107 238 R.
1141 193 1246 237 LIB.
1277 183 1332 239 11.
1501 194 1595 240 193

130 307 225 369 ρίαν
253 325 296 353 τε
327 306 425 366 ὅλην
453 308 529 352 σὺν
557 315 647 361 ταῖς
661 308 805 354 ’Ῑωνίσι
827 307 986 365 νήσοις,
1024 306 1074 360 ἃς
1092 307 1183 366 ἄρτι
1205 306 1398 359 τελούσας
1419 306 1498 352 ὖπό
1523 309 1597 363 τὴν

130 376 295 436 πρώτην
318 383 399 421 τῶν
428 378 564 436 ἀρχῶν
570 410 585 431 ,
620 379 755 437 ὥσπερ
776 379 851 429 τὰς
870 379 997 429 ἄλλας
1014 375 1175 428 ἁπάσας
1182 409 1194 429 ,
1231 380 1405 421 συνεῖδεν
1428 376 1448 419 ὃ
1470 382 1593 431 βασι-

130 446 224 497 λεὺς
239 449 516 503 χωρισθείσας
536 448 662 504 αὐτῆς
681 452 805 492 τελεῖν
823 446 902 490 ὑπὸ
924 452 981 505 τῷ
999 449 1186 497 Σκυθίας
1207 444 1389 505 ἐπάρχῳ·
1424 448 1492 489 καὶ
1514 445 1595 504 φάη

128 530 203 572 ρον
235 515 338 558 ἴδιον
369 516 552 570 ἀπένειμε
581 516 684 574 πρὸς
713 514 972 572 δικαστήριον
993 517 1059 558 καὶ
1083 514 1196 566 τάξιν
1215 514 1332 571 ὅλην,
1362 513 1455 558 ὧσεὶ
1478 532 1594 558 σπιν-

94 582 246 640 5θῆρά
268 600 357 626 τινα
377 589 458 627 τῶν
478 585 520 626 ἐν
539 583 716 641 Λιπάρῃ
734 583 947 642 κρατήρων
968 583 1135 638 ἀνάψας
1152 586 1195 627 ἐκ
1217 589 1288 639 τῆς
1309 582 1593 641 ε’παρχότητος,

125 651 259 694 πολλὰ
291 653 393 694 καθ’
424 651 581 707 ὁμαλοῦ
599 684 603 690 ·
608 654 771 710 χρηστὰ
800 660 885 703 τοῖς
910 660 1056 703 κοινοῖς
1081 651 1385 708 τεχνησάμενος.
1453 651 1526 707 τήν
1551 670 1594 696 τε

126 719 206 778 γὰρ
235 722 425 776 μεγίστην
454 724 521 764 καὶ
551 722 740 779 δευτέραν
771 722 955 772 ἐξουσίαν
981 721 1103 771 αὐτὸς
1120 723 1186 763 καὶ
1208 720 1332 774 μόνος
1355 721 1402 764 οὗ
1422 722 1595 778 μετρίως

127 787 314 846 ἐκούφισε
343 789 496 842 πόνων,
527 789 669 833 διελὼν
696 790 771 841 τὰς
802 792 1021 848 φροντίδας
1044 794 1124 832 τῶν
1146 788 1396 847 πραγμάτιον
1425 790 1596 845 ἄρχουσι

126 861 311 909 πολλοῖς,
347 858 451 901 ἀλλὰ
473 860 541 901 καὶ
563 855 700 909 αῗιτοῒς
719 858 984 915 εὐχαρίστους
1003 858 1219 912 κατέστησε
1243 858 1316 907 τὰς
1338 857 1490 915 ἀρχάς,
1525 859 1595 900 καὶ

73 933 120 970 10
129 931 213 976 τοῒς
234 925 535 984 φιλοπράγμοσι
556 927 632 982 τὴν
651 926 804 970 λύσσαν
824 927 1027 983 ε’μὲτρησε.
1071 927 1261 982 γλίσχρον
1283 927 1326 968 δὲ
1347 928 1518 980 νομίσας
1533 927 1593 981 μὴ

125 988 192 1036 καὶ
208 994 282 1050 τὴν
298 997 538 1053 πολιαρχιάν
552 993 780 1045 ἀπαλλάξαι
799 994 1083 1050 μοχθημάτων
1103 994 1151 1036 οὗ
1174 999 1350 1051 μικρῶν,
1387 997 1453 1037 καὶ
1472 1000 1592 1037 τοῦτο

123 1062 194 1106 τὸν
222 1064 345 1106 Τίτον
371 1062 662 1118 ἐκμιμούμενος
670 1095 683 1116 ,
727 1063 797 1106 τὸν
825 1064 1026 1122 οὖρβανὸν
1057 1064 1267 1121 πραίτωρα
1303 1070 1387 1113 τοῖς
1421 1063 1593 1120 ἄρχουσι

122 1129 426 1188 παρεισήγαγεν,
461 1133 597 1190 ἀρκεῖν
619 1131 800 1186 οἰόμενος
822 1137 881 1191 τῷ
901 1131 1111 1190 πολιάρχῳ
1133 1131 1207 1186 τὴν
1231 1129 1364 1174 πάντα
1386 1136 1594 1186 σοβοῦσαν

121 1204 195 1241 τοῦ
225 1198 357 1255 δήμου
388 1199 613 1255 διχόνοιαν,
648 1203 716 1243 καὶ
747 1200 839 1254 μετ’
874 1199 1022 1251 αὐτούς
1031 1233 1044 1251 ,
1078 1204 1236 1255 μᾶλλον
1271 1201 1314 1243 δὲ
1347 1201 1426 1257 πρὸ
1459 1201 1593 1243 αὐτῶν

69 1272 113 1310 1⁵
124 1268 228 1311 κατὰ
249 1268 322 1323 τὴν
343 1267 592 1326 ἀρχαιότητα
599 1300 613 1320 ,
643 1267 699 1319 ὡς
718 1270 974 1326 προέφαμεν,
1003 1269 1074 1311 τὸν
1088 1266 1305 1324 ’λεγόμενον
1329 1271 1592 1326 κυαισίτωρα,

123 1335 211 1380 ἀντὶ
231 1341 304 1380 τοῦ
323 1342 404 1379 τῶν
424 1342 624 1391 βιωτικῶν
646 1335 907 1393 ἐγκλημάτων
927 1336 1123 1394 ἓρευνάὸα
1146 1335 1404 1390 σεμνότατον.

259 1404 336 1449 30.
398 1404 552 1462 ’Ὠσπερ
575 1406 798 1462 ἀρχέτυπον
816 1403 921 1457 εἶδος
937 1403 962 1460 ἡ
980 1405 1132 1460 μονάς,
1167 1404 1423 1461 παράδειγμα
1446 1405 1490 1447 δὲ
1510 1422 1589 1458 μο-

120 1471 245 1524 νάδος
273 1473 335 1525 ἕν,
366 1471 496 1524 οὕτως
526 1476 568 1516 ἒν
599 1476 826 1532 προοιμίοις
848 1472 874 1527 ἡ
895 1475 998 1517 καθ’
1025 1473 1135 1531 ἡμᾶς
1159 1475 1360 1528 εὐδαίμων
1382 1472 1499 1525 πόλις
1517 1478 1590 1528 τῆς

120 1539 214 1584 τότε
257 1547 391 1584 πᾶσαν
430 1540 632 1599 ὑπεροχὴν
672 1543 937 1596 ε’κβεβηκυιάς
962 1540 1122 1598 Ῥώμης
1154 1544 1366 1598 ἐνομίσθη.
1436 1540 1534 1584 ὅθεν
1566 1540 1589 1584 ὃ

65 1611 426 1660 ΞΟΚωνσταντΐνος
454 1610 639 1664 οὐδαμοῦ
668 1610 746 1667 πρὸ
774 1615 846 1664 τῆς
872 1611 939 1652 ἐπ’
966 1610 1070 1667 αὐτῇ
1093 1612 1429 1668 κονσεκρατίωνος
1454 1609 1590 1665 (οὕτω

120 1678 164 1721 δὲ
181 1679 254 1733 τὴν
270 1678 500 1721 ἀποθέωσιν
514 1677 705 1732 Ῥωμαῖοι
725 1677 1096 1736 προσαγορεύουσι)
1127 1678 1286 1734 Ῥώμην
1314 1679 1405 1721 νέαν
1433 1680 1589 1722 δείκνυ-

118 1762 187 1790 ται
218 1750 374 1799 καλιῦν,
403 1746 560 1806 κάστρα
592 1748 636 1790 δὲ
671 1749 738 1792 καὶ
771 1746 896 1805 αὐτὴν
926 1748 996 1791 ἶσα
1024 1754 1114 1800 ταῖς
1145 1747 1289 1800 ἄλλαις
1316 1751 1398 1791 τῶν
1416 1752 1588 1805 χωρῶν·

211 1856 231 1891 1
256 1850 362 1902 ἄρτι]
387 1851 472 1891 ἀντὶ
494 1867 540 1892 vn
554 1868 611 1892 σο.
797 1858 839 1894 11
863 1852 1055 1904 ἀπαλλάξῃ
1077 1855 1199 1902 vulgo.
1383 1853 1518 1902 μικρὸν
1540 1854 1585 1892 C.

206 1897 278 1936 κᾶν
299 1901 456 1949 τούτῳ7
593 1902 637 1939 14
658 1902 711 1950 τῷ
737 1902 841 1950 δήμῳ
867 1904 911 1940 C.

114 1992 291 2039 Cariaque
308 1997 383 2028 tota
406 2004 482 2028 cum
501 1993 612 2029 Ioniis
629 1994 771 2038 insulis3
802 2006 909 2041 quas,
930 2006 1006 2030 cum
1031 1998 1134 2030 antea
1157 1995 1220 2029 sub
1243 2005 1373 2029 summo
1397 1993 1585 2038 magistra·
1631 2008 1633 2011 ·

115 2042 230 2083 tuum,
256 2038 348 2074 sicut
369 2045 508 2074 ceterae
526 2052 664 2084 omnes,
690 2041 858 2084 fuissent,
883 2042 927 2074 ab
950 2052 992 2074 eo
1010 2041 1186 2074 seiunctas
1208 2040 1398 2085 imperator
1415 2039 1586 2083 Scythiae

115 2085 332 2130 praefectum
363 2090 486 2119 tenere
516 2085 645 2127 voluit3
678 2086 926 2131 propriumque
954 2086 1103 2120 reditum
1128 2086 1371 2120 constituendo
1394 2085 1523 2120 iudicio
1549 2090 1588 2120 et

115 2135 228 2164 totum
258 2130 412 2165 officium
445 2130 639 2174 concessit,
671 2131 772 2176 quasi
802 2131 984 2166 scintillam
1008 2133 1178 2177 quandam
1202 2132 1354 2177 Liparae
1372 2137 1546 2165 craterum
1564 2143 1586 2166 e

116 2177 342 2221 praefectura
359 2176 530 2230 praetorii
550 2177 763 2221 accendens,
795 2177 901 2212 multa
923 2177 1024 2212 simul
1046 2177 1100 2212 rei
1121 2177 1282 2223 publicae
1303 2177 1487 2212 utilissima
1510 2188 1585 2211 me-

116 2221 262 2255 ditatus.
311 2233 442 2267 qmppe
463 2227 535 2256 tum
555 2222 794 2266 amplissimam
818 2224 1073 2270 secundamque
1092 2229 1302 2268 potestatem
1321 2223 1400 2269 ipse
1421 2222 1586 2267 solusque

117 2278 188 2301 non
212 2277 333 2313 parum
351 2267 550 2302 sublevavit
565 2267 762 2312 laboribus,
786 2280 901 2305 rerum
922 2269 1253 2304 administrationem
1271 2269 1307 2302 in
1332 2268 1455 2302 multos
1473 2268 1585 2312 magi-

116 2318 247 2347 stratus
277 2313 510 2358 dispertiam-33
547 2319 620 2348 tum
644 2314 749 2348 etiam
771 2314 929 2349 faciliora
959 2315 1005 2348 iis
1033 2327 1176 2349 munera
1196 2314 1371 2358 reddidit,
1401 2314 1585 2358 litiumque

116 2358 313 2392 amantibus
331 2359 485 2393 furorem
504 2364 559 2393 est
580 2361 792 2394 moderatus.
838 2372 983 2407 parvum
1005 2366 1117 2394 autem
1141 2367 1286 2406 putans,
1323 2359 1393 2393 nisi
1417 2365 1453 2394 et
1478 2371 1584 2403 prae-

115 2404 286 2438 fecturam
319 2405 415 2439 urbis
445 2404 613 2439 molestiis
642 2406 734 2440 haud
763 2406 899 2440 levibus
926 2406 1116 2449 liberaret,
1151 2407 1188 2440 in
1212 2407 1278 2439 hoc
1301 2416 1438 2450 quoque
1464 2405 1586 2439 Titum

115 2449 290 2494 imitatus,
322 2456 522 2496 praetorem
557 2452 724 2486 urbanum
748 2452 1006 2497 magistratibus
1031 2452 1182 2495 adiecit,
1216 2452 1381 2485 sufficere
1403 2451 1586 2495 praefecto

116 2495 196 2530 urbi
217 2496 332 2530 omnia
354 2497 608 2532 concutientem
631 2496 754 2543 populi
770 2497 978 2532 discordiam
1000 2502 1190 2541 reputans3
1212 2509 1278 2530 nec
1301 2508 1370 2530 non
1394 2501 1476 2541 post
1492 2495 1585 2540 illos,

115 2541 205 2585 (seu
234 2542 371 2587 potius,
404 2542 436 2577 si
467 2543 710 2588 antiquitatem
731 2548 891 2588 spectes,
922 2548 1003 2577 ante
1027 2542 1123 2586 illos,
1156 2547 1194 2576 ut
1216 2553 1324 2587 supra
1343 2541 1586 2586 rettulimus,)

113 2586 348 2641 quaesitorem
373 2599 475 2634 quem
496 2595 646 2634 vocant,
680 2589 718 2624 id
742 2594 798 2624 est
821 2600 938 2623 rerum
964 2587 1163 2635 capitalium
1188 2587 1475 2632 investigatorem
1501 2599 1584 2633 gra-

113 2643 306 2668 Vlsmmum.

205 2678 265 2713 30.
312 2678 606 2719 Quemadmodum
631 2679 810 2725 originalis
834 2679 970 2725 species
994 2691 1134 2722 monas,
1160 2679 1351 2725 exemplum
1375 2683 1488 2713 autem
1507 2691 1581 2713 mo-

115 2723 217 2758 nadis
242 2735 366 2769 unum,
402 2724 455 2759 sic
484 2725 570 2761 felix
601 2732 723 2761 nostra
754 2725 882 2760 civitas
916 2726 1069 2769 Romae,
1101 2731 1173 2760 tum
1197 2737 1303 2771 super
1326 2737 1426 2759 omne
1452 2724 1586 2760 culmen

115 2769 312 2813 eminentis,
335 2769 437 2804 initio
458 2773 658 2816 putabatur.
706 2773 798 2806 unde
817 2771 1068 2806 Constantinus
1090 2775 1171 2805 ante
1193 2772 1267 2806 eius
1290 2770 1586 2806 consecrationem

116 2814 193 2858 (ita
213 2820 327 2849 autem
352 2816 560 2861 apotheosin
586 2818 736 2853 Romani
758 2818 903 2862 dicunt)
936 2816 1056 2852 nullibi
1079 2828 1155 2851 eam
1177 2817 1321 2851 Romam
1347 2828 1489 2859 novam,
1522 2817 1585 2851 sed

114 2865 247 2906 castra,
283 2861 419 2906 pariter
445 2863 574 2899 ceteris
596 2863 706 2909 locis,
737 2863 850 2912 ipsam
873 2874 1013 2910 quoque
1035 2862 1244 2910 appellavit:
1283 2863 1380 2898 cuius
1402 2862 1456 2896 rei
1479 2874 1584 2908 argu-

172 2914 322 2950 Ioarmea
350 2914 481 2960 Lydus.
1256 2912 1307 2952 13
