1748 3210
215 160 311 207 344
726 159 945 203 IOANNIS
980 158 1112 199 LYDI

213 285 290 315 νει·
322 275 379 329 τῷ
409 271 451 314 δὲ
480 269 576 326 γένει
606 274 683 311 τῶν
711 272 818 322 βοῶν
849 268 1057 322 ἐπιβλαβές
1083 266 1128 308 τὸ
1153 273 1310 322 σημεῖον
1327 272 1456 312 τοῦτο.
1522 270 1555 312 εἲ
1577 270 1619 312 δὲ

213 339 275 381 ἐπὶ
295 338 470 392 ποταμὸν
490 336 736 389 κατενεχθείη
759 333 780 376 ὃ
798 334 1004 391 κεραυνός,
1033 331 1214 387 λοιμῶξει
1237 335 1282 376 τὸ
1304 336 1411 393 ὕδωρ
1438 337 1503 379 καὶ
1527 335 1621 394 τρό-

215 423 290 459 μος
321 403 579 459 ἐπιγενήσεται
603 408 686 451 τοῖς
713 401 870 455 σώμασι
890 407 968 444 τῶν
989 399 1210 458 ἀνθρώπων
1217 431 1231 451 ,
1261 400 1458 458 ἀνατροπὴ
1482 404 1525 446 δὲ
1543 407 1621 445 τῶν

214 473 417 524 ποταμίων
436 468 589 523 ἰχθύων
607 466 818 524 γενήσεται.
885 471 918 511 εἶ
937 469 980 510 δὲ
998 470 1053 517 εἷς
1070 466 1283 510 θάλασσαν
1304 467 1510 523 κατᾶμτὸδε
1532 487 1622 512 και-

215 543 290 594 ροῦ
311 536 557 589 κατενεχθείη
579 533 600 577 ὃ
621 533 829 593 κεραυνός,
866 534 1003 590 ἀγαθὰ
1025 536 1203 589 σημαίνει
1224 540 1304 583 τοῖς
1323 535 1656 592 πλησιοχώροις·5

215 605 253 646 οἱ
283 604 358 659 γὰρ
387 601 674 659 πειρατεύοντες
685 603 806 658 χείρω
823 601 1051 659 πράξουσιν.
1116 603 1150 644 εἶ
1168 602 1210 643 δὲ
1228 602 1290 642 ἐπὶ
1309 602 1457 654 τείχους
1473 619 1625 645 κατενε-

209 671 332 724 χθείη
343 700 356 721 ,
390 669 437 712 οὗ
459 669 578 711 καλὸν
595 676 677 719 τοῖς
693 667 939 724 βοσκήμασιν
951 682 964 694 ·
996 668 1022 722 ἢ
1046 668 1122 724 γὰρ
1147 666 1493 724 διαφθαρήσονται
1508 667 1534 722 ἢ
1549 667 1624 710 ὑπὸ

213 737 408 789 πολεμίων
435 734 782 791 διαρπαγήσονται.
847 737 881 778 εἶ
907 736 949 778 δὲ
975 737 1040 777 καὶ
1065 735 1185 791 μέρος
1203 738 1274 777 τοῦ
1291 736 1441 788 τείχους
1460 738 1511 791 τῇ
1527 739 1627 791 βολῇ

213 806 287 845 τοῦ
307 806 497 858 κεραυνοῦ
518 803 794 858 καταφθαρείη
802 833 816 853 ,
849 809 935 852 ταῖς
953 809 1092 855 νομαῖς
1106 805 1185 843 τῶν
1198 803 1354 858 χωρίων
1369 800 1478 844 ἕσται
1493 801 1629 854 λοιμὸς

215 870 281 910 καὶ
301 868 443 924 ἵφοδος
463 870 658 921 πολεμίων
674 869 745 910 οὒκ
763 868 924 925 εὐχερὴς
944 873 998 919 εἷς
1016 868 1189 922 ἄμυναν,
1221 869 1287 910 καὶ
1315 867 1433 909 ἄλλαι
1461 868 1507 910 δέ
1530 885 1630 918 τινες
1641 877 1683 912 10

213 933 365 989 βλάβαι
386 933 512 991 κάρτα
532 937 727 991 σφαλεραὶ
743 933 1085 992 προσγενήσονται.
1151 937 1185 977 εἷ
1211 936 1255 978 δὲ
1285 934 1387 977 κατὰ
1411 934 1479 977 τὸν
1495 934 1630 992 καιρὸν

212 1006 351 1043 τοῦτον
371 1002 431 1043 ἐπὶ
450 1001 552 1056 ἱερὸν
570 999 591 1042 ὃ
610 1002 796 1058 κεραυνὸς
813 1003 1082 1056 κατενεχθείη,
1109 1003 1267 1058 χωρίων
1286 1003 1478 1055 δημοσίας
1494 1003 1632 1056 ζημίας

213 1067 379 1109 ἀπειλεῖ·
415 1069 479 1109 δεῖ
492 1068 535 1109 δὲ
555 1066 663 1120 ὅμως
677 1069 770 1117 τοὺς
787 1066 956 1125 ἐφόρους
973 1074 1052 1112 τῶν
1067 1067 1254 1111 τοιούτων
1273 1068 1386 1124 ἱερῶν
1399 1067 1631 1125 θεραπεύειν

216 1136 272 1184 εἷς
293 1134 337 1175 τὸ
358 1134 607 1190 ἀποστρέψαι
623 1134 672 1174 τὰ
693 1133 964 1186 ἀπειλούμενα.
1030 1136 1064 1176 εἴ
1086 1135 1129 1176 δὲ
1147 1134 1236 1176 κατ’
1259 1135 1455 1188 ἰδιωτικῆς
1470 1133 1497 1189 ἢ
1511 1139 1630 1188 βασι-

215 1203 327 1253 λικῆς
351 1202 474 1248 οἰκίας
492 1201 741 1254 κατενεχθείη
765 1198 972 1256 κεραυνός,
1005 1199 1217 1257 συμφορὰς
1234 1200 1432 1258 ἄνᾳισίους
1450 1203 1631 1258 παραδη-
1642 1207 1685 1242 15

215 1268 284 1307 λοῖ
299 1271 381 1315 τοῖς
400 1265 658 1319 κεκτημένοις.

348 1330 426 1376 49.
485 1331 550 1374 “H
556 1335 579 1373 λ
594 1349 606 1373 ι
619 1349 640 1374 ο
655 1349 675 1382 ς
708 1333 734 1374 δ
746 1350 759 1373 ι
773 1333 798 1374 δ
809 1330 834 1374 ὕ
844 1350 875 1386 μ
887 1349 908 1374 ο
920 1349 933 1372 ι
945 1348 977 1381 ς.
1011 1331 1111 1373 κατὰ
1137 1331 1209 1386 τὴν
1235 1332 1414 1386 ἐπιτολὴν
1435 1330 1579 1387 ταύτην
1600 1336 1634 1375 εἰ

216 1398 404 1455 κεραυνὸς
420 1399 481 1440 ἐπὶ
501 1400 662 1455 δένδρου
679 1399 875 1455 καρπίμου
897 1399 1169 1452 κατενεχθείη,
1202 1397 1352 1452 βλάψει
1368 1398 1460 1448 τούς
1473 1415 1634 1456 γεωργι·

217 1465 313 1514 zoin,-
331 1467 395 1508 καὶ
416 1466 466 1508 τὰ
486 1464 724 1523 καρποφόρα
742 1466 903 1522 δένδρα,
933 1465 1004 1519 οὐχ
1022 1465 1163 1518 ἣκιστα
1183 1466 1226 1506 δὲ
1245 1465 1449 1519 ποταμοὺς·
1466 1468 1531 1508 καὶ
1555 1483 1633 1520 πη-

217 1530 310 1586 γάς·
337 1530 517 1585 λοιμῶξει
542 1534 585 1574 δὲ
602 1533 646 1574 τὸ
666 1531 776 1589 ὕδωρ
797 1531 852 1581 ὥς
870 1537 1002 1574 πᾶσαν
1021 1536 1287 1589 καταφθεῖραι
1309 1531 1474 1586 ἡλικίαν.
1539 1534 1573 1574 εἲ
1591 1534 1690 1574 δὲ20

218 1598 279 1639 ἐπὶ
299 1598 520 1652 θαλάσσης,
554 1599 748 1652 πολεμίων
763 1598 907 1655 ἔφοδον
925 1599 1090 1640 ἀπειλεῖ·
1116 1599 1160 1640 τὸ
1181 1599 1224 1640 δὲ
1239 1598 1337 1641 πολὺ
1355 1599 1474 1654 μέρος
1489 1598 1514 1652 ἢ
1530 1598 1633 1656 νόσῳ

216 1662 472 1720 φθαρήσεται
502 1664 528 1718 ἢ
557 1666 758 1718 πολεμίοις
791 1664 1136 1720 παραδοθήσεται,
1177 1663 1232 1714 ὥς
1269 1663 1428 1722 σφόδρα
1455 1668 1634 1721 μετρίους

217 1730 518 1787 ἀπολειφθῆναι.
586 1733 620 1772 εἷ
637 1732 679 1772 δὲ
695 1730 809 1774 νότου
828 1731 1008 1780 πνέοντος
1027 1732 1128 1772 κατὰ
1151 1733 1339 1786 δημοσίου
1352 1733 1501 1788 χωρίου
1520 1749 1636 1774 κατε-

306 1866 330 1902 6
352 1862 396 1903 οὔ
418 1864 720 1911 χειρωπροὶξουσιν
742 1867 784 1902 C.
920 1869 942 1902 8
964 1867 1077 1912 βουλῇ
1099 1868 1142 1902 C.

218 1991 274 2024 est
294 1988 379 2023 haec
399 1987 616 2033 significatio.
662 1987 694 2022 si
713 1988 749 2022 in
770 1988 896 2023 flumen
916 1988 1084 2023 delabitur
1105 1987 1248 2031 fulmen,
1278 1989 1359 2022 tabo
1381 1998 1469 2034 aqua
1487 1999 1636 2023 corrum-

219 2039 341 2078 petur,
370 2039 497 2068 tremor
520 2044 665 2077 corpora
687 2033 855 2067 hominum
877 2033 1035 2076 invadet,
1065 2032 1207 2077 piscium
1227 2033 1441 2067 fluviatilium
1465 2034 1533 2067 erit
1554 2035 1635 2067 sub-

219 2078 348 2112 versio.
393 2077 424 2111 si
445 2079 508 2111 sub
529 2078 565 2110 id
586 2084 718 2121 tempus
739 2078 775 2111 in
797 2088 890 2111 mare
909 2090 949 2111 se
968 2077 1174 2121 praecipitat
1194 2077 1339 2120 fulmen,
1374 2079 1486 2112 fausta
1515 2078 1637 2112 accolis

217 2122 412 2166 portendit:
438 2133 513 2155 nam
535 2122 594 2165 qui
614 2121 790 2166 piraticam
813 2121 959 2165 faciunt,
983 2122 1154 2156 deteriore
1177 2126 1277 2156 erunt
1297 2126 1400 2156 statu.
1447 2123 1478 2155 si
1503 2123 1539 2156 in
1565 2133 1636 2156 mu-

221 2177 296 2200 rum
326 2166 498 2209 defertur,
530 2166 773 2209 inauspicatum
805 2167 1007 2211 pecudibus:
1044 2179 1119 2200 nam
1143 2171 1201 2200 aut
1221 2167 1408 2200 interibunt
1429 2173 1487 2201 aut
1509 2169 1551 2201 ab
1574 2168 1637 2200 ho-

221 2210 331 2244 stibus
354 2211 543 2254 rapientur.
589 2210 643 2243 sin
663 2222 746 2244 vero
765 2215 801 2244 et
817 2223 897 2255 pars
918 2211 1005 2244 muri
1023 2211 1115 2245 iactu
1137 2211 1284 2245 fulminis
1307 2212 1535 2255 disturbatur,
1557 2223 1635 2255 gre-

220 2255 320 2298 gibus
343 2265 498 2298 agrorum
519 2254 591 2287 lues
612 2254 786 2298 impendet
807 2255 1020 2299 hostiumque
1042 2256 1195 2289 incursus
1219 2256 1308 2290 haud
1328 2255 1438 2290 facilis
1461 2257 1505 2290 ad
1523 2255 1635 2300 repel-

219 2298 374 2332 lendum:
399 2300 562 2333 accedent
586 2298 652 2332 alia
679 2299 880 2332 detrimenta
901 2301 1076 2334 admodum
1095 2300 1208 2334 noxia.
1254 2302 1316 2334 sub
1339 2301 1427 2334 idem
1455 2305 1586 2344 tempus
1607 2300 1638 2333 si

220 2341 259 2376 in
278 2343 387 2377 locum
410 2347 642 2377 consecratum
662 2344 816 2377 defertur
836 2344 980 2388 fulmen,
1015 2345 1222 2378 calamitates
1247 2345 1399 2389 publicas
1423 2344 1515 2388 agris
1537 2344 1635 2378 mini—

222 2392 335 2421 tatur=
366 2389 427 2422 sed
450 2392 587 2432 oportet
608 2387 666 2431 qui
690 2388 853 2422 eiusmodi
875 2389 963 2423 fanis
987 2390 1142 2434 praesint
1163 2394 1201 2422 ut
1221 2394 1406 2434 procurent
1430 2400 1496 2433 quo
1520 2388 1637 2433 prodi-

220 2433 280 2476 gia
301 2437 579 2467 averruncentur.
625 2432 656 2465 si
675 2432 711 2466 in
732 2433 902 2477 privatum
923 2438 982 2468 aut
1002 2439 1178 2478 augustum
1200 2434 1390 2468 aedificium
1412 2434 1483 2468 ruit
1502 2433 1638 2477 fulmen,

222 2477 430 2512 calamitates
452 2476 680 2522 inauspicatas
701 2477 953 2522 possessoribus
971 2479 1162 2513 obnuntiat-

311 2521 368 2556 49.
415 2522 492 2555 Sol
519 2521 718 2566 geminis.
764 2522 855 2555 circa
882 2524 970 2556 hunc
995 2529 1167 2566 exortum,
1200 2523 1232 2556 si
1262 2523 1387 2556 fulmen
1417 2523 1454 2556 in
1485 2523 1639 2556 arborem

220 2565 434 2600 fructiferam
466 2566 654 2611 delabitur,
694 2567 887 2600 damnosum
918 2568 986 2601 erit
1018 2567 1175 2612 agricolis
1188 2593 1196 2604 ,
1236 2567 1414 2602 arboribus
1443 2567 1639 2610 fructuosis,

219 2621 284 2643 nec
301 2610 436 2644 minime
460 2611 576 2645 fluviis
601 2611 838 2656 fontibusque:
874 2622 963 2655 aqua
985 2614 1064 2646 tabo
1087 2611 1276 2655 inficietur,
1307 2618 1346 2646 ut
1367 2623 1496 2647 omnem
1518 2612 1640 2656 pubem

219 2653 384 2688 vitiatura
406 2656 464 2690 sit.
511 2656 564 2690 sin
583 2655 619 2689 in
640 2668 752 2699 mare,
774 2657 953 2690 adventum
971 2657 1116 2691 hostium
1133 2656 1297 2690 minatur:
1323 2655 1512 2690 accolarum
1533 2656 1641 2689 maior

214 2709 301 2743 pars
319 2705 379 2733 aut
396 2700 513 2734 morbo
531 2700 688 2736 interibit
705 2706 764 2735 aut
783 2701 936 2735 hostibus
956 2702 1128 2744 tradetur,
1152 2706 1190 2734 ut
1210 2702 1385 2735 admodum
1404 2699 1503 2746 pauci
1519 2710 1640 2745 super—

220 2742 320 2778 stites
339 2743 446 2780 futuri
466 2746 548 2781 sint.
593 2745 624 2780 si
647 2751 763 2781 austro
785 2745 938 2790 spirante
959 2745 996 2780 in
1017 2746 1126 2780 locum
1147 2746 1319 2791 publicum
1335 2746 1489 2781 defertur
1504 2745 1641 2786 fulmen,
