1748 3210
254 207 316 251 80
763 206 982 252 IOANNIS
1011 204 1142 250 LYDI

244 317 435 371 Ἓλληνες.
469 318 506 359 οἷ
526 317 568 360 δὲ
582 316 767 372 Ῥωμαῖοι
781 317 994 373 ’Λπρίλιυν
1015 316 1133 359 αῧτὸν
1152 315 1289 361 ὡσανεὶ
1307 317 1504 376 ἄπερίλιον
1521 320 1653 373 (οἱονεὶ

251 385 467 426 ἀνοικτικὸν
485 390 555 426 τοῦ
576 387 731 440 καιροῦ)
760 385 902 440 φασίν·
935 385 1240 438 ἐγκεκλεισμένου
1262 386 1338 442 γὰρ
1365 387 1494 443 ὥσπερ
1510 385 1654 440 ἡδονήν

251 475 301 482 .-
324 453 364 492 ἐν
381 452 424 491 δὲ
441 459 522 500 τοῖς
539 450 676 503 ὕμνοις
691 451 803 504 ἐγγὺς
818 452 1051 506 τριακοσίοις
1069 450 1253 504 ὀνόμασιν
1272 450 1493 508 εὖρίσκομεν
1509 457 1652 494 καλου-

249 517 367 570 με’νην
387 518 457 570 τὴν
479 517 742 573 Ἀφροὸι’την.
783 516 819 558 οἱ
842 517 886 558 δὲ
909 517 1083 565 Φοίνικες
1110 517 1339 573 Ἀστάρτην
1358 519 1429 572 τὴν
1448 523 1560 575 σφῶν
1578 535 1652 559 πο-

250 587 423 635 λιοῦχον,
459 582 570 623 οἱονεὶ
596 583 666 636 τὴν
687 583 865 638 ἅστερίαν
886 581 912 635 ἢ
935 583 1006 636 τὴν
1027 588 1096 624 τοῦ
1116 582 1252 632 ἄστεος
1272 582 1434 639 ἀρετήν,
1467 583 1561 625 εἶναι
1581 585 1685 638 τὴν5

246 649 498 703 Ἀφροδίτην
519 647 740 701 βούλονται.
774 651 816 690 ἐκ
844 649 920 704 γὰρ
954 653 1023 691 τοῦ
1041 648 1227 702 Λιβάνου
1257 649 1370 705 (ὄρος
1391 650 1437 691 δέ
1459 651 1562 692 ἔστιν
1579 651 1660 691 ἐκεῖ

249 713 292 755 ἴκ
315 732 382 755 του
404 715 504 769 πρὸς
525 716 706 767 Λίβανον
728 714 863 764 ἄστεος
888 715 990 756 οὕτω
1018 714 1272 769 καλούμενον)
1304 714 1375 757 δύο
1397 718 1563 769 ποταμοὶ
1586 718 1654 757 ε’κ-

250 782 452 822 πίπτουσιν
480 783 542 822 ἐπὶ
570 782 640 834 τὴν
665 781 875 823 θάλασσαν
906 777 959 822 ὧν
991 779 1011 822 ὃ
1040 782 1110 834 μὲν
1137 783 1276 834 μείζων
1305 784 1370 822 καὶ
1404 783 1656 838 διειδέστερος

245 846 445 895 ”Αὸ“ιυνις,
481 845 502 887 ὃ
529 848 572 888 δὲ
603 846 778 890 ἐλάσσων
800 849 864 888 καὶ
887 847 1291 903 γεωδέστερος”Αρης
1317 847 1657 904 προσαγορεύεται.

253 915 334 954 ἐπεὶ
351 909 609 962 οὖν”Λὸωνις
630 913 718 962 ὅλος
736 915 961 967 ἓιᾳιίγιίιται
980 918 1034 969 τῷ
1052 912 1219 968 πελάγει,
1250 917 1362 955 δοκεῖ·
1372 913 1658 967 μᾶλλοναῦτὸς
1669 918 1712 953 10

255 979 487 1033 ἀγαπᾶσθαι
505 980 602 1035 πρὸς
621 984 690 1032 τῆς
701 980 961 1036 Ἀφροὸίτης,
995 980 1078 1021 ἀντὶ
1099 985 1168 1021 τοῦ
1186 984 1256 1034 τῆς
1274 979 1495 1033 θαλάσσης.

386 1044 462 1089 45.
527 1053 614 1095 ταῖς
631 1048 756 1087 τοίνυν
774 1045 983 1094 καλάνδαις
998 1045 1230 1102 Ἀπριλίαις
1247 1046 1287 1087 αἱ
1311 1049 1446 1099 σεμναὶ
1469 1050 1660 1101 γυναικῶν

253 1110 351 1166 ὑπὲρ
382 1110 561 1164 ὁμονοίας
592 1114 655 1154 καὶ
684 1114 773 1164 βιόυ
795 1111 999 1168 σώφρονος
1019 1114 1157 1165 ἐτίμων
1178 1113 1248 1166 τὴν
1260 1113 1530 1168 Ἀφροδίτην·
1558 1113 1600 1153 αἱ
1617 1113 1660 1153 δὲ

254 1182 324 1219 τοῦ
357 1177 536 1230 πλήθους
559 1184 734 1232 γυναῖκες
762 1179 802 1219 ἓν
826 1185 908 1226 τοῖς
933 1183 1011 1219 τῶν
1042 1178 1194 1234 ἀνδρῶν
1223 1180 1440 1231 βαλανείοις
1467 1177 1658 1228 ἕλοῦοντο,

254 1244 354 1298 πρὸς
373 1246 587 1298 θεραπείαν
614 1244 735 1296 αὐτῆς
757 1245 924 1299 μυρσίνῃ
947 1245 1186 1297 ἐστεμμέναι,
1219 1243 1245 1297 ἢ
1267 1244 1325 1286 ὅτι
1345 1246 1510 1301 μυρσίνη
1529 1246 1714 1297 {mvn-15

253 1311 339 1350 ὃειά
366 1316 447 1358 τοῖς
473 1311 658 1365 βρέφεσίν
689 1312 769 1351 ἔστι
805 1309 988 1365 (ῥώννυσι
1019 1311 1094 1365 γὰρ
1126 1311 1176 1351 τὰ
1205 1309 1370 1363 σώματα
1403 1315 1481 1352 τῶν
1509 1311 1662 1366 ἀρτιγε-

251 1379 351 1424 νῶν,
387 1377 452 1416 καὶ
480 1377 588 1431 παρὰ
615 1376 665 1417 τὰ
692 1375 794 1416 ἄλλα
821 1376 871 1428 δὴ
908 1380 985 1417 τῶν
1022 1376 1220 1418 ἇειθαλῶν
1256 1380 1389 1432 φυτῶν
1421 1375 1661 1430 εὖωδεστάτη

251 1440 429 1495 τυγχάνει
464 1440 488 1495 ἡ
512 1443 719 1497 μυρσίνη),
752 1441 778 1494 ἢ
806 1441 865 1483 ὅτι
893 1441 993 1495 μόνη
1024 1444 1063 1483 ἓν
1092 1449 1229 1498 φυτοῖς
1248 1445 1377 1498 χαίρει
1395 1447 1443 1497 τῇ
1463 1442 1662 1499 θαλάσσῃ.

127 1530 164 1563 p.
185 1520 230 1554 92
253 1509 410 1561 ἐτιμᾶτο
433 1509 476 1549 δὲ
494 1507 740 1564 ἡἈφροὸίτη
754 1514 835 1557 τοῖς
851 1508 983 1556 αὐτοῖς
999 1506 1058 1557 οἷς
1073 1510 1138 1548 καὶ
1158 1507 1182 1561 ἡ
1198 1509 1319 1564 ’Ἠρα.
1339 1511 1379 1550 ἕν
1395 1510 1438 1550 δὲ
1450 1514 1499 1564 τῇ
1510 1508 1661 1565 Κύπρῳ

249 1574 449 1630 πρόβατον
461 1576 589 1629 κωδίῳ
607 1575 889 1626 ἕσκεπασμένον
905 1574 1096 1615 συνέθυον
1107 1578 1155 1629 τῇ
1167 1574 1378 1630 Ἀφροδίτῃ
1390 1587 1401 1598 ·
1425 1573 1446 1616 ὅ
1465 1575 1508 1616 δὲ
1519 1574 1718 1631 τρόπος20

248 1646 320 1694 τῆς
341 1641 528 1695 ἷερατειάς
548 1642 587 1681 ἓν
605 1645 652 1695 τῇ
671 1639 823 1696 Κύπρῳ
842 1640 918 1681 ἀπὸ
939 1645 1009 1693 τῆς
1021 1642 1224 1695 Κορίνθου
1240 1641 1427 1696 παρῆλθέ
1441 1658 1545 1682 ποτε.
1581 1639 1664 1683 εἶτα

251 1708 295 1748 δὲ
311 1708 374 1748 καὶ
392 1705 490 1755 σύας
508 1707 666 1762 ἀγρίους
683 1706 802 1748 ἔθυον
821 1706 919 1762 αὐτῇ
937 1708 1003 1747 ὸιὰ
1020 1708 1089 1760 τὴν
1105 1708 1205 1748 κατὰ
1215 1706 1423 1756 Ἀδώνιδος
1441 1706 1662 1761 ἐπιβουλήν,

249 1777 299 1829 τῇ
327 1774 403 1829 πρὸ
429 1772 629 1828 τεσσάρων
648 1777 778 1814 νωνῶν
801 1772 922 1826 ἤγουν
942 1778 990 1828 τῇ
1010 1773 1172 1830 δευτέρα
1189 1771 1316 1832 ἡμέρα
1336 1778 1406 1815 τοῦ
1419 1773 1631 1829 Ἀπριλίου.

343 1865 367 1899 4
388 1865 580 1943 πιίλέτῇχον
595 1865 642 1899 V.
763 1866 788 1901 7
810 1862 848 1899 ἔκ
865 1876 932 1899 του
951 1864 1079 1899 Hasius
1096 1876 1159 1910 pro
1178 1862 1215 1899 ἐκ
1233 1865 1300 1899 τοῦ
1427 1866 1449 1900 8
1471 1864 1665 1901 διειᾶέστοι-

341 1921 404 1949 τος
438 1922 448 1942 ι
473 1921 516 1943 n.

254 1987 399 2021 dicatum
426 1998 502 2021 esse
520 2006 566 2013 —
584 2006 628 2012 —
646 1986 697 2020 ita
715 1986 822 2030 igitur
841 1986 981 2021 Graeci.
1019 1987 1163 2021 Romani
1180 1990 1290 2021 autem
1306 1986 1455 2031 Aprilem
1472 1997 1547 2021 eum
1566 1986 1666 2031 quasi

256 2031 414 2076 aperilem
437 2032 547 2074 (velut
564 2031 622 2075 qui
644 2032 755 2075 aperit
774 2033 922 2075 tempus)
941 2032 1074 2066 dicunt:
1093 2032 1213 2065 inclusi
1234 2032 1322 2065 enim
1340 2037 1378 2065 ut
1397 2032 1602 2076 voluptatem
1619 2050 1664 2056 —-

254 2077 291 2109 in
314 2076 444 2118 hymnis
467 2082 576 2109 autem
598 2088 704 2119 prope
730 2076 893 2109 trecentiS
926 2077 1115 2110 nominibus
1136 2077 1322 2121 reperimus
1341 2077 1457 2110 vocari
1482 2077 1664 2109 Venerem.

254 2120 444 2153 Phoenices
462 2127 572 2153 autem
592 2121 751 2154 Astarten
762 2146 770 2162 ,
793 2131 925 2153 suarum
943 2121 1074 2154 urbium
1092 2121 1292 2164 praesidem,
1314 2121 1411 2164 quasi
1427 2120 1591 2154 stellatam
1609 2119 1666 2153 vel

254 2165 348 2198 urbis
366 2165 525 2198 virtutem
538 2191 546 2207 ,
571 2177 645 2198 esse
664 2166 830 2198 Venerem
849 2164 978 2198 volunt.
1021 2177 1062 2198 ex
1086 2166 1218 2199 Libano
1241 2166 1328 2198 enim
1356 2166 1465 2207 (mons
1485 2169 1595 2198 autem
1615 2164 1667 2198 ibi

255 2215 309 2242 est
329 2209 387 2252 qui
409 2221 450 2242 ex
476 2210 600 2254 oppido
626 2211 770 2253 quodam
793 2210 836 2242 ad
860 2209 1025 2242 Libanum
1046 2209 1112 2242 sito
1137 2210 1187 2244 ita
1205 2210 1410 2252 nominatur)
1432 2211 1497 2243 duo
1515 2208 1612 2242 fluvii
1628 2209 1666 2241 in

254 2265 346 2286 mare
373 2255 606 2297 effunduntur,
637 2265 776 2297 quorum
804 2253 911 2286 maior
942 2258 978 2286 et
994 2253 1100 2296 magis
1120 2255 1319 2298 perspicuus
1338 2254 1465 2288 Adonis
1478 2279 1488 2296 ,
1505 2253 1613 2286 minor
1631 2257 1668 2286 et

253 2298 359 2341 magis
387 2304 538 2331 terrosus
572 2299 665 2331 Mars
698 2298 896 2342 appellatur.
938 2309 1011 2330 cum
1038 2298 1143 2341 igitur
1170 2298 1298 2332 Adonis
1322 2303 1414 2332 totus
1441 2298 1668 2331 immisceatur

254 2343 350 2385 mari,
369 2343 504 2376 videtur
522 2343 628 2386 magis
647 2343 703 2376 ille
722 2342 826 2375 amari
846 2354 866 2375 a
886 2342 1033 2384 Venere,
1062 2353 1124 2386 pro
1146 2343 1243 2376 mari.

341 2386 396 2420 45.
441 2387 603 2420 Kalendis
625 2388 729 2430 igitur
745 2387 918 2431 Aprilibus
943 2386 1073 2419 nobiles
1096 2387 1242 2420 feminae
1259 2397 1320 2430 pro
1342 2385 1522 2420 concordia
1541 2389 1578 2419 et
1594 2385 1667 2420 vita

252 2431 396 2465 honesta
419 2431 575 2465 colebant
593 2432 780 2464 Venerem:
811 2430 966 2475 plebeiae
993 2436 1104 2464 autem
1131 2431 1286 2464 mulieres
1310 2430 1346 2463 in
1366 2431 1515 2464 virorum
1534 2430 1666 2463 balneis

251 2476 433 2518 lavabant,
457 2476 492 2508 in
514 2477 673 2509 honorem
691 2476 779 2509 illius
799 2480 908 2518 myrto
927 2480 1119 2517 coronatae,
1143 2475 1198 2508 vel
1217 2475 1306 2518 quod
1329 2480 1457 2518 myrtus
1479 2485 1664 2508 accommo—

252 2522 333 2554 data
361 2520 548 2554 infantibus
572 2526 625 2553 est
649 2521 864 2562 (corroborat
893 2519 980 2552 enim
1001 2530 1145 2562 corpora
1173 2519 1350 2552 infantium
1370 2530 1490 2552 recens
1512 2524 1666 2552 natorum

253 2571 290 2598 et
306 2576 390 2609 prae
411 2564 534 2598 ceteris
552 2570 717 2608 perpetuo
739 2564 928 2598 virentibus
970 2563 1069 2596 lantis
1088 2563 1213 2606 optime
1232 2563 1301 2596 olet
1319 2565 1478 2606 myrtus),
1502 2563 1558 2597 vel
1574 2563 1666 2616 quod

253 2609 326 2642 sola
349 2609 439 2642 inter
461 2609 592 2653 plantas
615 2610 742 2652 gaudet
766 2609 863 2642 mari.
904 2620 942 2642 co
957 2608 1078 2641 ebatur
1101 2614 1210 2640 autem
1234 2608 1348 2641 Venus
1375 2608 1495 2642 iisdem
1519 2606 1665 2641 victimis

252 2654 375 2697 quibus
394 2660 429 2686 et
446 2655 549 2686 Iuno:
578 2653 614 2686 in
642 2654 759 2697 Cypro
783 2658 893 2686 autem
915 2663 1011 2686 ovem
1033 2651 1120 2695 pelle
1139 2652 1240 2685 ovilla
1258 2652 1441 2685 involutam
1458 2662 1526 2685 una
1546 2651 1664 2685 immo—

251 2698 368 2731 labant
386 2698 514 2731 Veneri
541 2697 736 2742 (disciplina
762 2702 874 2730 autem
898 2696 1080 2730 sacerdotii
1111 2696 1146 2729 in
1172 2697 1322 2740 Cyprum
1349 2708 1369 2729 a
1396 2696 1561 2730 Corintho
1587 2695 1665 2729 olim

255 2742 385 2784 perlata
403 2745 490 2785 est);
513 2748 634 2786 postea
651 2754 733 2775 vero
756 2747 791 2775 et
811 2753 911 2786 apros
930 2741 963 2775 ei
984 2739 1199 2775 immolabant
1221 2746 1362 2784 propter
1381 2740 1522 2774 insidias
1540 2741 1583 2775 ab
1601 2741 1666 2775 hac

257 2787 367 2821 bestia
390 2787 425 2820 in
441 2788 628 2823 Adonidem
645 2788 765 2832 factas,
789 2798 821 2822 a.
845 2787 880 2822 d.
897 2785 920 2821 4
935 2786 1065 2830 Nonas,
1086 2785 1112 2820 i.
1133 2797 1165 2821 e.
1187 2785 1244 2820 die
1261 2786 1408 2821 secundo
1425 2784 1564 2831 Aprilis.
