1748 3210
76 513 79 517 ι
105 497 201 522 xvnI

67 1897 103 1930 p.
127 1895 192 1919 xtx

138 2344 189 2383 10

221 217 280 248 nx
655 205 800 250 HASII
832 205 906 248 DE
939 203 1207 249 OSTENTIS

220 348 261 386 Ρ.
271 334 352 377 295
377 335 446 375 18:
472 332 535 376 ἐπὶ
550 332 624 388 τὴν
639 334 825 387 βασιλέως
840 333 926 387 ἥξει
943 331 1085 388 χώραν,
1103 335 1344 386 apertissime
1360 333 1531 374 indicare
1542 335 1643 374 eae-

221 425 352 450 sarum
365 412 494 449 firmas
511 414 590 450 iam
603 426 646 450 ac
657 412 813 450 stabiles
825 424 939 463 opes3
960 409 1062 468 αὐτῇ
1078 415 1128 467 τῇ
1146 413 1316 464 βασιλίδι
1331 412 1398 454 καὶ
1417 417 1498 461 τοῖς
1517 409 1643 465 αὐτῆς

221 489 381 538 τέκνοις,
397 503 436 540 Ρ.
449 489 526 531 346
550 488 613 538 15,
631 489 755 527 vereri
774 502 815 526 se
834 496 878 527 ut
897 491 1008 527 aliter
1021 491 1142 540 accipi
1158 491 1280 541 possit
1291 503 1409 543 quam
1420 489 1468 528 de
1479 491 1642 540 coniuge

219 569 461 618 imperatoris
480 568 638 618 eiusque
655 565 801 604 liberis.
833 578 932 618 quae
952 568 1131 619 legantur
1149 581 1188 618 Ρ.
1200 569 1280 609 287
1289 569 1343 606 in.
1363 567 1412 605 de
1424 567 1645 604 belloAfri-

221 657 339 692 cano,
381 650 531 680 tantum
558 642 606 680 de
633 642 818 682 Vandalis
851 652 1038 696 quantum
1069 643 1116 682 de
1142 645 1284 682 Poenis
1311 657 1425 696 posse
1453 643 1643 693 intelligi;

221 734 319 773 quae
333 735 372 772 p.
387 719 467 762 347
490 719 516 760 4
545 720 607 772 (οὶΙ
627 722 745 772 δῆμοι
766 736 801 761 κ.
819 736 851 761 τ.
870 719 938 773 L),
968 721 1015 759 de
1036 723 1182 760 Veneta
1198 723 1437 773 Prasinaque
1454 721 1644 759 faotione:

219 801 312 851 quin
332 800 411 836 imo
437 811 536 850 quae
554 813 592 850 p.
603 801 683 840 320
705 801 729 840 8
751 797 800 836 ad
821 800 1024 837 Decembr.
1038 803 1076 848 3,
1106 798 1154 836 de
1174 799 1299 836 carnis
1317 811 1387 836 esu
1404 798 1559 848 legibus
1577 809 1646 834 ec-

219 877 360 914 clesiae
381 875 608 925 interdict03
639 889 738 928 quae
757 891 796 928 p.
815 877 919 925 332,
950 875 998 914 de
1021 876 1179 915 dissidio
1202 877 1400 927 religionis
1420 886 1535 913 causa
1556 873 1647 911 exi-

221 962 360 992 stente.
417 967 488 1004 ego
514 952 564 990 ad
583 952 679 990 haec
697 955 850 1004 singula
864 954 964 992 nihil
981 954 1106 992 habeo
1127 954 1276 992 dicere:
1303 961 1458 992 tantum
1478 953 1586 990 abest
1600 956 1645 988 ut

219 1031 323 1083 Lydi
343 1033 627 1069 lucubrationes
644 1038 803 1082 praeter
815 1031 977 1070 modum
994 1033 1181 1070 extollere
1196 1031 1406 1080 laudando,
1434 1032 1644 1080 levareque

220 1110 458 1160 suspiciones
482 1117 597 1162 atque
623 1110 670 1146 ab
694 1111 763 1147 illo
784 1123 981 1148 removere
1001 1111 1134 1148 velim.
1191 1109 1348 1147 editoris
1367 1108 1568 1159 proprium
1585 1112 1644 1143 est

221 1187 392 1223 officium
416 1185 586 1224 iudicare
605 1189 687 1224 sine
708 1187 938 1237 cupiditate,
967 1195 1033 1226 aut
1051 1190 1084 1226 si
1101 1189 1184 1238 ipse
1204 1186 1393 1224 iudicium
1411 1185 1565 1221 nullum
1579 1183 1645 1219 in-

219 1269 407 1312 terponat,
440 1264 495 1300 sic
516 1271 616 1300 certe
635 1271 830 1301 auctorem
849 1262 1000 1300 tradere
1015 1265 1057 1300 in
1075 1277 1225 1311 manus,
1254 1264 1354 1300 utin
1374 1275 1419 1300 eo
1435 1259 1645 1299 iudicando

224 1340 374 1376 elucere
390 1341 512 1390 possit
531 1342 701 1390 religiosi
718 1353 763 1378 ac
781 1341 964 1391 sapientis
979 1341 1133 1378 lectoris
1148 1339 1366 1391 prudentia.
1422 1345 1574 1387 tamen,
1601 1344 1646 1376 ut

218 1414 269 1452 ad
287 1417 483 1466 superiora
503 1418 572 1454 illa
595 1425 711 1469 queat
730 1419 852 1454 lector
871 1417 1020 1469 aliquid
1038 1416 1284 1467 respondere,
1313 1417 1516 1454 subiiciam
1533 1415 1644 1464 haec,

217 1494 380 1531 fortasse
410 1493 568 1545 Lydum
601 1508 622 1530 e
652 1495 761 1531 libris
790 1482 1047 1544 haruspicinis
1075 1495 1356 1545 ritualibusque
1381 1494 1566 1543 selegisse
1598 1505 1645 1529 ea

217 1573 466 1621 potissimum
495 1583 594 1622 quae
622 1569 674 1608 ad
699 1583 768 1608 sua
797 1583 951 1622 quoque
977 1578 1154 1622 tempora
1179 1572 1433 1622 regionesque
1455 1571 1530 1608 sibi
1551 1582 1646 1621 pro-

216 1649 384 1698 pinquas
414 1647 699 1686 accommodari
728 1647 1015 1700 quodammodo
1037 1662 1151 1700 posse
1177 1650 1442 1696 existimaret3
1469 1653 1645 1698 praeter-

215 1727 369 1763 misisse
389 1732 520 1762 autem
541 1726 714 1763 consulto
741 1732 873 1762 vetera
891 1727 961 1762 illa
984 1725 1195 1764 admodum
1219 1728 1378 1778 antiqua
1391 1754 1401 1774 ,
1431 1725 1644 1776 spectantia

215 1804 280 1839 vel
300 1802 351 1839 ad
371 1810 505 1853 gentes
525 1804 683 1851 Italiae,
713 1805 870 1855 Aequos
887 1805 1046 1842 Latinos
1066 1806 1260 1842 Samnites
1278 1806 1458 1841 Picentes
1476 1805 1642 1852 Tuscos,

215 1881 278 1917 vel
298 1879 348 1917 ad
372 1879 746 1918 administrationem
765 1882 820 1937 rei
837 1881 1015 1931 publicae
1045 1881 1093 1919 de
1123 1883 1290 1920 comitiis
1323 1882 1520 1932 auspicato
1555 1879 1642 1918 edi-

215 1957 346 1996 cendis
372 1957 560 1996 obeundis
591 1957 851 2006 dimittendis,
879 1960 944 1996 vel
973 1958 1022 1996 ad
1049 1961 1135 1996 loca
1156 1966 1342 2010 augurata
1358 1960 1462 1996 Latii
1480 1959 1640 2011 agrique

214 2037 393 2083 Romani,
421 2036 619 2072 Albanum
638 2043 824 2084 montem,
853 2037 986 2073 lucum
1009 2038 1190 2086 Maricae,
1219 2037 1495 2085 armilustrum,
1524 2036 1640 2074 aedes

213 2114 394 2150 urbanas.
452 2125 551 2164 quae
570 2119 613 2150 ut
631 2113 743 2150 nobis
760 2114 925 2151 fuissent
944 2117 1228 2165 acceptissima,
1258 2117 1312 2152 ita
1332 2116 1488 2153 Graecis
1507 2113 1640 2153 homi-

212 2192 326 2229 nibus
347 2191 492 2229 saeculi
514 2202 572 2237 VI,
601 2203 730 2226 rerum
746 2192 967 2229 Italicarum
985 2192 1264 2231 incredibiliter
1282 2192 1456 2242 rudibus,
1483 2191 1642 2231 fastidia

214 2283 258 2307 ac
282 2276 454 2307 monstra
480 2267 670 2304 debebant
693 2268 830 2306 videri.

326 2345 525 2384 Interdum
551 2358 705 2398 quoque
735 2346 919 2398 (opinor)
948 2360 1008 2384 res
1031 2348 1177 2398 priscas
1198 2347 1396 2385 vocabulis
1415 2347 1526 2384 novis
1546 2347 1639 2383 suo-

212 2439 287 2477 que
304 2432 478 2476 tempore
493 2425 644 2462 usitatis
662 2425 891 2462 obscuravit.
930 2426 1039 2461 velut
1056 2427 1186 2475 p.309
1209 2427 1260 2464 10
1285 2426 1327 2461 in
1343 2422 1490 2474 Nigidii
1506 2422 1638 2472 Figuli

211 2505 344 2541 Diario
368 2504 565 2541 tonitruali
581 2517 642 2540 res
660 2502 834 2540 urbanas
853 2504 1013 2539 vertisse
1035 2500 1186 2539 videtur
1205 2501 1281 2548 sic,
1310 2498 1359 2540 τοέ
1389 2502 1459 2550 τῆς
1486 2498 1639 2551 βασιλί-

211 2582 280 2629 δος
301 2578 475 2629 πόλεως,-
500 2582 654 2618 tametsi
674 2579 734 2618 his
752 2581 957 2631 postremis
976 2580 1103 2617 verbis
1123 2580 1260 2615 Graeci
1280 2578 1434 2615 saeculo
1451 2578 1637 2615 Iustinia-

208 2672 283 2697 neo
303 2673 383 2698 non
403 2662 570 2697 Romam
592 2660 728 2697 urbem
754 2657 824 2697 sed
850 2658 1001 2708 Cpolim
1023 2658 1172 2694 soleant
1194 2655 1410 2706 designare.
1468 2653 1636 2706 denique

207 2739 370 2776 minime
386 2740 531 2777 mirum
549 2740 711 2777 fortasse
731 2736 846 2775 debet
863 2735 987 2774 videri
1004 2735 1068 2773 vel
1088 2732 1136 2772 de
1157 2734 1365 2772 Caesarum
1378 2732 1459 2772 fato
1475 2733 1635 2772 obscure
