1748 3210
556 170 1007 218 COMMENTARIUS.
1311 199 1314 201 Α
1462 182 1508 211 lx

55 307 165 347 rebat
192 305 482 359 praefectorum
510 307 829 346 commutatione.
900 304 953 344 ad
992 304 1312 357 augustalitatem
1345 315 1505 356 quoque

53 382 172 428 atque
202 374 301 413 adeo
330 374 605 426 progrediente
628 382 753 413 aetate
774 374 826 413 ad
846 375 1089 413 corniculum
1105 374 1302 425 pervenit,
1333 373 1402 424 qui
1423 378 1505 409 erat

53 444 311 481 militantium
337 443 380 480 in
409 444 561 481 scriniis
585 441 730 494 gradus
762 457 854 481 cum
885 443 1153 495 amplissimus
1183 448 1268 480 tum
1291 441 1410 477 etiam
1431 440 1505 477 flo-

54 518 164 556 rmte
178 512 372 564 praetorio
389 512 565 548 maxime
584 511 828 549 fructuosus:
859 511 1101 548 tribuebatur
1119 510 1226 547 enim
1240 522 1311 560 per
1329 521 1506 545 annuum

53 580 248 632 spatium,
279 592 350 631 pro
379 580 578 617 minorum
606 578 824 616 officiorum
848 577 1014 617 honeste
1036 577 1289 615 decursorum
1313 577 1504 628 praemio,
1528 587 1565 621 p·
1592 585 1646 609 vu

51 646 279 686 hominibus
304 647 405 685 bene
431 647 582 684 meritis
611 659 656 683 ac
682 648 892 684 veteranis.
949 645 1020 684 sed
1047 644 1203 697 Lydus,
1234 658 1323 683 cum
1344 646 1445 682 circa
1469 658 1505 682 a.

52 714 200 754 Christi
221 716 300 758 551
323 728 369 754 eo
389 715 622 763 emersisset,
650 722 805 766 praeter
824 727 936 765 spem
955 715 1087 751 amisit
1104 720 1232 751 totum
1251 711 1366 762 illud,
1398 712 1507 765 quod

53 790 137 822 erat
159 797 230 835 spe
252 781 503 831 devoratmn,
534 783 836 820 cornicularium
853 783 1020 819 lucrum.
1078 780 1216 819 incidit
1235 782 1343 818 euim
1362 783 1405 818 in
1424 782 1506 818 mi·-

52 851 264 890 serabilem
299 851 545 888 eversionem
583 850 801 889 officiorum
839 852 1138 901 maximamque
1170 849 1507 900 perturbationem

53 918 284 970 disciplinae
301 919 444 956 veteris
462 931 507 956 ac
525 916 829 957 diminutionem
845 920 1112 971 vectigalium,
1144 931 1190 955 eo
1210 930 1336 969 usque
1354 923 1398 953 ut
1416 929 1507 953 cum

52 993 170 1025 antea
183 987 462 1026 cornicularius
479 999 550 1024 suo
571 999 673 1025 anno
694 1001 747 1025 ex
766 988 850 1025 sola
862 994 1039 1025 actorum
1051 987 1335 1037 subscriptione
1350 990 1507 1036 caperet

51 1067 134 1093 non
149 1055 282 1092 minus
299 1055 410 1092 mille
430 1053 591 1104 solidos,
611 1054 748 1107 Lydus
768 1055 970 1093 confirmet
991 1058 1016 1096 3
1046 1055 1099 1097 25
1123 1068 1164 1106 p.
1183 1054 1265 1095 218
1290 1054 1317 1093 3
1343 1066 1385 1090 se
1404 1050 1507 1088 nihil

50 1129 142 1175 post
165 1116 369 1160 diuturnos
395 1123 551 1162 labores
578 1136 699 1176 quam
728 1137 875 1161 vanum
898 1135 1046 1161 nomen
1071 1129 1346 1170 consecutum,
1375 1133 1508 1173 neque

51 1203 76 1228 a
101 1191 281 1243 principe
307 1203 438 1243 neque
470 1205 523 1228 ex
546 1192 874 1244 completionibus
904 1191 1034 1244 (quae
1065 1197 1174 1229 erant
1202 1202 1294 1241 pars
1318 1187 1507 1241 stipendii

51 1259 318 1298 corniculariis
336 1258 560 1311 constituti)
590 1261 787 1312 accepisse
803 1273 969 1297 numum
985 1259 1126 1309 ullum,
1158 1260 1327 1312 denique
1347 1269 1508 1296 omnem

50 1327 134 1364 fere
150 1327 254 1365 vitae
273 1327 484 1377 superioris
504 1327 677 1363 fructum
695 1327 929 1376 perdidisse.
961 1328 1016 1363 ita
1034 1328 1180 1364 librum
1201 1327 1250 1364 de
1263 1325 1509 1376 Magistrati-

50 1394 127 1432 bus
149 1394 377 1444 conscripsit
394 1406 548 1430 summo
570 1407 660 1430 cum
679 1392 883 1431 stomacho
906 1399 1024 1445 atque
1043 1393 1248 1431 iracundia
1269 1392 1508 1441 incredibili,

52 1461 303 1514 querelisque
321 1467 447 1498 totum
466 1461 642 1498 refersit:
674 1459 755 1497 vid.
768 1463 792 1501 3
819 1462 870 1501 12
891 1473 932 1511 p.
945 1462 1027 1502 206
1045 1463 1083 1509 1,
1106 1464 1184 1503 207
1209 1463 1263 1502 23
1283 1467 1321 1498 et
1339 1461 1421 1501 208
1441 1461 1509 1500 12-

51 1542 126 1566 nec
141 1529 198 1566 ita
217 1527 389 1565 multum
408 1527 564 1566 videtur
581 1529 711 1565 luctus
727 1528 880 1565 levatus
901 1540 986 1565 esse
1007 1530 1090 1566 eius
1108 1529 1178 1566 illo
1199 1529 1353 1576 solatio,
1385 1526 1507 1579 quod,

50 1597 86 1635 si
110 1597 243 1633 minus
268 1594 487 1646 stipendio,
517 1597 642 1647 gloria
666 1603 768 1634 certe
789 1609 834 1633 ac
853 1595 970 1634 laude
991 1603 1129 1634 auctus
1154 1603 1236 1645 est,
1267 1608 1359 1633 cum
1380 1608 1403 1632 a
1423 1597 1508 1633 col-

50 1665 152 1717 legis
171 1663 391 1703 officiorum
421 1663 474 1716 (3
502 1667 557 1705 27
584 1677 626 1715 Ρ.
645 1665 730 1705 220
756 1666 809 1704 21
837 1671 875 1702 et
892 1678 932 1716 p.
953 1666 1035 1706 223
1069 1664 1119 1715 1)
1152 1670 1238 1700 tum
1259 1676 1281 1700 a
1300 1663 1509 1716 praefecti8

49 1733 226 1784 ipsisque
257 1732 580 1783 imperatoribus,
616 1731 739 1784 idque
769 1733 947 1770 maxime
979 1731 1133 1770 duobus
1162 1731 1352 1781 decretis,
1384 1733 1509 1770 altero

49 1800 291 1853 pragmatico
310 1800 517 1837 Iustiniani
545 1799 597 1852 (3
626 1801 682 1840 29
710 1813 750 1851 Ρ.
769 1802 852 1841 222
880 1798 959 1851 2),
991 1813 1068 1852 quo
1089 1801 1293 1838 extollitur
1310 1799 1415 1851 Lydi
1435 1798 1510 1837 do-

50 1868 175 1907 ctrina
201 1867 371 1918 eximia,
402 1868 558 1920 poetica
583 1866 814 1917 suavitudo,
845 1867 1012 1906 eruditio
1042 1869 1183 1906 Latina
1200 1897 1210 1917 ‚
1253 1869 1508 1906 conferuntur
1529 1881 1565 1915 p.
1594 1881 1661 1905 viu

49 1936 240 1975 beneficia
261 1934 478 1989 quaedam,
506 1937 622 1988 plura
642 1937 948 1987 promittuntur,
978 1934 1114 1974 addito
1136 1935 1296 1975 hortatu
1317 1942 1362 1974 ut
1378 1937 1510 1988 pluri-

48 2005 125 2043 bus
157 2005 307 2043 civibus
334 2006 552 2056 porrigeret
577 2005 710 2042 lucem
736 2005 914 2055 ingenii3
959 2016 1038 2057 qua
1069 2003 1189 2042 laude
1218 2006 1403 2043 incensus
1435 2018 1507 2056 per

49 2072 215 2126 aliquod
234 2079 391 2124 tempus
412 2080 472 2111 est
488 2073 646 2125 publice
665 2073 798 2110 nescio
821 2071 918 2125 quid
939 2073 1162 2124 professus,
1192 2074 1371 2124 linguam
1390 2073 1506 2110 Lati-

50 2153 166 2190 nam,
199 2141 360 2192 opinor,
396 2141 462 2180 vel
491 2142 705 2190 Graecam3
747 2141 870 2179 altero
899 2139 1091 2179 honestae
1122 2143 1324 2180 missionis
1365 2141 1420 2194 (3
1450 2143 1506 2182 30

50 2209 185 2260 p.223
215 2207 294 2259 15)
323 2222 427 2247 anno
446 2208 548 2258 552,
577 2207 739 2247 sedente
756 2210 798 2246 in
815 2216 1005 2260 suggestu
1021 2207 1247 2261 Hephaesto
1267 2225 1307 2262 p.
1328 2224 1384 2262 p.‚
1416 2222 1508 2247 cum

50 2283 140 2328 post
158 2289 350 2315 annorum
364 2275 418 2319 40
436 2278 634 2316 mensium
654 2277 679 2318 4
698 2278 904 2326 militiam,
934 2284 1129 2316 transacto
1148 2279 1346 2317 corniculo
1365 2279 1505 2329 cingu-

49 2344 170 2397 loque
210 2343 411 2397 deposito,
448 2346 696 2396 sexagesimo
734 2343 906 2384 secundo
941 2347 1080 2384 aetatis
1107 2359 1210 2384 anno
1241 2348 1284 2384 iu
1312 2347 1507 2398 palatium

51 2413 252 2462 transiret,
280 2413 431 2451 iuribus
453 2415 698 2466 annonisque
717 2415 970 2452 emeritorum
988 2414 1192 2452 fruiturus.
1252 2428 1330 2467 quo
1355 2415 1397 2451 in
1424 2414 1504 2450 otio

52 2477 105 2517 ad
131 2479 381 2518 scribendum
410 2487 538 2519 totum
555 2494 597 2519 se
618 2482 807 2530 contulit,
836 2483 920 2519 fere
946 2489 1124 2534 tempore
1142 2482 1283 2521 eodem
1305 2496 1382 2534 quo
1402 2483 1504 2518 Pro-

53 2548 188 2598 copius
207 2549 468 2587 caesariensis
481 2578 492 2597 ,
523 2550 741 2600 imperante
763 2551 969 2588 etiamtum
988 2552 1221 2591 Iustiniano.
1280 2551 1342 2587 cui
1363 2562 1415 2586 an
1434 2563 1503 2587 su-

50 2622 202 2666 perstes
222 2616 342 2654 fuerit
365 2619 636 2670 Iustinumque
660 2619 878 2667 iuniorem,
916 2620 986 2671 qui
1011 2621 1198 2658 successit
1221 2632 1257 2655 a.
1276 2616 1378 2665 565,
1409 2617 1503 2654 atti-

53 2683 174 2734 gerit,
204 2681 314 2721 haud
338 2685 440 2723 scio:
475 2685 616 2724 fuisset
643 2693 731 2724 tum
759 2699 954 2725 annorum
982 2686 1051 2728 75.
1110 2699 1211 2739 quem
1238 2683 1401 2737 quidem
1428 2686 1501 2723 sub

53 2752 140 2790 eius
167 2752 328 2791 nomine
356 2759 508 2794 servata
531 2760 643 2805 sunt,
686 2767 732 2793 ea
761 2761 863 2794 certe
890 2755 1023 2794 omnia
1056 2755 1128 2795 sub
1159 2754 1376 2794 Iustiniano
1403 2754 1502 2793 scri-

51 2819 146 2870 psit.
