1748 3210
650 172 726 215 DE
770 171 1055 218 OSTENTIS.
1484 177 1547 222 33
1557 178 1580 223 1

263 282 313 329 κ’.
367 287 402 328 εἰ
419 284 645 343 βροντήσῃ,
677 287 848 342 τοῖςμὲν
866 289 954 345 περὶ
971 287 1044 343 τὴν
1065 286 1260 343 ἀνατολὴν
1278 286 1446 344 εὐθηνία
1455 322 1469 342 ,
1503 299 1585 342 τοῖς

131 355 176 398 δὲ
197 355 257 396 ἐπὶ
281 351 396 397 δύσιν
418 356 492 409 οὐχ
514 354 653 406 οὕτως.

265 421 343 465 κα’.
369 426 404 465 εἰ
423 423 652 480 βροντήσῃ,
687 424 820 479 εὐχῶν*
839 425 904 466 δεῖ
924 424 992 466 διὰ
1013 423 1064 466 τὰ
1088 421 1366 478 ἀπειλούμενα.

263 490 342 546 κβ.
367 494 402 534 εἰ
419 490 622 550 βροντήσῃ
632 524 646 545 ,
681 494 932 550 κατομβριάν
963 494 1030 535 καὶ
1059 493 1225 550 φθορὰν
1252 496 1333 536 τῶν
1353 495 1582 537 θαλαττίων

95 556 286 614 Ξῖχθῦων
305 562 500 615 σημαίνει.

262 626 338 684 κγ’.
363 631 398 672 εἰ
415 626 640 686 βροντήσῃ,
675 628 895 686 εὖομβριάν
914 626 1174 685 καρποφόρον
1194 631 1321 684 ὁηλοΐ.

263 695 339 740 κδ’.
363 700 397 741 εἲ
416 696 647 756 βροντήσῃ,
680 696 837 754 μεγάλα
864 695 992 749 κακά,
1023 695 1079 747 ὥς
1107 698 1149 748 ἓξ
1177 697 1361 752 ἀθυμίας
1390 700 1582 741 λειποθν-

125 767 254 820 μῆσαι
275 766 370 818 τοὺς
388 765 604 822 ὑπηκόους.

264 832 334 879 κε’.
367 838 402 880 εἲ
419 834 648 894 βροντήσῃ,
683 831 919 877 ἀνάπαυλαν
946 832 1015 875 καὶ
1042 829 1186 889 ὕφεσιν
1211 835 1293 875 τῶν
1318 837 1451 876 κακῶν
1473 833 1584 876 ἔλπι-

71 908 118 944 10
128 900 256 947 στὲον.

265 968 340 1021 σις’.
366 971 401 1014 εἰ
421 966 624 1028 βροντήσῃ
634 1000 648 1022 ,
683 967 806 1011 καλὸν
823 972 908 1017 τοῒς
926 967 1015 1023 περὶ
1038 967 1231 1024 γεωργίαν
1251 965 1422 1022 ἔχουσιν.

262 1037 335 1091 κζ’.
364 1041 398 1081 εἰ
416 1037 619 1096 βροντήσῃ
627 1070 640 1089 ,
676 1039 886 1091 ὃιοσημεΐα
901 1035 1011 1078 ἔσται
1025 1037 1092 1078 καὶ
1106 1034 1283 1091 κομήτης
1296 1034 1586 1094 ἕξαφθήσεται.

260 1105 337 1161 κη’.
362 1110 397 1149 εἴ
415 1106 619 1163 βροντήσῃ
630 1139 644 1158 ,
685 1103 878 1154 ὡσαύτως
900 1103 1025 1146 ἔσται.

261 1173 344 1216 κθ’.
365 1177 399 1218 εἲ
415 1173 639 1231 βροντήσῃ,
675 1172 849 1227 πόλεμον
868 1172 1050 1231 ἀρκτῷον
1071 1172 1273 1226 σημαίνει,
1305 1173 1398 1216 ἀλλ’
1421 1173 1584 1216 ἀκίνδυ-

74 1250 117 1287 1⁵
127 1259 196 1286 νον
220 1249 305 1293 τοῖς
328 1241 574 1300 πράγμασιν.

262 1309 313 1353 λ’.
365 1313 400 1353 εἲ
420 1307 626 1369 βροντήσῃ
637 1340 650 1360 ,
684 1307 736 1351 τὰ
758 1306 868 1364 φυτὰ
884 1309 965 1349 τῶν
990 1305 1146 1360 ἀνέμων
1167 1306 1486 1365 συντριβήσεται.

200 1405 350 1452 Ταύτην
372 1403 443 1452 τὴν
466 1403 651 1461 ἐφήμερον
675 1401 969 1458 βροντοσκοζῑίαν
992 1399 1014 1458 ,ὃ
1040 1402 1092 1436 Νι
1109 1400 1212 1458 ’ἴδιος
1236 1401 1282 1439 οὔ
1304 1403 1511 1450 καθολικὴν

478 1450 570 1487 αλλὰ
591 1461 707 1495 μονης
731 1445 827 1484 εἶναι
848 1459 914 1492 της
940 1449 1073 1493 Ρωμης
1113 1461 1249 1493 κρινεν.

219 1576 244 1612 3
266 1571 441 1621 εὔχεσθαι
463 1577 572 1621 Rutg.
747 1573 769 1608 5
793 1572 902 1616 δηλοῖ
921 1571 1029 1652 Βαθὲ.
1205 1574 1227 1608 6
1251 1571 1457 1619 ἀνομβρίαν
1477 1576 1586 1620 Rutg.

218 1623 242 1656 9
277 1617 411 1666 ἄφεσιν
436 1623 544 1666 Rutg.
739 1620 784 1654 12
812 1619 906 1653 διοσ.
926 1637 971 1643 -
1009 1615 1266 1664 ξαφθήσεται]
1302 1621 1389 1655 haec
1421 1633 1464 1655 ex
1497 1623 1587 1656 Rut-

217 1668 348 1712 gersio.
394 1669 431 1702 in
456 1668 486 1702 C
508 1668 656 1701 iteratur
677 1668 762 1699 nota
783 1664 941 1711 proxime
963 1663 1125 1710 superior
1147 1662 1262 1700 καλόν
1279 1686 1325 1693 -
1345 1663 1501 1710 ἔχουσιν.
1537 1668 1585 1702 Η.
1622 1681 1631 1687 ’

220 1713 265 1749 16
285 1713 380 1758 τῶν]
401 1725 482 1749 num
498 1710 574 1748 ὑπὸ
595 1711 699 1747 stov?
721 1711 770 1746 Η.

125 1838 186 1872 20.
229 1837 261 1871 si
299 1836 476 1881 tonuerit,
518 1835 746 1871 orientalibus
785 1833 1019 1878 abundantia,
1064 1833 1337 1869 occidentalibus
1383 1847 1453 1870 non
1491 1836 1589 1871 item.

125 1885 187 1919 21.
211 1883 242 1917 si
265 1887 380 1926 tonat,
406 1882 601 1916 obsecratio
625 1882 838 1916 instituenda
860 1885 1006 1926 propter
1029 1880 1123 1913 diras
1148 1881 1382 1916 obnuntiatas.
1475 1883 1533 1917 22.
1558 1883 1591 1916 si

126 1934 246 1974 tonat,
271 1930 343 1963 vim
365 1929 524 1962 imbrium
543 1934 578 1961 et
595 1929 773 1962 interitum
799 1927 946 1972 piscium
966 1926 1174 1960 marinorum
1196 1927 1384 1970 significat.
1475 1929 1534 1963 23.
1559 1929 1592 1962 si

128 1979 248 2019 tonat,
290 1975 435 2008 imbrem
461 1974 593 2017 largum
628 1977 665 2006 et
695 1973 846 2006 fertilem
883 1971 1048 2005 declarat.
1150 1971 1207 2005 24.
1242 1972 1273 2005 si
1300 1973 1472 2017 tonuerit,
1502 1974 1592 2008 mala
1635 1978 1638 1983 ‘

129 2032 274 2064 magna,
308 2025 347 2054 ut
373 2019 433 2064 qui
459 2019 530 2052 sint
547 2018 694 2051 dicionis
716 2017 837 2062 populi
857 2017 1023 2059 Romani,
1061 2028 1147 2060 prae
1171 2029 1329 2051 maerore
1353 2019 1465 2052 animo
1491 2020 1589 2053 defe-

129 2066 221 2100 cturi
251 2066 333 2100 sint.
427 2064 483 2098 25.
517 2063 548 2097 si
577 2068 694 2107 tonat,
726 2062 884 2095 remissio
915 2061 1174 2106 deminutioque
1206 2063 1371 2097 malorum
1402 2067 1589 2108 speranda.

128 2113 186 2148 26.
218 2111 250 2145 si
280 2114 399 2153 tonat,
430 2110 580 2143 faustum
602 2108 647 2142 iis
671 2107 732 2152 qui
753 2108 846 2152 agris
871 2107 1023 2141 colendis
1046 2118 1185 2151 operam
1208 2109 1305 2142 dant.
1399 2111 1456 2144 27.
1485 2111 1514 2144 si
1533 2118 1589 2145 to-

130 2157 263 2200 nuerit,
289 2155 450 2202 prodigia
468 2160 570 2188 erunt
588 2159 625 2188 et
643 2158 792 2188 cometes
813 2153 986 2187 emicabit.
1078 2154 1137 2187 28.
1162 2153 1193 2187 si
1210 2155 1385 2199 tonuerit,
1406 2156 1474 2190 erit
1491 2157 1588 2191 item.

129 2203 188 2236 29.
213 2202 243 2236 si
266 2207 382 2245 tonat,
415 2200 540 2235 bellum
567 2199 840 2244 septentrionale
858 2199 1052 2243 significat,
1075 2199 1136 2232 sed
1154 2204 1268 2233 tamen
1289 2200 1377 2235 citra
1399 2202 1588 2247 periculum

129 2258 257 2283 rerum.
351 2247 408 2282 30.
433 2246 465 2280 si
480 2246 654 2290 tonuerit,
679 2245 818 2290 stipites
839 2257 860 2280 a
884 2244 998 2279 ventis
1022 2245 1297 2290 confringentur.

282 2325 358 2361 Hoc
382 2326 532 2362 diarium
555 2326 742 2362 tonitr-nale
766 2325 932 2370 Nigidius
953 2338 1021 2358 non
1042 2326 1226 2371 generale,
1248 2326 1309 2361 scd
1331 2325 1437 2360 solius

669 2372 798 2405 Romae
821 2383 890 2406 esse
912 2373 1050 2406 censuit.
