1748 3210
572 150 1032 198 COMMENTARIUS.
1408 164 1531 196 xxvu

75 297 127 339 με
145 295 332 342 excerpta
349 301 420 328 sua
439 293 525 328 tum
542 288 723 328 breviora
743 287 822 326 sint
841 299 961 340 quam
978 286 1103 324 >altera
1117 315 1127 335 ,
1156 292 1242 324 tum
1259 285 1385 323 multo
1411 285 1529 324 etiam

75 344 470 409 ‘magis-perturbata.
520 370 582 400 ex
603 356 792 394 ambabus
815 363 948 394 autem
969 356 1149 407 epitomis
1169 353 1383 392 editionem
1400 354 1530 392 libelli

82 423 133 464 de
156 425 382 474 mensibus,
414 424 462 462 de
486 437 564 478 qua
580 436 700 472 mox,
729 422 934 462 Schowius
955 424 1135 463 confecit.

190 493 429 544 Fragmenta
459 505 512 531 ex
543 492 643 529 libro
678 489 727 528 de
760 493 930 530 Ostentis
943 520 953 540 ,
992 504 1093 544 quae
1128 489 1291 544 quidem
1326 489 1531 529 doctorum

77 560 348 606 ‚mentionibus
381 561 610 606 enituerint,
641 565 825 610 quattuor
855 561 1038 608 invenio,
1070 558 1118 597 de
1143 560 1351 598 tonitribus
1379 561 1421 596 in
1445 558 1531 597 dies

76 629 279 679 singulos,
317 627 366 666 de
387 635 515 666 terrae
533 627 724 675 motibus,
755 625 804 663 de
827 633 915 670 ortu
937 626 1132 676 siderum,
1163 626 1212 666 de
1231 628 1439 666 tonitribus
1461 642 1534 679 ge-

79 698 264 735 neratim.
311 695 463 734 horum
479 695 610 746 priora
627 691 704 732 duo
723 692 829 731 edita
848 700 953 731 sunt.
1010 697 1186 745 primum
1206 695 1254 733 de
1270 696 1476 734 tonitribus
1491 698 1536 734 in

81 763 165 802 dies
184 764 364 817 cingulos
372 790 390 810 ,
418 763 545 814 primo
567 767 918 799 commemoratum
937 761 985 798 ab
1007 764 1155 799 Ioanne
1173 764 1345 801 Meursio
1366 765 1410 801 in
1429 765 1533 802 notis

82 829 135 869 ad
153 833 298 876 Leonis
319 833 481 870 Tactica
506 829 568 868 ed.
588 827 774 880 Lugdun.
793 830 880 865 Bat.
901 830 1019 877 1612,
1038 828 1086 877 4,
1117 837 1176 868 est
1204 843 1295 882 pars
1321 830 1370 868 de
1395 832 1533 882 fulgu-

82 899 157 936 mli
184 900 231 937 P.
249 898 406 950 (Nigidii
433 898 565 949 Figuli
594 897 715 945 libro,
746 909 867 948 quam
886 894 1023 948 Lydus
1050 898 1196 936 Graece
1214 899 1423 947 versamin
1442 912 1532 936 me-

82 964 194 1009 dium
210 968 392 1006 libellum
409 965 458 1004 de
478 965 648 1005 Ostentis
666 965 930 1020 transtulerat.
987 966 1212 1004 inscribitur
1238 968 1282 1004 in
1309 968 1396 1018 ipso
1417 967 1532 1019 Lydo

79 1029 304 1087 Ἐφήμερος
324 1034 616 1088 βροντοσκοπίοι
634 1030 778 1085 vomam*
799 1030 899 1086 πρὸς
916 1029 989 1084 τήν
1010 1030 1200 1085 σελήνην,
1229 1032 1327 1075 nato?
1350 1033 1420 1076 τὸν
1440 1035 1532 1076 Ῥω-

78 1094 202 1155 μαῖον
233 1105 452 1159 Φίγουλον,
473 1131 475 1133 -
493 1104 538 1146 ἐκ
566 1106 648 1144 τῶν
678 1098 871 1155 Τάγητος,
907 1096 1008 1141 καθ’
1037 1100 1248 1155 ἑρμηνείαν
1281 1101 1381 1157 πρὸς
1411 1103 1531 1153 λέξιν.

79 1170 158 1208 inc·
181 1171 218 1212 εἰ
235 1170 300 1213 ἐπὶ
318 1168 464 1221 πάσαις
482 1175 554 1224 τῆς
573 1170 802 1223 διοσημείας
821 1165 1059 1222 παραδόσεσι
1077 1167 1151 1222 τὴν
1172 1168 1344 1224 σελήνην
1363 1173 1531 1224 φαίνον-

8 1240 10 1244 ’
79 1251 157 1279 ται.
214 1238 297 1278 des.
323 1238 472 1292 ταύτην
498 1237 570 1291 τήν
593 1234 794 1291 ἐφήμερον
813 1238 1127 1289 βροντοσκοπίαν
1145 1238 1169 1279 ό
1186 1241 1368 1293 Νιγίδιος
1389 1237 1439 1281 ου’
1459 1256 1535 1280 κα-

80 1305 253 1359 θολικήν
270 1304 368 1348 ἄλλά
387 1303 516 1360 μόνης
534 1303 637 1346 εἶναι
653 1308 724 1355 τῆς
739 1301 888 1356 Ῥώμης
907 1303 1069 1357 ἔκρινεν.
1127 1305 1176 1344 de
1203 1306 1280 1345 hoc
1310 1308 1534 1358 fragmento

81 1372 173 1412 vide
200 1376 332 1412 virum
363 1375 414 1412 cl.
444 1372 492 1411 de
519 1372 719 1422 Burigny‚
749 1373 808 1408 De
827 1374 908 1409 vita
929 1379 967 1409 et
986 1373 1139 1422 scriptis
1156 1375 1201 1411 P.
1220 1374 1369 1424 Nigidii
1389 1377 1534 1427 Figuli,

81 1442 260 1479 Histoire
278 1442 327 1479 cle
343 1440 592 1478 l'Acade'mie
611 1439 678 1475 des
696 1438 972 1487 Inscriplions,
1002 1445 1097 1476 tom.
1118 1443 1187 1488 29,
1216 1443 1341 1478 Paris.
1364 1443 1482 1491 1764,
1494 1441 1533 1492 4,

79 1521 121 1560 p.
145 1510 239 1550 197.
298 1514 450 1556 exstat,
482 1512 675 1558 quantum
700 1506 892 1555 comperi,
922 1506 963 1541 in
983 1505 1183 1545 codicibus
1206 1507 1378 1557 duobus,
1409 1511 1533 1549 altero

76 1576 282 1624 Palatino,
313 1573 418 1612 unde
454 1572 659 1625 descripsit
689 1575 908 1621 Meursius,
940 1580 1028 1611 ante
1059 1587 1209 1612 annum
1237 1579 1342 1618 1612
1367 1578 1534 1616 Heidel-

79 1644 224 1696 bergae
253 1650 451 1691 moratus3
481 1649 603 1694 utque
632 1639 748 1679 video
774 1653 827 1677 ex
848 1641 1024 1692 catalogo
1047 1655 1129 1680 mss
1152 1644 1390 1683 Graecorum
1408 1647 1451 1683 iu
1470 1647 1535 1683 bi-

79 1709 278 1751 bliotheca
300 1712 480 1748 Palatina
503 1710 736 1758 Electorali‚
766 1722 789 1746 a
810 1708 1008 1748 Friderico
1028 1711 1241 1763 Sylburgio
1262 1714 1437 1752 confecto
1469 1715 1536 1767 (in

79 1779 218 1830 Miegii
253 1780 498 1817 Monument.
536 1779 674 1829 pietat.
717 1784 755 1815 et
791 1778 938 1815 literar.
981 1780 1227 1817 Francofurti
1263 1780 1314 1818 ad
1344 1784 1536 1821 Moenum

81 1849 203 1896 1701,
223 1844 270 1896 4,
299 1860 340 1899 p.
365 1849 420 1888 92
439 1844 553 1898 sqq.)
567 1875 578 1895 ,
609 1844 736 1883 codex
755 1846 829 1884 iste
853 1852 939 1883 tum
959 1853 1042 1884 erat
1063 1850 1363 1887 trecentesimus
1382 1849 1536 1888 duode-

71 1915 208 1961 cimus
234 1916 338 1953 inter
358 1915 582 1952 Palatinos:
613 1927 706 1951 etun
734 1914 901 1951 arbitror
931 1913 1060 1952 adhuc
1089 1916 1235 1954 alicubi
1258 1918 1412 1955 latitare
1434 1920 1536 1957 inter

79 1982 280 2021 Palatinos
310 1981 572 2022 bibliothecae
603 1983 828 2020 Vaticanae.
885 1981 939 2033 2)
979 1984 1103 2022 altero
1138 1986 1288 2023 Veneto
1320 1984 1423 2036 324,
1463 1988 1535 2025 fol.

80 2048 164 2091 284
183 2051 396 2093 verso-287
413 2064 527 2097 vers-o¹
552 2048 660 2102 (vid.
683 2050 820 2087 Graec.
842 2051 892 2088 D.
914 2052 1038 2089 Marci
1062 2051 1299 2090 Bibliothec.
1319 2053 1434 2091 codd.
1453 2068 1536 2094 mss

79 2130 153 2168 per
179 2119 315 2156 titulos
342 2117 482 2169 digest.
506 2116 676 2170 praesid.
700 2119 886 2156 Laurent.
907 2117 1107 2171 Theupol.
1128 2122 1302 2159 Venetiis
1326 2122 1444 2171 1740,
1463 2124 1534 2161 fol.

82 2199 123 2237 p.
138 2184 262 2237 149):
291 2188 326 2224 is
346 2199 451 2224 nunc
469 2186 642 2224 Parisios
658 2186 870 2224 translatus
891 2186 1020 2225 codex
1043 2195 1115 2226 est.
1155 2188 1232 2227 hoc
1253 2197 1386 2228 autem
1405 2193 1451 2229 P.
1463 2193 1537 2229 Ni-

83 2252 182 2305 gidii
198 2254 329 2305 Figuli
347 2252 537 2306 quicquid
555 2260 632 2301 est,
661 2254 892 2304 Rutgersius
913 2253 1059 2305 edidit,
1087 2264 1132 2294 ut
1147 2271 1246 2296 mox
1266 2256 1440 2296 dicetur:
1472 2273 1537 2296 se-

83 2320 256 2359 cundum
283 2322 550 2372 fragmentum
570 2321 661 2358 libri
683 2319 732 2357 de
753 2322 923 2359 Ostentis
936 2351 946 2370 ‚
978 2323 1026 2360 cle
1047 2331 1173 2362 terrae
1192 2325 1379 2372 motibus,
1408 2325 1536 2364 Scho-

81 2389 180 2428 wius
207 2389 403 2441 vulgavit,
441 2387 493 2427 ad
521 2390 671 2427 calcem
694 2388 787 2425 libri
818 2387 867 2426 de
896 2391 1122 2441 Mensibus,
1154 2406 1195 2444 p.
1222 2394 1317 2434 130.
1374 2395 1539 2445 incipit:

83 2458 206 2496 ταῦτα
237 2454 309 2508 μὲν
341 2453 394 2497 ἅν
422 2472 481 2504 τις
509 2454 607 2510 πρὸς
637 2453 709 2504 τοὶς
736 2454 909 2508 φυσικάς
935 2458 1092 2508 ἐννοίας
1113 2460 1278 2514 1ἐνορῶν.
1336 2459 1418 2498 des.
1437 2460 1536 2498 ibid.

84 2536 126 2574 p-
156 2523 255 2566 134:
292 2520 499 2577 ἀναλόγως
528 2528 611 2572 τοῖς
638 2529 778 2572 κακοῖς
807 2521 1054 2579 εὐφροσύνη.
1111 2527 1155 2565 id
1186 2529 1454 2579 fragmentum
1485 2542 1538 2567 ex

84 2596 281 2640 postrema
296 2598 405 2643 parte
425 2593 517 2630 libri
538 2591 587 2629 de
607 2593 778 2631 Ostentis
796 2601 998 2645 sumptum
1016 2603 1144 2633 exstat
1161 2597 1204 2633 in
1223 2594 1422 2634 codicibus
1442 2597 1539 2634 item

86 2655 259 2705 duobus,
316 2658 367 2710 1)
395 2673 473 2698 uno
505 2659 767 2699 bibliothecae
797 2663 1012 2712 Angelicae
1043 2665 1087 2700 in
1117 2663 1304 2701 coenobio
1330 2663 1371 2701 S.
1393 2666 1535 2715 Augu-

85 2725 179 2762 stini
196 2723 282 2761 alla
305 2725 500 2776 Sapienza
516 2729 666 2766 Romae
696 2728 761 2781 (v.
778 2731 912 2780 Iugler
930 2730 1119 2767 Biblioth.
1140 2732 1286 2768 literar.
1307 2738 1336 2768 t.
1361 2734 1380 2772 1
1403 2734 1534 2780 lenae,

90 2789 216 2841 1754,
249 2791 298 2842 8,
326 2805 360 2831 ὓ·
387 2795 415 2836 3
450 2791 473 2846 ξ
503 2797 552 2836 19
590 2809 630 2847 p.
658 2798 755 2838 289.
812 2799 1092 2836 Montefalcou.
1117 2799 1226 2837 Diar.
1252 2800 1380 2838 Italic.
1408 2802 1533 2839 Paris.

1555 452 1592 485 p.
1619 451 1700 474 xmi

1562 489 1614 528 19

1562 1861 1599 1895 p.
1626 1860 1721 1885 xmu
