1748 3210
159 1616 196 1650 p.
221 1605 285 1640 119

297 231 389 276 102
807 226 1022 270 IOANNIS
1055 224 1185 268 LYDI

295 339 367 396 γῦς
394 340 474 382 ἔστι
502 343 556 395 τῷ
584 338 694 397 ξιφίᾳ
706 369 719 389 ,
755 336 846 379 ἀλλ’
867 335 938 378 οὒκ
955 336 1080 386 ὀξείας
1097 334 1172 390 ἔχει
1191 334 1378 389 ἀμβλείας
1397 335 1439 378 δὲ
1455 333 1527 385 τὰς
1545 332 1690 391 ἀρχάς·

297 406 319 448 ὃ
342 407 384 448 δὲ
400 407 517 454 πίθος
531 406 572 446 ἐκ
591 410 660 446 τοῦ
679 402 899 457 σχήματος·
933 401 953 444 ὃ
972 403 1013 443 δὲ
1032 403 1254 455 λαμπαδίας
1275 401 1475 457 πυρώδης,
1499 404 1564 443 καὶ
1584 404 1693 455 δίκην

298 471 523 528 πυρώπιδος
549 472 664 511 λίθου
693 469 718 524 ἢ
753 470 913 525 δένδρου
939 469 1144 522 καιομένου
1164 468 1309 523 πέφυκε
1329 467 1579 521 διαλάμπειν·
1609 466 1629 508 ὅ
1650 469 1692 508 δὲ

298 537 468 591 κομήτης
498 535 646 585 πλατύς
675 536 756 578 ἔστι
782 535 826 577 τὸ
857 533 958 584 εἶδος
982 537 1047 576 καὶ
1077 533 1206 590 ὥσπερ
1237 531 1390 589 ἱλαρός,
1435 534 1693 590 ἀργυροειδεῖς

298 605 405 652 τινὰς
431 601 657 655 πλοκάμους
684 603 826 643 ἕλκων·
855 599 876 643 ὅ
903 602 946 642 δὲ
965 600 1116 650 δισκεῦς
1135 601 1176 649 ἐξ
1197 599 1319 653 αὗτῆς
1340 603 1412 653 τῆς
1435 602 1725 655 προσηγορίας5

300 672 409 723 δίκην
434 670 567 710 δίσκου
595 669 794 724 φαίνεται,
827 667 873 709 οὗ
904 667 1083 723 λαμπρὸς
1113 665 1203 708 οὐδὲ
1227 664 1397 722 ἐρυθρός
1404 696 1418 715 ,
1449 666 1541 706 ἀλλ’
1567 665 1696 720 ὥσπερ

297 735 481 790 ’ἤλεκτρον
493 747 503 758 ·
532 733 552 775 ὃ
576 735 618 775 δὲ
635 733 769 790 τύφων
787 730 970 789 πυρώδης
989 735 1053 774 καὶ
1075 731 1302 785 αἱματώδης
1319 732 1520 788 φαίνεται,
1549 733 1614 774 καὶ
1633 735 1698 772 λε-

298 799 419 849 πτούς
439 817 545 850 τινας
567 802 801 856 διαρραίνων
819 799 1066 852 πλοκάμους·
1093 798 1113 840 ὃ
1135 800 1177 840 δὲ
1197 797 1386 854 κεράστης
1409 799 1517 854 δίκην
1538 796 1700 851 σελήνης

301 865 546 923 κερατοειδής
554 898 565 916 ,
600 865 663 916 ὃς,
692 865 804 920 ἡνίκα
819 864 971 921 Ξέρξης
987 865 1088 907 κατὰ
1108 869 1178 918 τῆς
1190 865 1364 918 Ἀττικῆς
1380 859 1522 917 ἦλθεν,
1553 864 1702 918 λέγεται

301 938 483 989 φανῆναι.
549 932 569 974 ὃ
592 934 633 973 δὲ
651 935 898 985 Πτολεμαῖος
923 933 1159 987 προστίθησι
1179 933 1242 972 καὶ
1262 931 1390 986 ἕτερον
1411 928 1510 979 εἶδος
1530 927 1700 983 κομήτου
1714 935 1748 970 10

302 998 539 1051 καλούμενον
565 997 780 1053 σάλπιγγα,
810 1000 987 1053 φαίνεται
1013 999 1055 1039 δὲ
1081 997 1181 1038 κατὰ
1200 997 1244 1038 τὸ
1265 997 1440 1052 ἅρκτῷον
1469 997 1602 1049 κλίμα.
1669 996 1706 1036 οἳ

304 1067 348 1107 δὲ
377 1066 537 1122 φυσικοί
561 1081 680 1120 φασιν
703 1063 757 1113 ὡς
777 1066 1022 1106 συνίστανται
1044 1064 1080 1104 οἶ
1100 1067 1266 1116 κομῆται
1286 1064 1326 1103 ἐν
1345 1069 1426 1111 τοῖς
1443 1060 1519 1103 ὑπὸ
1544 1060 1706 1115 σελήνην

303 1130 461 1177 κόλποις
480 1129 661 1185 οἰστρώδη
681 1130 766 1171 τινὰ
782 1129 899 1185 φύσιν
918 1128 1213 1182 ἐπιδεικνύμενοι
1225 1142 1238 1153 ·
1271 1129 1316 1170 οὐ
1332 1127 1406 1183 γάρ
1427 1130 1522 1170 εἰσιν
1537 1128 1722 1183 ἀστέρες,

305 1197 406 1238 ἀλλὰ
434 1195 685 1251 θρομβώσεις
708 1196 806 1244 τινες
831 1197 872 1244 ἐξ
901 1194 1202 1246 ἀναθυμιάσεως
1222 1200 1292 1247 τῆς
1308 1199 1379 1249 γῆς
1397 1193 1707 1247 ἀποτελούμενοι,

304 1258 358 1304 ὧν
377 1261 401 1315 ἡ
420 1263 563 1316 γένεσις
579 1262 650 1314 μὲν
666 1263 706 1311 ἐξ
728 1261 841 1318 ἀέρος
858 1266 927 1303 τοῦ
946 1261 1046 1303 κατὰ
1065 1260 1243 1317 συναφὴν
1269 1261 1706 1315 ε’γκαταλαμβανομένου
1720 1267 1748 1300 1!

303 1333 359 1385 τῷ
382 1329 525 1383 αἰθέρι.

438 1393 515 1438 74.
582 1391 653 1437 δύο
672 1397 815 1444 Πᾶνας
837 1394 947 1451 φασί.
1013 1393 1112 1443 τινές
1133 1393 1179 1436 δέ
1199 1409 1298 1449 φασι
1315 1391 1383 1434 τὸν
1401 1394 1521 1434 Πᾶνα
1541 1392 1583 1434 ἐκ
1599 1389 1710 1448 Κρό-

305 1478 374 1503 νου
397 1462 462 1502 καὶ
475 1460 586 1510 Ῥέας
600 1462 804 1516 γενέσθαι,
838 1462 922 1502 ἀντὶ
943 1465 1012 1503 τοῦ
1027 1462 1070 1501 ἐκ
1091 1464 1160 1502 τοῦ
1181 1464 1252 1501 νοῦ
1267 1461 1333 1500 καὶ
1351 1462 1421 1513 τῆς
1438 1457 1561 1515 ὑγρᾶς
1578 1458 1713 1507 οὐσίας

306 1525 419 1582 (οἷον
436 1532 506 1580 τῆς
525 1526 663 1580 ὑλικῆς
681 1528 886 1583 ἀπειρίας)
920 1525 1008 1569 τόδε
1030 1526 1073 1568 τὸ
1093 1531 1185 1567 πᾶν.

440 1593 517 1636 75.
582 1592 894 1648 ἀποτρεπόμενος
917 1597 987 1635 τοῦ
1011 1591 1112 1634 κατὰ
1132 1593 1301 1646 Περσῶν
1319 1588 1490 1643 πολέμου
1506 1589 1748 1639 Ἰουλιανόςᾏ

304 1658 381 1702 ’ὑπὸ
403 1663 474 1700 τοῦ
492 1660 694 1711 Λιβανίου
715 1661 781 1700 καὶ
803 1659 931 1700 ἄλλων
954 1662 1109 1700 πολλῶν
1129 1654 1398 1699 οἰωνοσκόπων
1416 1657 1565 1710 λέγεται
1587 1657 1715 1712 φθέγ-

303 1729 454 1776 ξασθαι
483 1726 527 1767 τὸ
554 1723 768 1780 (Ομηρικόν
795 1724 1006 1777 “cnidinum
1037 1728 1181 1780 Τρῶας
1212 1724 1278 1764 καὶ
1302 1720 1500 1779 Τρωάδας
1521 1721 1716 1764 ἑλκεσιπέ-

303 1790 468 1840 πλους.”
534 1789 766 1846 ὖπερβαλὼν
801 1793 845 1833 δὲ
880 1792 948 1833 τὸν
985 1791 1183 1847 Τίγρητα,
1221 1790 1288 1830 καὶ
1315 1789 1463 1838 πολλὰς
1494 1786 1623 1838 πόλεις
1651 1790 1717 1830 καὶ

305 1855 479 1914 φρούρια
507 1859 677 1913 Περσῶν
700 1856 1070 1914 παραστησάμενος,
1106 1856 1152 1899 τὸ
1188 1855 1324 1898 λοιπὸν
1352 1853 1550 1911 ἀφόρητος
1569 1849 1618 1910 ἦν
1636 1861 1718 1904 τοῖς

397 1941 416 1974 1
439 1937 508 1979 τὰς
525 1936 674 1978 οἶκτῖνοις
690 1939 896 1974 Roetherus.
968 1937 970 1939 ’

305 2006 411 2040 habet
436 2017 553 2039 verum
579 2006 720 2039 hebetes
749 2006 835 2040 fines
868 2006 975 2048 (sort.
999 2005 1157 2049 radios)·
1191 2003 1306 2050 pithus
1329 2014 1351 2038 a
1371 2004 1480 2038 forma
1509 2003 1718 2044 nominatum

305 2051 489 2094 lampadias
505 2051 641 2093 igneus,
665 2056 700 2083 et
716 2051 824 2084 instar
842 2050 935 2094 ignei
953 2051 1075 2095 lapidis
1098 2030 1157 2084 aui
1179 2050 1311 2083 arboris
1331 2049 1507 2092 flagrantis
1530 2049 1616 2082 solet
1638 2059 1718 2092 per-

304 2095 459 2138 fulgere3
492 2099 637 2128 cometes
666 2095 755 2128 latus
787 2100 840 2129 est
870 2096 997 2139 forma,
1031 2100 1067 2128 et
1095 2099 1253 2138 tanquam
1284 2093 1399 2126 hilaris
1425 2093 1515 2136 [εἰσ]
1537 2099 1718 2136 argenteos

307 2139 437 2183 aliquos
463 2138 633 2172 cincinnos
658 2140 815 2180 trahens;
847 2140 981 2173 discens
1008 2151 1051 2173 ex
1072 2139 1083 2171 i
1110 2151 1149 2172 sa
1171 2137 1396 2182 appellatione
1417 2137 1526 2170 instar
1547 2137 1634 2170 disci
1657 2148 1720 2180 ap-

307 2188 426 2228 paret,
458 2195 524 2215 non
546 2183 678 2226 fulgens
699 2195 762 2217 nec
779 2184 1005 2226 rubicundus,
1039 2195 1076 2217 se
1123 2186 1161 2216 ut
1183 2183 1363 2223 electrum3
1388 2182 1519 2226 typhon
1543 2181 1662 2225 igneus
1686 2184 1722 2214 et

307 2227 428 2270 rutilus
454 2234 596 2271 apparet
623 2234 658 2261 et
688 2228 792 2261 exiles
819 2228 949 2270 aliquos
973 2229 1164 2262 diffundens
1188 2227 1379 2266 cincinnos;
1409 2231 1556 2260 cerastes
1580 2230 1618 2258 ut
1642 2224 1721 2258 luna

308 2276 479 2313 cornutus,
503 2272 572 2314 qui,
597 2283 662 2316 quo
683 2278 836 2316 tempore
857 2272 990 2306 Xerxes
1009 2273 1044 2305 in
1062 2272 1208 2306 Atticam
1224 2271 1340 2314 venit,
1363 2269 1720 2314 dicitur-apparuisse.

307 2315 521 2349 Ptolemaeus
545 2321 655 2348 autem
678 2317 773 2350 addit
796 2322 831 2350 et
852 2317 942 2350 aliud
969 2327 1074 2360 genus
1101 2320 1267 2359 cometae,
1291 2315 1350 2358 qui
1370 2320 1512 2348 vocatur
1532 2313 1663 2359 salpinx
1686 2318 1722 2346 et

307 2361 345 2393 in
362 2359 618 2404 septentrionali
640 2360 771 2394 climate
792 2366 946 2404 apparet.
992 2361 1126 2404 physici
1147 2366 1257 2393 autem
1275 2363 1420 2392 cometas
1437 2359 1475 2391 in
1497 2358 1635 2391 sinubus
1659 2358 1722 2390 sub

309 2404 389 2438 luna
410 2404 557 2437 existere
578 2404 713 2447 dicunt,
745 2405 912 2438 stellarem
937 2404 1082 2449 aliquam
1105 2408 1255 2438 naturam
1277 2404 1512 2436 ostendentes:
1539 2413 1607 2435 non
1634 2401 1723 2434 enim

309 2452 389 2482 sunt
416 2448 552 2491 stellae,
589 2450 651 2482 sed
679 2450 911 2483 concretiones
940 2460 1027 2492 quae
1059 2461 1101 2482 ex
1130 2454 1244 2481 terrae
1275 2447 1488 2481 exhalatione
1515 2446 1722 2488 efficiuntur,

310 2493 460 2526 orientes
484 2504 525 2526 ex
547 2503 586 2525 eo
609 2494 687 2525 aere
710 2494 767 2537 qui
789 2493 991 2537 contagione
1014 2493 1182 2536 excipitur
1199 2493 1235 2524 in
1257 2491 1440 2524 aetherem.

401 2536 456 2571 74.
501 2537 576 2570 Duo
609 2537 720 2571 Panas
752 2550 828 2571 esse
864 2539 992 2572 dicunt.
1039 2537 1173 2582 quidam
1204 2540 1314 2569 autem
1334 2535 1429 2569 Pana
1457 2546 1499 2568 ex
1521 2534 1668 2568 Saturno
1688 2537 1722 2566 et

311 2582 410 2616 Rhea
430 2585 543 2615 natum
567 2580 702 2623 dicunt,
725 2594 808 2625 pro,
831 2594 874 2615 ex
898 2582 1030 2615 ratione
1054 2587 1089 2614 et
1111 2579 1246 2614 humida
1267 2580 1457 2614 substantia
1479 2579 1599 2622 (velut
1614 2582 1722 2612 mate-

311 2625 390 2660 riali
410 2625 603 2668 infinitate)
627 2624 712 2670 τᾷδε
733 2624 775 2660 τὸ
799 2627 874 2659 πᾶν
900 2627 951 2668 (i.
978 2638 1010 2659 e.
1034 2626 1138 2658 hocce
1159 2625 1392 2668 universum).

400 2670 457 2703 75.
502 2669 649 2703 Iulianus
681 2681 755 2702 cum
787 2671 1018 2704 deterreretur
1048 2681 1069 2702 a
1099 2669 1186 2703 bello
1222 2675 1340 2702 contra
1369 2668 1493 2702 Persas
1525 2677 1547 2700 a
1577 2665 1722 2700 Libanio

312 2713 457 2757 aliisque
478 2714 588 2747 multis
613 2714 817 2757 auguribus,
841 2714 966 2748 dicitur
988 2713 1191 2747 exclamasse
1212 2713 1294 2746 illud
1311 2712 1544 2746 Homericum
1569 2707 1723 2743 “vereor

311 2758 483 2799 Troianos
505 2763 539 2791 et
558 2758 711 2791 Troades
733 2758 834 2802 longa
857 2758 1000 2792 vestium
1022 2763 1172 2800 syrmata
1190 2754 1406 2791 trahentes.”
1450 2755 1593 2790 traiecto
1612 2759 1723 2787 autem

313 2802 458 2846 Tigride
476 2806 512 2837 et
528 2802 640 2837 multis
666 2803 800 2848 oppidis
828 2802 1042 2847 castellisque
1063 2802 1243 2837 Persarum
1260 2801 1390 2847 captis,
1421 2799 1458 2835 in
1480 2803 1652 2845 posterum
1668 2797 1721 2831 in-
