1748 3210
445 161 505 206 IN
541 161 757 206 LIBRUM
788 160 864 204 DE
898 159 1183 204 OSTENTIS.
1442 161 1539 208 397

97 273 298 327 προσεχεῖς
318 273 360 311 in
383 272 714 328 Θεολογουμένοις
737 275 809 324 τῆς
838 267 1105 324 ἅριθμητικῆς
1128 274 1202 320 30,
1232 273 1467 322 comparatu
1473 286 1541 311 us·-

99 342 178 383 que
195 329 497 382 προσεχέστερον
519 329 624 382 apud
645 331 686 368 S.
708 331 900 367 Clement.
918 328 1179 366 Alexandriu.
1200 328 1384 366 Stromat.
1398 327 1538 378 490A,

97 393 137 424 et
155 384 469 437 προσεχεστάτως
485 386 680 437 Theolog.
702 385 899 424 arithmet.
916 389 970 426 26
989 387 1038 422 D.
1096 398 1217 436 quam
1237 385 1319 422 vim
1334 386 1440 421 vocis
1459 398 1539 422 non

96 444 199 494 cepit
229 442 291 479 vir
314 444 487 494 perlecte
517 442 692 480 eruditus
719 444 908 490 Huetius‚
959 455 1049 479 cum
1082 440 1182 478 haec
1219 442 1397 491 Origenis
1430 447 1459 478 t.
1488 441 1538 481 14

95 499 316 538 comment.
334 501 376 536 in
400 500 442 537 S.
464 498 605 537 Matth.
627 501 650 539 1
683 499 764 540 354
786 499 836 547 C,
868 494 1105 550 ἀναφέρεται
1132 495 1174 537 δὲ
1199 497 1267 537 καὶ
1299 494 1343 536 w*
1371 497 1540 538 ἐτέλεσεν

95 553 118 596 ὗ
139 550 343 606 Ἰησοῦς..
353 559 589 608 ,προσεχῶς
615 554 687 607 μὲν
714 554 778 596 ἐπὶ
802 552 881 623 τὴν
895 551 1193 607 μυστικωτάτην
1210 551 1446 606 παραβολην

94 610 151 652 ἔτι
171 609 214 651 δὲ
231 607 376 664 ταύτης
395 609 578 665 ἀνωτέρω
598 612 654 660 εἰς
671 628 717 651 τα
736 609 812 662 πρὸ
831 607 949 662 αὐτῆς
966 610 1235 664 γεγραμμένα,
1262 613 1361 648 mire
1379 623 1539 661 prorsus

41 672 46 692 ἕ
93 668 150 705 sic
169 666 363 706 reddidit:
394 676 508 705 caute
526 682 614 707 vero
634 675 670 706 et
681 682 737 719 pr
737 668 898 705 ualenter
915 668 1084 719 refertur
1103 667 1222 704 illud.-
1253 668 1540 705 consummavit

92 726 203 762 lesus
217 737 419 763 sermones
435 727 551 774 istos,
578 725 636 762 ad
652 725 910 762 obscuriorem
992 723 1235 775 parabolam
1333 731 1540 780 praeterea

92 794 183 818 vero
213 788 250 817 et
280 782 339 818 ad
360 794 406 818 ea
432 796 534 832 quae
561 789 653 819 ante
679 781 794 818 illam
816 783 963 831 scripta
988 788 1093 818 sunt.
1154 794 1248 818 nam
1270 794 1430 818 sensum
1452 793 1538 817 esse

92 836 311 875 eiusmodi:
333 840 513 888 proxime
544 839 702 889 quidem
728 837 896 889 refertur
924 837 1046 882 illud,
1076 850 1182 875 cons.
1212 839 1244 874 Ι.
1274 850 1306 874 s.
1337 838 1452 884 istos,
1483 836 1541 873 ad

84 893 326 944 parabolam
348 897 518 932 maxime
537 896 760 945 mysticam,
787 894 910 931 altius
928 907 1016 931 vero
1035 895 1152 930 etiam
1171 894 1230 930 ad
1247 906 1294 929 ea
1312 899 1386 930 etc.
1411 906 1538 943 oppo-

93 951 183 988 sitio
210 963 352 988 vocum
378 954 579 1003 προσεχοῦς
599 958 636 988 et
654 947 837 1001 οἷνωτέρω
865 951 967 987 clare
991 951 1132 1000 arguit.
1188 962 1319 1001 neque
1341 963 1385 986 eo
1405 951 1537 986 minus

92 1013 227 1043 tamen
244 1009 379 1044 Huetii
395 1009 522 1045 versio
538 1009 580 1044 iu
596 1008 855 1044 novissimam
871 1019 1027 1059 quoque
1043 1007 1223 1058 Origenis
1243 1005 1306 1043 ed.
1337 1007 1539 1058 (Delmue,

90 1063 253 1100 Parisiis
277 1062 399 1113 1740)
430 1066 454 1104 3
482 1062 563 1104 635
583 1065 616 1100 E
646 1062 856 1100 transfudit
881 1077 982 1100 sese.

204 1118 258 1170 3)
287 1126 489 1170 praeterea
511 1126 569 1157 est
590 1121 704 1157 tertia
731 1120 984 1170 significatio,
1015 1131 1141 1171 eaque
1162 1117 1366 1166 technica,
1397 1117 1541 1155 adver-

90 1175 148 1213 bii
174 1179 395 1227 προσεχοῦς,
425 1189 476 1213 ex
503 1175 578 1212 hac
605 1175 777 1214 secunda
804 1189 992 1224 manans,
1023 1189 1046 1212 a
1067 1177 1308 1226 Suiceroque
1332 1173 1540 1212 Thesauro

90 1231 307 1269 ecclesiast.
329 1235 355 1272 2
385 1234 465 1273 853
492 1233 647 1270 silentio
669 1234 943 1283 praetermissa
957 1261 967 1280 ‚
998 1238 1042 1268 ut
1062 1234 1112 1269 sit
1131 1231 1352 1276 litet-aliter,
1377 1232 1436 1268 ad
1453 1245 1540 1267 rer-

91 1286 204 1332 bum,
244 1295 541 1340 opponaturque
571 1292 622 1343 τῇ
650 1289 802 1343 θεωρίᾳ
825 1291 907 1326 sive
930 1289 1186 1342 τροπολογίᾳ,
1217 1288 1540 1338 contemplationi

89 1357 226 1382 sensus
253 1345 498 1394 spiritualis,
523 1358 658 1382 sensus
683 1345 900 1396 allegorici.
962 1343 1069 1396 quod
1094 1346 1159 1382 vel
1182 1343 1271 1382 ideo
1295 1343 1540 1381 monendum

89 1399 316 1448 videbatur,
348 1400 456 1453 quod
471 1414 558 1438 eam
574 1402 794 1452 complures
811 1415 891 1438 non
909 1401 1105 1438 viderunt.
1142 1401 1184 1439 S.
1206 1402 1415 1451 Gregorius
1433 1403 1540 1451 Nys-

90 1469 209 1494 senus
229 1455 367 1494 homil.
387 1459 440 1499 2
428 1471 471 1494 111
489 1459 648 1495 Cantica
668 1460 805 1495 cantic.
827 1459 849 1498 1
880 1458 960 1499 491
983 1460 1043 1495 D:
1074 1455 1228 1504 τούτοις
1247 1473 1314 1509 μοι
1333 1458 1444 1497 δοκεῖ
1455 1461 1539 1503 τοῖς

90 1509 292 1564 νοήμασιν
321 1507 466 1569 ᾇμοίως
494 1517 657 1562 Παῦλος
683 1513 1015 1565 προσεχέστερον.
1045 1517 1360 1566 .φιλοχωρῆσαι.
1419 1514 1538 1551 vertit

92 1570 309 1607 Gentianus
326 1563 541 1608 Helvetus:
571 1572 613 1608 in
629 1571 703 1608 hoe
718 1584 833 1608 sensu
864 1569 988 1620 [adde
1014 1572 1127 1622 item]
1159 1570 1260 1607 milii
1276 1570 1431 1607 videtur
1448 1583 1538 1606 ma-

87 1639 197 1677 gnus
213 1626 282 1662 ille
302 1626 460 1664 Paulus
470 1629 651 1677 proxime
672 1629 898 1665 constitisse.
958 1628 1119 1664 malim:
1148 1627 1461 1677 interpretatione
1484 1626 1538 1662 li·-

91 1681 209 1719 terali
239 1684 482 1721 immoratus.
544 1691 582 1722 et
609 1685 791 1722 Clemens
807 1683 1102 1721 Alexandrinus
1120 1684 1306 1721 Stromat.
1327 1682 1408 1722 462
1426 1685 1458 1719 B
1482 1684 1536 1719 ait

90 1751 165 1776 nos
186 1737 340 1777 Christo
362 1741 497 1790 gigni:
527 1736 830 1789 συνεξακούεται
852 1737 927 1792 γὰρ
954 1742 1176 1791 προσεχῶς,
1203 1736 1410 1790 ὑπηκόους
1423 1754 1539 1790 γενο-

90 1793 249 1847 μένους.
303 1796 446 1833 Daniel
467 1798 652 1834 Heinsius
677 1798 798 1833 mire:
827 1796 950 1834 simul
969 1804 1102 1832 autem
1117 1798 1294 1846 proxime
1314 1796 1539 1839 exauditur,

88 1852 126 1888 si
140 1850 346 1902 fuerimus
369 1851 598 1890 obedientes.
659 1865 796 1890 sensus
827 1859 907 1890 est:
933 1852 1245 1902 subintelligitur
1261 1852 1363 1887 enim
1379 1851 1438 1888 ad
1451 1865 1539 1887 ver—

90 1905 203 1952 bum,
230 1908 324 1958 sis
352 1922 388 1946 ο.
448 1909 675 1947 S.Ioan11es
693 1911 961 1946 Damascenus
980 1921 1135 1960 quoque
1156 1907 1204 1945 de
1222 1906 1414 1945 ineffabili
1434 1906 1538 1945 divi-

88 1964 212 2000 nitate
241 1966 294 2004 23
325 1965 382 2001 B:
412 1964 479 2004 mxl
508 1962 612 2005 οὕτω
639 1963 711 2016 μὲν
739 1967 959 2016 προσεχῶς·
996 1980 1095 2005 κατα
1125 1962 1168 2004 δὲ
1196 1964 1374 2016 θεωρίαν
1406 1963 1539 2003 ἔλαιον

89 2015 262 2060 οιῖδὲν“
240 2017 368 2071 ετερόν
395 2019 500 2061 ἔστιν
525 2017 615 2060 ἄλλ’
635 2037 661 2071 η
686 2021 982 2070 φιλανθρωπία.
1039 2021 1110 2057 nbi
1134 2022 1325 2071 interpres
1351 2021 1470 2057 item:
1503 2027 1539 2056 et

90 2075 190 2112 haec
225 2077 382 2126 quidem
417 2078 604 2114 attentius
641 2075 871 2128 legentibus.
932 2075 1003 2114 sed
1034 2078 1206 2115 sustineo
1240 2090 1305 2114 me
1332 2075 1409 2114 hoc
1435 2077 1537 2126 loco,

88 2131 320 2183 redeoque
310 2147 351 2170 m
371 2134 492 2170 viam.

201 2202 242 2239 p.
255 2191 331 2230 301
355 2203 393 2226 v.
408 2191 446 2229 1.
487 2189 788 2241 διισχυρίζονται
804 2189 1060 2237 contendunt,
1077 2196 1269 2228 asserunt.
1305 2190 1374 2238 sic,
1390 2202 1536 2240 nempe

90 2245 237 2293 active,
267 2247 386 2293 verti,
415 2259 497 2282 non
521 2259 573 2283 ex
602 2248 795 2283 sententia
825 2246 999 2298 (fateor)
1031 2246 1234 2284 cuiusdam
1257 2247 1374 2297 plane
1393 2245 1536 2284 eruditi

88 2299 271 2353 mihique
301 2303 496 2339 coniuncti
519 2304 659 2339 intima
678 2303 965 2352 familiaritate,
996 2305 1064 2356 qui
1090 2302 1155 2340 hic
1178 2304 1291 2340 malit
1314 2316 1536 2340 accommo-

89 2357 187 2394 dare
211 2366 503 2404 asseverantur,
525 2358 796 2409 perhibentur.
856 2359 927 2397 sed
953 2361 1237 2412 διισχυρίζομαι
1259 2361 1357 2396 item
1383 2359 1536 2410 signifi-

90 2415 243 2452 catione
271 2416 397 2452 activa
423 2423 613 2467 usurpant
645 2423 821 2453 auctores
843 2418 1070 2467 sequiormn
1095 2429 1251 2468 quoque
1276 2417 1536 2453 saeculorum.

89 2469 323 2509 &Basilius
343 2470 529 2510 adversus
548 2474 791 2511 Eunomium
809 2475 836 2513 2
869 2475 919 2513 12
938 2475 992 2510 B:
1023 2470 1098 2526 ἐγώ
1118 2471 1240 2512 δὲ
1258 2469 1372 2511 οὕπω
1392 2473 1536 2524 διισχυ-

89 2526 259 2578 ρίζομαι.
314 2529 411 2566 item
441 2530 724 2581 διισχυρίζομαι
749 2529 792 2567 S.
820 2529 1030 2580 Gregorius
1056 2532 1257 2580 Nyssenus
1279 2527 1418 2567 homil.
1441 2533 1466 2571 6
1494 2530 1536 2565 in

90 2583 306 2621 ecclesiast.
330 2587 349 2624 1
379 2584 460 2626 429
481 2589 536 2634 A,
568 2587 610 2624 S.
632 2589 799 2624 Ioannes
828 2584 1129 2637 Chrysostomus
1156 2593 1254 2624 orat.
1276 2588 1295 2626 1
1327 2587 1370 2623 in
1399 2599 1537 2623 omnes

89 2638 255 2676 Sancto-⁰2
288 2639 312 2680 5
354 2640 436 2682 614
475 2645 541 2683 39.
601 2643 872 2695 διισχυρίζεται
901 2643 943 2680 S.
971 2644 1133 2693 Gregor.
1158 2645 1359 2693 Nyssenus
1386 2650 1483 2681 orat.
1510 2643 1534 2682 1

90 2701 224 2732 contra
252 2697 493 2735 Eunomium
519 2702 546 2740 2
586 2703 640 2741 32
667 2702 724 2747 Ar,
764 2699 960 2737 Eusebius
988 2706 1122 2737 contra
1149 2699 1381 2736 Marcellum
1409 2697 1463 2740 40
1491 2699 1534 2747 O,

88 2749 144 2791 47
163 2751 215 2800 C,
247 2754 323 2792 101
346 2754 396 2801 C,
432 2754 507 2795 142
524 2757 558 2792 A
572 2785 582 2804 ‚
620 2755 696 2798 143
715 2757 772 2805 D,
806 2754 885 2796 154
902 2758 959 2805 D3
989 2757 1030 2795 S.
1049 2758 1214 2794 Ioannes
1234 2754 1536 2807 Chrysostomus

88 2814 186 2845 orat.
205 2811 231 2850 2
254 2810 296 2845 in
315 2811 429 2860 epist.
448 2810 497 2848 ad
516 2810 709 2863 Ephesios
732 2817 756 2855 3
787 2815 868 2856 770
900 2815 951 2855 38
966 2843 976 2863 ‚
1008 2812 1058 2851 ad
1078 2814 1278 2851 Hebraeos
1299 2816 1326 2856 4
1356 2812 1436 2855 439
1468 2815 1533 2854 17-
