1748 3210
634 156 710 198 DE
747 156 1039 204 OSTENTIS.
1462 157 1525 205 34
1534 160 1558 206 1

246 266 326 316 45.
394 271 436 311 Γ
431 275 567 321 ενικῶς
598 270 640 313 δ’
667 273 808 323 εἷπεῖν,
839 271 1032 326 ἀβλαβῶς
1049 269 1290 329 φυλάττεται
1313 270 1392 314 ἀπὸ
1414 290 1560 329 κεραυ-

113 341 192 381 νῶν
219 340 286 381 καὶ
312 337 406 381 οὐδὲ
430 338 622 393 βάλλεται
642 340 716 394 τὴν
738 339 866 397 ἀρχὴν
885 341 926 383 ἓν
941 341 1015 394 μὲν
1032 346 1173 397 φυτοῖς
1194 338 1326 397 δάφνη
1347 342 1413 383 καὶ
1436 347 1562 396 συκῆ·

113 408 180 448 καὶ
199 406 277 463 γὰρ
296 405 412 461 ἡλίου
435 413 576 451 ταῦτα.
643 408 742 452 ὅθεν
760 411 827 451 καὶ
846 406 1005 466 δάφνην
1023 413 1151 467 φιλεῖν
1167 407 1368 451 Ἀπόλλων
1383 409 1560 463 μυθεύε-

111 491 200 526 ται,
234 473 319 517 οἷον
339 474 360 518 ὅ
381 475 514 531 ἥλιος·
549 478 618 519 καὶ
640 479 696 527 εἷς
715 477 855 520 λεόντα
882 475 1251 532 μεταβαλλόμενος,
1287 477 1373 520 ἀντὶ
1404 482 1477 520 τοῦ
1506 481 1562 528 εἷς

79 550 100 585 5
113 547 215 599 πῦρ,
251 543 298 586 οὗ
321 546 481 602 φθείρει
501 544 574 599 τὴν
590 543 761 602 δάφνην.
830 546 871 587 ἓν
889 547 933 588 δὲ
948 552 1110 600 πτηνοῖς
1131 544 1267 597 ἀετός,
1301 547 1341 588 ἓν
1364 546 1408 588 δὲ
1427 544 1563 603 ὖγροΐς

110 610 249 667 φώκη·
283 611 382 654 ὅθεν
406 615 474 655 καὶ
497 612 797 671 κεραυνοφόρος
816 611 837 655 ὃ
860 613 976 664 ἀετὸς
996 616 1063 656 καὶ
1081 614 1184 665 Διὸς
1204 613 1302 656 εἶναι
1321 613 1563 668 νενόμισται.

108 676 134 733 ἦ
165 680 209 722 δὲ
238 678 355 736 φώκη
388 679 443 732 ὥς
477 679 711 736 ἀπήμαντος
741 683 909 739 ἐπιβολῇ
941 686 1161 739 κεραυνοῦ,
1200 681 1358 740 μάρτυς
1387 681 1414 737 ἦ
1444 689 1562 738 πεῖρα

107 746 359 791 ἀποδέδωκε·
393 753 474 791 τῶν
500 750 578 807 γὰρ
605 754 705 793 νεῶν
731 750 782 793 τὰ
816 751 922 793 ἱστία
931 783 944 802 ,
979 753 1020 793 ἐν
1039 749 1104 801 αἶς
1126 751 1164 792 οἱ
1184 754 1366 805 βασιλεῖς
1383 751 1560 803 πλέουσι,

108 818 294 871 φωκείοις
313 816 487 860 εἰθισται
504 818 892 876 ἀποδιφθεροῦσθαι
912 820 1118 875 δέρμασιν.
1174 819 1221 861 οὗ
1244 820 1362 861 πλέον
1387 821 1431 861 δὲ
1450 820 1562 861 πέντε

55 892 98 926 10
108 885 244 925 ποδῶν
275 885 630 943 κατακρύπτεσθαι
664 885 856 943 κεραυνὸς
883 887 1058 944 πέφυκεν
1083 889 1140 936 εἷς
1159 891 1256 941 γῆν,
1286 886 1563 940 ἒξωθούμενος

106 950 286 995 ἄνωθεν·
321 951 342 994 ὃ
359 954 436 1011 γὰρ
455 954 634 1010 ἀριθμὸς
648 953 903 1010 γηϊνώτατος.
972 953 1054 996 ἔστι
1076 954 1116 995 δ’
1138 952 1201 1003 ὅτε
1226 955 1293 996 καὶ
1309 952 1387 995 ὑπ’
1412 957 1562 1013 αἰθρίῳ

105 1023 165 1078 τῷ
190 1020 277 1077 ἀέρι
297 1022 485 1064 πίπτουσι
505 1024 709 1079 κεραυνοί·
746 1021 843 1078 ὅπερ
864 1024 899 1064 εἰ
917 1023 1118 1076 συμβαίη,
1154 1022 1283 1064 οὐκέτι
1304 1023 1373 1064 τὸν
1395 1024 1458 1064 ἐπὶ
1478 1029 1562 1072 τοῖς

106 1089 262 1145 ζῳδίοις
290 1087 403 1142 ἥλιον
429 1088 456 1143 ἢ
482 1087 620 1146 ἑτέραν
652 1094 748 1146 γοῦν
775 1094 856 1133 τῶν
883 1091 1137 1145 ἐγνωσμένων
1158 1091 1240 1132 δέοι
1257 1089 1467 1147 ἑρμηνείαν
1487 1095 1559 1132 τοῖ’

104 1157 292 1209 ἐσομένου
320 1161 562 1214 θηρᾶσθαι,
597 1158 691 1200 ἀλλ’
719 1156 894 1200 αὐτόθεν
919 1157 1213 1214 ἀποφήνασθαι
1236 1158 1464 1215 ἀνατροπὴν
1487 1159 1561 1212 μὲν

51 1235 94 1271 15
105 1230 188 1274 τοῖς
219 1231 388 1277 κοινοῖς,
419 1224 620 1267 ἀπώλειαν
650 1226 694 1268 δὲ
723 1231 781 1284 τῷ
813 1229 999 1268 παντελεῖ
1017 1227 1176 1283 χωρίῳ,
1212 1227 1253 1267 ἐν
1283 1220 1317 1283 ᾧ
1345 1225 1502 1269 τοιοῦτό
1520 1244 1561 1269 τι

103 1291 367 1347 συμβήσεται.
436 1293 562 1348 ἄλλην
579 1294 624 1336 δὲ
641 1295 685 1336 ἔκ
698 1298 773 1337 τοῦ
786 1294 964 1336 ἐναντίου
984 1292 1005 1335 ὃ
1022 1296 1205 1349 Νιγίδιος
1222 1294 1263 1335 ἓν
1277 1298 1327 1350 τῇ
1342 1298 1422 1336 τῶν
1433 1295 1560 1337 Ὀνεί-

103 1376 186 1416 ρων
219 1361 423 1416 ἐπισκέψει
451 1363 729 1418 παραδίδωσιν
757 1363 821 1404 ἐπὶ
841 1369 925 1412 τοῖς
944 1370 1150 1418 κεραυνοῖς
1167 1360 1392 1419 ἑρμηνείαν.
1459 1366 1562 1419 φησὶ

102 1427 181 1485 γὰρ
203 1433 302 1471 πᾶσι
321 1430 395 1483 μὲν
416 1428 599 1472 καθόλου
623 1430 867 1473 ἅπευκταίαν
896 1429 995 1473 εἶναι
1013 1431 1086 1485 τὴν
1104 1435 1184 1473 τῶν
1206 1434 1391 1485 σκηπτῶν
1410 1430 1559 1488 φοράν,

101 1494 177 1538 κᾶν
197 1499 233 1538 εἶ
250 1498 309 1551 μὴ
329 1498 451 1552 τυχὸν
469 1496 708 1552 βλάπτοιεν,
742 1506 826 1549 τοῖς
857 1498 898 1540 δ’
921 1497 1019 1555 ὄναρ
1039 1501 1149 1541 τουτὶ
1171 1497 1337 1554 πάσχειν
1356 1502 1559 1556 φανταζο-

47 1574 93 1610 20
100 1564 235 1618 μένοις
258 1564 497 1608 αἷσιώτατον
515 1568 583 1609 καὶ
599 1571 789 1624 λαμπρᾶς
806 1564 930 1622 τύχης
949 1565 1253 1624 προμάντευμα.

238 1631 318 1679 46.
375 1634 508 1685 Ἄξιον
528 1636 572 1678 δὲ
595 1637 761 1691 ζητῆσαι
778 1637 885 1686 τίνος
904 1633 1024 1692 χάριν
1039 1636 1102 1677 ε’πὶ
1123 1636 1196 1688 μὲν
1215 1638 1297 1678 τῶν
1317 1633 1451 1676 ἄλλων
1471 1636 1558 1677 διο-

100 1705 276 1755 σημειῶν
305 1701 378 1757 τὴν
408 1701 597 1767 σελήνηνΙ,
635 1705 699 1746 ἐπὶ
722 1705 767 1746 δὲ
793 1701 928 1758 μόνων
956 1707 1036 1746 τῶν
1066 1707 1268 1761 κεραυνῶν
1295 1702 1366 1746 τὸν
1390 1703 1504 1757 ἥλιον
1530 1702 1558 1757 ἣ

191 1787 215 1821 7
244 1783 420 1831 ἐπιβουλῇ
446 1787 489 1820 C.
674 1790 696 1824 8
729 1783 768 1822 ἐν
800 1784 857 1827 οἷς
884 1787 928 1822 C.
1112 1788 1136 1822 9
1158 1785 1314 1831 φωκίοις
1333 1782 1490 1830 ἥθισται
1512 1788 1556 1822 C.

189 1833 236 1866 10
251 1830 454 1875 κεραυνοὺς
470 1833 514 1867 C.
653 1833 698 1868 14
715 1830 993 1878 ἀποφήβασθαι
1009 1834 1053 1868 O.
1083 1844 1129 1868 an
1146 1833 1258 1867 voluit
1273 1829 1560 1877 ἀποφοιβάσαιὶ)

190 1878 235 1912 17
255 1873 438 1922 ἐπισκέψει
454 1878 497 1912 O.
636 1880 683 1914 22
705 1878 772 1922 τῆς
795 1877 944 1923 σελήνης
962 1880 1005 1913 C.

189 1944 247 1978 45.
294 1945 336 1978 In
359 1945 558 1979 universum
582 1950 695 1980 autem
718 1946 859 1980 illaesae
878 1950 1063 1980 servantur
1091 1957 1204 1991 neque
1228 1946 1366 1980 omnino
1383 1945 1558 1980 feriuntur

99 1989 298 2024 fulminibus
321 2002 364 2023 ex
387 1990 431 2023 iis
455 2002 544 2034 quae
573 1995 669 2024 terra
691 1992 880 2035 gignuntur
903 1992 1020 2025 laurus
1051 1996 1086 2025 et
1113 1993 1218 2026 ficus:
1257 2004 1335 2025 nam
1358 1992 1423 2026 soli
1448 2004 1556 2036 pecu-

99 2036 204 2070 liares
235 2040 328 2069 sunt.
375 2037 467 2068 unde
496 2036 627 2069 laurum
660 2048 798 2080 quoque
831 2042 964 2080 gratam
988 2037 1193 2072 fabulantur
1215 2037 1386 2083 Apollini,
1415 2037 1482 2070 hoc
1502 2042 1558 2071 est

98 2080 184 2123 soli3
219 2085 257 2114 et
286 2080 324 2114 in
353 2079 488 2114 leonem
518 2087 688 2124 mutatuS,
720 2081 821 2125 quasi
847 2081 944 2116 dicas
967 2081 1002 2116 in
1026 2082 1160 2126 ignem,
1188 2082 1320 2116 laurum
1341 2095 1411 2116 non
1433 2083 1555 2117 laedit.

99 2139 120 2161 e
141 2125 340 2161 volucribus
367 2126 500 2171 aquila,
527 2138 571 2160 ex
596 2126 738 2160 marinis
761 2126 910 2161 vitulus:
934 2129 979 2162 ob
1003 2128 1070 2161 hoc
1091 2127 1207 2172 aquila
1229 2128 1380 2173 armiger
1402 2128 1556 2162 fulminis

99 2172 245 2216 Iovique
268 2171 455 2217 peculiaris
478 2183 555 2206 esse
579 2172 745 2218 creditur.
791 2172 931 2207 minime
953 2173 1046 2207 laedi
1067 2173 1213 2219 phocam
1236 2174 1461 2219 percussione
1485 2174 1554 2208 ful-

100 2218 227 2252 minum
248 2218 348 2252 testis
373 2217 590 2262 experientia
612 2219 882 2252 demonstravit:
903 2219 954 2253 ita
976 2218 1056 2253 vela
1077 2219 1237 2263 navium,
1259 2231 1346 2265 quas
1363 2219 1553 2264 imperato—

99 2275 158 2298 res
194 2263 449 2308 conscendunt,
521 2263 641 2298 ellibus
672 2264 860 2316 phocarum
890 2264 1010 2299 induci
1043 2270 1265 2300 consuerunt.
1313 2278 1378 2299 nec
1405 2276 1555 2309 unquam

98 2308 263 2343 usuvenit
289 2308 442 2354 quinque
471 2275 574 2343 aiiius
605 2310 753 2354 pedlbus
783 2311 996 2345 descendere
1026 2310 1062 2344 in
1096 2317 1223 2345 terram
1250 2311 1380 2344 fulmen
1402 2322 1555 2355 superne

98 2354 239 2389 elisum:
263 2359 318 2388 est
339 2354 430 2388 enim
453 2354 484 2388 is
501 2366 662 2394 numerus
682 2355 828 2389 maxime
847 2362 1029 2391 terrester.
1075 2356 1247 2391 interdum
1268 2368 1407 2402 quoque
1427 2367 1555 2390 sereno

98 2400 158 2434 die
185 2401 315 2434 cadunt
339 2400 503 2442 fulmina;
537 2402 629 2445 quod
662 2401 694 2435 si
723 2400 873 2446 accidit,
906 2414 974 2436 non
1001 2401 1146 2447 amplius
1171 2403 1279 2436 solem
1301 2402 1338 2435 in
1361 2402 1470 2446 signis
1495 2406 1556 2436 aut

97 2445 246 2491 aliquam
269 2447 525 2491 comprobatam
547 2447 870 2493 interpretationem
892 2447 947 2481 rei
966 2448 1104 2482 futurae
1128 2447 1277 2482 scrutari
1299 2452 1456 2492 oportet,
1489 2459 1555 2481 ve—

100 2501 174 2525 rum
197 2490 367 2537 extemplo
393 2491 447 2525 rei
469 2492 629 2537 publicae
652 2492 891 2536 eversionem,
915 2505 956 2526 ac
978 2492 1115 2537 regioni
1136 2493 1343 2537 universae,
1375 2492 1437 2527 ubi
1460 2493 1554 2526 eius-

100 2535 193 2570 modi
215 2537 299 2580 quid
319 2536 506 2581 acciderit,
541 2538 719 2572 interitum
744 2538 963 2573 denuntiare.
1011 2544 1132 2572 contra
1160 2538 1353 2582 PNigidius
1385 2539 1555 2583 Disputa-

100 2581 196 2615 tione
216 2582 260 2616 de
281 2582 423 2616 somniis
445 2583 544 2617 aliam
563 2584 683 2629 prodit
699 2583 877 2618 fulminum
895 2583 1174 2629 explicationem.
1221 2584 1270 2617 ait
1287 2584 1379 2618 enim
1398 2584 1558 2618 omnibus

100 2627 237 2661 omnino
261 2627 437 2662 fulminum
458 2630 562 2664 ictum
591 2642 669 2664 esse
694 2630 980 2671 abominandum,
1005 2628 1140 2664 etiamsi
1170 2630 1263 2663 forte
1286 2629 1373 2663 nihil
1394 2629 1558 2664 laedant:

99 2673 409 2717 auspicatissimum
431 2678 553 2710 contra
575 2687 654 2710 esse
677 2676 721 2710 iis
745 2675 805 2721 qui
827 2688 891 2722 per
914 2676 1067 2720 quietem
1090 2674 1264 2719 viderint,
1295 2680 1332 2709 et
1352 2676 1559 2720 splendidae

98 2718 262 2752 fortunae
285 2730 398 2752 omen.

192 2764 250 2798 46.
298 2765 371 2798 Iam
394 2776 479 2800 vero
502 2778 631 2812 operae
655 2767 805 2821 pretium
828 2772 883 2802 est
908 2765 1106 2812 disquirere
1131 2777 1235 2820 quam
1259 2767 1303 2801 ob
1326 2777 1400 2800 rem
1421 2766 1459 2800 in
1480 2766 1561 2802 aliis

100 2808 273 2855 prodigiis
301 2810 434 2855 lunam,
477 2811 513 2846 in
538 2812 737 2848 fulminibus
764 2812 848 2848 solis
881 2812 989 2848 solem
1019 2812 1248 2848 observitarit
1275 2812 1478 2858 antiquitas.
1524 2817 1563 2848 at
