1748 3210
230 175 325 222 304
746 175 961 220 IOANNIS
993 176 1128 219 LYDI

358 289 500 343 Μηνὶ
541 281 840 344 Αὐγούστῳ.
906 289 1103 338 Σεξτίλιος
1133 287 1179 331 τὸ
1209 286 1331 334 πάλαι
1363 294 1430 335 καὶ
1463 287 1576 346 οὗτος
1610 294 1632 339 ὃ

225 354 328 412 μήν.
355 356 589 411 Αὔγουστος
606 355 649 394 δὲ
667 358 722 409 τῷ
743 354 816 411 ἴσῳ
833 352 965 412 τρόπῳ
986 356 1085 412 πρὸς
1104 354 1260 411 μνήμης
1275 359 1507 414 Αὐγούστου
1530 364 1635 404 Καίὸ

226 441 349 480 σαρος
365 419 601 476 μετεκλήθη,
628 417 682 469 ὥς
701 418 726 474 ἦ
749 421 900 477 ἱστορία
918 423 1031 477 λέγει.
1087 423 1154 479 ἔφ’
1178 418 1225 465 οὗ
1241 423 1266 478 ἦ
1287 428 1432 482 βροντὴ
1452 430 1635 484 γενομένη

224 490 405 546 θόρυβον
425 488 593 536 ἐξαίσιον
615 493 698 536 τοῖς
717 486 919 544 πράγμασι
943 491 1010 531 καὶ
1037 489 1198 546 φθορὰν
1214 497 1296 540 τοῖς
1313 501 1474 548 καρποῖς
1494 496 1536 537 ἐκ
1553 500 1635 550 θη-

226 560 321 614 ρίων
342 555 494 596 ἀπειλεῖ
509 555 574 595 ε’πί
592 570 633 595 τε
651 554 819 605 Ἰταλίας
833 557 873 596 Γ
869 560 1014 599 αλλιῶν
1033 558 1212 606 Σικελίας
1231 560 1415 613 Φοινίκης
1429 559 1634 617 Ὀρχηνίας
1645 572 1668 608 5

224 623 313 677 ἤτοι
328 621 614 676 Ἀντορχηνιάς.
680 622 753 675 οὐχ
774 621 915 676 ἥκιστα
935 624 978 665 δὲ
999 623 1323 680 ταραχθήσονται
1347 626 1384 668 οἱ
1405 625 1542 684 ἄνδρες
1559 633 1638 670 τῶν

226 692 356 732 ἐθνῶν
374 687 544 730 τούτων·
579 688 645 729 καὶ
664 688 740 744 γὰρ
761 688 878 745 ἄρρεν
897 689 1034 747 ζῴδιον
1054 689 1074 732 ὃ
1093 691 1203 732 λέων.

360 757 502 809 Μηνὶ
536 758 575 796 Σ
581 772 667 797 επτ
678 773 695 797 ε
705 761 774 809 μβ
781 774 803 812 ρ
814 758 882 814 ίῳ.
909 756 1021 812 ἡλίου
1040 759 1229 815 παρθένῳ
1245 758 1449 813 γενομένου
1470 761 1504 802 εἲ
1519 764 1641 816 βρον-

225 822 298 877 τὴν
317 823 499 878 γενέσθαι
520 823 720 876 συμβαίη,
767 824 929 879 φθορὰν
960 823 1068 881 ζῴων
1101 825 1355 879 εὐλαβητέον,
1402 825 1583 883 ἁρπαγάς
1601 843 1643 870 τε

226 891 421 942 πολεμίων
440 891 506 930 καὶ
523 890 869 943 ἀνδραποδισμοὺς
889 889 1060 943 ἀνήβων,
1078 894 1144 933 καὶ
1164 890 1430 948 διαφερόντως
1447 898 1525 936 τῶν
1539 911 1642 950 παρ-·
1655 902 1698 938 10
1733 930 1736 934 .

225 958 378 1007 θένων,
411 954 544 1008 ἐπειδὴ
562 958 669 1007 θῆλυ
692 953 829 1011 ζῴδιον
857 953 882 1009 ἦ
913 958 1124 1012 παρθένος.
1192 958 1263 1000 οὐκ
1284 959 1374 1000 ἀπ*
1394 965 1520 1002 ταῦτα
1541 978 1646 1014 συμ-

223 1022 411 1077 βήσεται,
460 1022 550 1063 ἀλλ’
575 1021 637 1062 ἐπὶ
650 1019 839 1071 Ἑλλάδος
861 1020 1024 1079 Κρήτης
1046 1026 1310 1078 Βαβυλωνίας
1329 1029 1646 1081 Μεσοποταμίας

224 1092 291 1132 καὶ
313 1091 464 1141 Κοίλης
483 1090 644 1141 Συρίας.

358 1154 435 1198 26.
494 1153 558 1194 “H
562 1158 584 1193 λ
596 1172 608 1193 ι
619 1170 640 1194 ο
654 1170 674 1201 ς
708 1154 729 1202 ζ
738 1170 763 1193 υ
774 1156 839 1209 γῷ
866 1154 959 1206 μηνὶ
977 1152 1218 1210 Ὀκτωβρίῳ.
1283 1153 1394 1207 ἡλίου
1419 1157 1522 1213 ζυγῷ
1535 1172 1646 1212 γενο-

225 1221 343 1276 μένου
366 1221 434 1262 ἐὰν
451 1220 602 1275 βροντὴ
623 1220 778 1274 γένηται
788 1250 801 1270 ,
835 1218 1038 1274 θορύβους
1059 1221 1124 1260 καὶ
1145 1219 1301 1270 στάσεις
1324 1223 1526 1278 σφαλερὰς
1545 1223 1644 1276 μετὰ
1657 1233 1700 1269 15

228 1287 384 1341 δυσμὰς
403 1285 516 1339 ἡλίου
540 1287 770 1342 ἀναφθῆναι
788 1287 979 1342 προλέγει,
1009 1289 1075 1328 καὶ
1093 1290 1142 1342 τῇ
1163 1287 1322 1344 ἀμπέλῳ
1342 1289 1413 1342 τὴν
1432 1291 1475 1331 ἐκ
1493 1291 1648 1345 θηρίων

226 1353 384 1409 βλάβην
406 1355 576 1404 ἀπειλεῖ,
620 1355 686 1394 ε’πί
705 1370 745 1394 τε
765 1355 969 1409 Βακτρίας
978 1385 991 1403 ,
1031 1355 1238 1405 Κασπίας,
1267 1357 1465 1411 Σηρικῆς,
1502 1355 1650 1410 Θηβῶν

227 1427 307 1464 τῶν
325 1421 419 1471 ἄνω,
448 1419 642 1471 Ὀάσεως,
679 1423 1018 1476 Τρωγλοδυτικῆς.
1055 1419 1080 1474 ἡ
1101 1422 1143 1462 δὲ
1164 1422 1204 1462 ἐκ
1227 1426 1296 1464 τοῦ
1315 1421 1494 1479 θορύβου
1513 1421 1649 1477 βλάβη

229 1490 276 1529 οὗ
305 1492 518 1543 γυναικῶν,
553 1488 708 1544 ἀνδρῶν
736 1489 779 1530 δὲ
809 1492 962 1542 μᾶλλον
988 1486 1241 1542 καθάψεται,
1275 1490 1356 1531 ἐπεὶ
1376 1491 1442 1531 καὶ
1466 1488 1583 1546 ἄρρεν
1602 1489 1648 1531 τὸ

229 1554 380 1614 ζῴδιον.
1657 1565 1703 1601 20

355 1621 530 1669 ’Ἠλιος
557 1621 787 1678 σκορπίῳ
822 1622 917 1674 μηνὶ
946 1621 1173 1677 Νοεμβρίῳ.
1241 1622 1275 1662 εἲ
1301 1621 1402 1663 κατὰ
1430 1625 1546 1663 τοῦτο
1576 1625 1649 1663 τοῦ

230 1691 371 1744 καιροῦ
390 1685 561 1741 βροντὴν
582 1689 766 1740 γενέσθαι
787 1688 961 1740 συμβαίη
971 1718 985 1738 ,
1026 1687 1124 1743 ἀνὴρ
1145 1688 1217 1741 μὲν
1239 1688 1404 1738 δυνατὸς
1425 1689 1467 1730 ἐκ
1486 1693 1556 1731 τοῦ
1575 1704 1648 1729 πο-

320 1814 362 1848 11
387 1809 675 1855 οὔκ-Συρίας]
705 1822 745 1845 ea
766 1810 804 1846 in
825 1811 898 1845 solo
923 1812 952 1844 C
977 1815 1122 1856 exstant,
1143 1813 1258 1859 ibique
1281 1814 1303 1848 4
1326 1814 1464 1848 circiter
1484 1813 1651 1848 vocabula

317 1858 374 1891 hic
397 1861 476 1890 sunt
498 1856 622 1889 deleta.
669 1856 717 1890 H.
852 1857 896 1891 13
928 1851 1016 1900 ὅλης
1043 1857 1088 1891 R.
1225 1861 1267 1892 17
1290 1871 1367 1894 num
1389 1858 1556 1898 Kadag?
1600 1859 1650 1893 H.

320 1903 363 1936 18
389 1901 536 1940 Θάσεως
554 1901 629 1934 CR.

318 2012 440 2047 Mense
462 2013 630 2055 Augusto.
675 2009 706 2044 is
729 2021 864 2055 quoque
885 2009 1010 2044 mensis
1034 2009 1219 2055 antiquitus
1238 2010 1398 2055 Sextilis,
1428 2014 1547 2056 postea
1569 2011 1652 2047 item

231 2058 267 2093 in
286 2058 479 2091 memoriam
503 2057 585 2090 Divi
607 2056 754 2099 Augusti
776 2062 902 2090 mutato
926 2056 1061 2089 nomine
1082 2057 1273 2100 Augustus,
1298 2061 1387 2090 teste
1410 2056 1564 2100 historia,
1587 2068 1651 2090 vo·

231 2108 326 2136 catus
349 2107 414 2135 est.
460 2103 497 2135 in
527 2113 566 2134 eo
597 2101 782 2134 tonitruum
804 2102 929 2135 factum
951 2103 1052 2134 rebus
1075 2100 1248 2134 tumultum
1275 2101 1464 2144 ingentem,
1497 2101 1652 2145 frugibus

231 2147 455 2181 calamitatem
476 2147 518 2179 ab
537 2145 737 2180 animalibus
758 2146 894 2189 illatam,
919 2158 980 2190 per
1003 2145 1150 2189 Italiam,
1176 2145 1323 2189 Gallias,
1348 2146 1515 2188 Siciliam,
1538 2147 1653 2179 Phoe-

230 2191 365 2233 niciam,
391 2189 596 2224 Orcheniam
619 2190 693 2223 sive
708 2190 980 2232 Antorcheniam‚
1005 2191 1191 2224 minitatur.
1238 2202 1302 2223 nec
1318 2190 1452 2224 minime
1469 2192 1653 2226 conturba-

231 2238 359 2271 buntur
376 2246 485 2268 mares
507 2234 656 2277 gentium
679 2234 821 2278 illarum,
848 2235 929 2279 quia
947 2235 1079 2278 signum
1097 2235 1276 2270 masculum
1298 2234 1351 2268 leo
1375 2241 1440 2270 est.

323 2280 442 2313 Mense
466 2279 675 2323 Septembri.
713 2279 784 2313 sole
805 2280 971 2323 virginem
993 2280 1148 2324 ingresso
1168 2280 1199 2313 si
1220 2279 1344 2314 accidit
1363 2281 1546 2315 tonitruum
1562 2278 1653 2323 fieri,

233 2329 366 2368 strages
390 2323 601 2366 animalium,
635 2324 846 2367 direptiones
870 2325 1027 2368 hostiles,
1059 2326 1270 2370 impuberum
1294 2324 1510 2368 captivitates
1527 2335 1652 2358 veren-

232 2371 320 2413 dae,
353 2374 388 2402 et
410 2369 592 2413 praecipue
611 2368 811 2412 puellarum,
847 2370 927 2413 quia
953 2370 1085 2413 signum
1107 2369 1287 2403 femineum
1312 2374 1365 2402 est
1386 2369 1496 2412 virgo.
1543 2379 1656 2412 neque

233 2420 348 2448 tamen
366 2413 384 2432 *
407 2415 491 2447 haec
512 2413 676 2455 accident,
703 2414 765 2447 sed
785 2425 847 2458 per
867 2415 1068 2459 Graeciam,
1092 2415 1248 2458 Cretam,
1271 2413 1512 2458 Babyloniam,
1536 2413 1654 2447 Meso·

234 2459 416 2505 potamium
440 2464 475 2493 et
495 2458 631 2502 Syriam
652 2458 782 2492 coelen.

324 2505 381 2538 26.
427 2503 488 2536 Sol
523 2503 610 2537 libra
641 2515 755 2536 mense
775 2503 932 2537 Octobri.
979 2504 1051 2538 sole
1072 2503 1192 2537 libram
1215 2502 1368 2546 ingresso
1391 2501 1423 2536 si
1444 2504 1559 2545 tonat,
1581 2504 1656 2534 tur-

234 2550 296 2582 bas
319 2554 354 2581 et
376 2549 562 2582 seditiones
585 2548 792 2591 periculosas
818 2555 896 2592 post
918 2548 999 2581 solis
1030 2560 1184 2582 occasum
1207 2558 1385 2580 exarsurus
1408 2547 1445 2581 id
1471 2546 1656 2591 portendit,

234 2593 367 2636 vitique
390 2592 611 2626 calamitatem
637 2594 680 2626 ab
711 2593 909 2627 animalibus
933 2594 1144 2627 inferendam
1161 2592 1356 2634 minitatur,
1391 2603 1453 2636 per
1472 2590 1642 2626 Bactriam

237 2637 409 2681 Caspium,
435 2638 597 2680 Sericam,
622 2638 762 2671 Thebas
785 2637 1003 2681 superiore3‚
1028 2638 1157 2680 Oasim,
1182 2636 1474 2680 Troglodyticam.
1519 2615 1657 2670 tametsi

234 2683 407 2715 turbarum
437 2683 644 2716 incommoda
673 2694 740 2718 non
770 2682 913 2717 feminas
947 2684 1008 2717 sed
1039 2694 1150 2717 mares
1181 2682 1288 2726 magis
1323 2681 1491 2716 afficient:
1529 2679 1658 2724 quippe

234 2727 366 2771 signum
384 2727 565 2760 masculum
586 2731 650 2760 est.

323 2772 444 2806 Mense
463 2772 663 2807 Novembri.
709 2772 740 2807 si
762 2783 826 2817 per
846 2771 883 2808 id
903 2774 1035 2821 tempus
1058 2772 1190 2808 tonitru
1209 2771 1378 2816 audiatur,
1400 2769 1456 2806 vir
1475 2773 1597 2818 potens
1618 2766 1655 2805 iu
