1748 3210
218 180 322 226 262*
735 179 956 223 IOANNIS
989 179 1122 222 LYDI

218 299 300 343 τοῖς
321 293 479 336 Ἰταλῶν
508 293 771 349 ἔκφωνεῖσθαι
794 288 982 344 ῥήμασιν·
1017 284 1064 331 οὗ
1088 292 1389 346 παραβαθέντος
1411 292 1466 343 ὥς
1487 291 1636 349 εἶ’ρηται

219 361 294 415 (οὗ
317 362 391 417 γὰρ
419 360 577 412 ἄλλως)
612 359 662 400 τὰ
681 362 752 412 τῆς
770 355 1019 406 ἐλαττώσεως
1038 355 1262 412 προύβαινε.
1326 361 1377 402 τὰ
1396 362 1438 402 δὲ
1460 363 1547 416 περὶ
1566 360 1636 414 τὴν

218 427 413 484 Εὐρώπην
433 423 681 481 πραττόμενα
699 422 828 466 πάντα
853 424 923 477 τὴν
943 423 1185 480 ἀρχαιότητα
1205 424 1431 481 διεφύλαξεν
1453 428 1493 478 ἐξ
1515 426 1637 482 ἀνάγ-

220 511 292 548 κης
314 495 380 535 διὰ
403 493 447 534 τὸ
469 492 560 540 τοὺς
580 491 702 544 αὐτῆς
724 490 949 547 οἰκήτορας,
983 493 1121 547 καίπερ
1141 491 1333 545 ’Έλληνας
1349 493 1391 533 ἐκ
1412 498 1483 534 τοῦ
1505 495 1637 535 πλείο-

217 577 284 610 νος
316 559 450 609 ὄντας,
483 562 532 614 τῇ
557 563 635 600 τῶν
654 558 812 600 Ἰταλῶν
837 558 1084 615 φθέγγεσθαι
1106 562 1240 614 φωνῇ,
1269 560 1334 600 καὶ
1357 552 1529 612 μάλιστα
1544 561 1670 609 τοὺςὸ

220 625 535 679 δημοσιεύοντας.
601 630 727 667 ταῦτα
747 627 957 678 μετέβαλεν
977 624 997 666 ὅ
1018 624 1290 679 Καππαδόκης
1307 627 1359 674 εἷς
1377 624 1538 681 γραώδη
1553 626 1641 668 τινὰ

219 695 285 734 καὶ
309 694 554 746 χαμαίζηλον
584 691 839 747 ἀπαγγελίαν,
874 693 947 744 οὐχ
966 690 1020 742 ὥς
1041 693 1256 749 σαφηνείας
1278 693 1513 749 φροντίζων,
1547 692 1638 734 ἀλλ’

219 758 326 808 ὅπως
351 758 538 815 πρόχειρα
568 757 663 800 ὄντα
695 761 760 800 καὶ
792 758 903 800 κοινὰ
931 761 1127 813 μηδεμίαν
1155 761 1296 815 ἐμποιῇ
1317 759 1542 814 δυσχέρειαν
1562 765 1642 808 τοῖς

219 826 320 867 κατὰ
349 826 493 868 σκοπὸν
518 825 640 867 αὐτοῦ
660 830 835 881 πληροῦν
855 826 904 867 τὰ
927 825 1164 880 μηδαμόθεν
1186 827 1318 875 αὐτοῖς
1341 824 1534 879 ἀνήκοντα
1552 829 1644 867 τολ-

219 897 337 946 μῶσι.
404 890 587 947 πράττων
615 893 691 947 γὰρ
722 895 786 934 καὶ
814 891 978 947 γράφων
1006 896 1069 934 καὶ
1088 898 1329 946 καινοτομῶν
1350 894 1414 934 καὶ
1436 894 1479 934 ἐκ
1498 891 1643 940 παντὸς
1655 899 1698 932 10

219 959 368 1014 τρόπου
400 958 574 1001 σαλεύων
604 959 675 1011 τὴν
705 958 970 1015 ἀρχαιότητα,
1004 961 1049 1001 οὗ
1079 965 1160 1008 τοῖς
1187 959 1391 1016 ἄρμοδίοις
1407 963 1486 1000 τῶν
1501 963 1646 1014 χωρῶν

220 1024 444 1075 ἐπιστάταις
479 1025 575 1078 (οὓς
597 1030 759 1067 καλοῦσι
779 1025 1016 1081 τρακτεύτας
1046 1027 1130 1067 ἀντὶ
1163 1031 1233 1067 τοῦ
1263 1025 1590 1082 κληματούρχας)
1619 1023 1647 1078 ἢ

220 1095 511 1149 ὁιαψηφισταΐς
539 1093 669 1133 ἐδίδου
700 1093 800 1134 κατὰ
824 1092 869 1134 τὸ
895 1091 1064 1145 σύνηθες
1085 1093 1136 1133 τὰ
1157 1091 1405 1148 πραττόμειά
1426 1093 1525 1147 πρὸς
1543 1089 1646 1144 πλή-

220 1159 363 1215 ρωσιν,
398 1159 497 1200 ὥστε
519 1160 644 1210 μηδὲν
660 1159 770 1214 παρὰ
786 1158 854 1198 τὸν
873 1156 991 1211 νόμον
1007 1160 1207 1212 γίνεσθαι·
1235 1159 1324 1199 ἀλλ’
1347 1159 1465 1208 αὐτὸς
1481 1157 1547 1199 διὰ
1566 1161 1646 1199 τῶν

221 1226 372 1267 οῗκείων
388 1229 642 1279 πληροῦσθαι
663 1225 712 1265 τὰ
733 1223 917 1276 σύμβολα
935 1226 1127 1275 ἐκέλευσε,
1162 1229 1239 1266 τῶν
1261 1223 1458 1266 εἰωθότων
1478 1225 1645 1280 παρέχε-
1657 1231 1698 1265 15

221 1296 322 1334 σθαι
341 1289 634 1344 δαπανημάτων
651 1298 732 1340 τοῖς
749 1289 952 1346 ἅρμοδιόις
974 1295 1197 1346 πληρωταῒς
1221 1291 1339 1340 αὐτὸς
1357 1290 1557 1346 γενόμενος
1575 1289 1646 1332 κύ·-

223 1376 319 1414 ριος.
389 1356 470 1399 εἶτα
490 1359 531 1399 ἐκ
550 1362 620 1411 τῆς
639 1358 695 1411 μὴ
716 1358 815 1399 κατὰ
838 1358 882 1399 τὸ
905 1362 1102 1412 προσῆκον
1123 1359 1375 1412 τολμωμένης
1395 1361 1473 1399 τῶν
1487 1361 1661 1412 χαρτῶν,

223 1424 414 1474 ἐκδόσεως
431 1426 623 1479 μεγίστων
641 1425 906 1478 ἀνισταμένων
923 1432 1004 1474 τοῖς
1022 1423 1223 1466 &norsum
1242 1427 1496 1481 δυσχερειῶν,
1531 1423 1650 1472 αὐτὸς

222 1491 430 1546 ἠγανάκτει
459 1493 524 1533 καὶ
551 1490 754 1540 θανάτους
783 1492 944 1546 ἐπέφερε
973 1498 1055 1541 τοῖς
1080 1492 1151 1533 οὐκ
1177 1493 1444 1544 ἐπισταμένοις
1473 1490 1544 1544 τὴν
1570 1494 1649 1532 τῶν

223 1560 387 1612 ἀναίδην
405 1560 469 1599 καὶ
489 1557 542 1607 ὡς
559 1559 688 1612 ἔτυχεν
710 1559 1006 1610 ἄπολελυμὲνων
1017 1563 1178 1614 χαρτῶν
1195 1557 1372 1612 δύναμιν.
1437 1559 1504 1599 καὶ
1528 1555 1648 1610 νόμος
1658 1563 1703 1597 20

223 1624 436 1680 ἐκράτησεν
455 1627 495 1674 ἒξ
516 1626 657 1666 ἐκείνου
668 1656 680 1675 ,
715 1627 780 1666 καὶ
799 1624 939 1674 πάντες
959 1624 1012 1674 ὡς
1031 1625 1138 1678 ἔτυχε
1158 1628 1223 1666 καὶ
1241 1624 1439 1682 γράφουσι
1461 1625 1527 1666 καὶ
1547 1627 1650 1678 πλη-

225 1696 339 1748 ροῦσι
372 1693 437 1732 καὶ
469 1690 685 1733 ἀπολύουσι
716 1692 765 1733 τὰ
795 1696 992 1740 παντελῶς
1026 1693 1159 1741 αὐτοῖς
1193 1692 1434 1747 ἀγνοούμενα
1444 1722 1458 1741 ,
1490 1691 1535 1733 τὸ
1559 1692 1651 1746 πρὶν

223 1761 379 1815 μυρίοις
402 1758 752 1814 κατησφαλισμένα
774 1757 954 1813 τρόποις,
987 1765 1070 1808 τοῖς
1091 1777 1131 1801 τε
1156 1761 1376 1814 λεγομένοις
1396 1759 1651 1807 κοττιδιανοῖς

314 1873 358 1906 12
394 1873 486 1906 forte
519 1873 697 1917 legendum
728 1870 978 1918 κλιματοέρχας.
1022 1874 1068 1909 F.
1247 1874 1290 1909 18
1327 1873 1504 1918 δυσχερῶν
1534 1872 1650 1917 vulgo.

310 1918 357 1952 20
380 1917 455 1962 lego
474 1914 621 1963 ἀνέδην.
645 1919 675 1952 F

225 2027 294 2062 qua
309 2011 476 2061 ‘neglecta
500 2029 576 2062 res,
608 2022 648 2052 ut
673 2017 818 2052 diximus
848 2017 985 2062 (neque
1007 2018 1096 2053 enim
1122 2018 1266 2062 aliter),
1298 2018 1431 2063 prolabi
1453 2021 1652 2062 coeperunt.

224 2073 314 2105 quae
346 2073 430 2095 vero
465 2063 557 2096 circa
589 2064 764 2108 Europam
796 2064 1005 2107 agebantur,
1046 2069 1167 2098 cuncta
1197 2063 1431 2107 antiquitatem
1459 2063 1652 2097 necessario

224 2110 469 2150 servaverant,
503 2108 661 2151 quoniam
694 2108 767 2141 eius
795 2108 949 2151 incolae,
980 2109 1133 2153 quamvis
1163 2108 1283 2142 maiori
1312 2120 1354 2142 ex
1387 2113 1485 2153 parte
1513 2107 1650 2149 Graeci,

224 2149 331 2183 latina
361 2150 478 2195 lingua
506 2155 707 2196 utebantur,
742 2153 886 2186 maxime
921 2153 980 2196 qui
1014 2154 1150 2198 publica
1177 2165 1316 2187 munera
1345 2155 1523 2197 gerebant.
1569 2153 1654 2185 haec

224 2195 414 2239 Cappadox
447 2196 483 2228 in
517 2197 638 2230 anilem
668 2198 833 2241 quandam
865 2197 1087 2242 humilemque
1119 2198 1364 2242 expositionem
1384 2198 1547 2240 mutavit,
1585 2208 1654 2230 non

224 2241 318 2283 quod
342 2240 569 2284 perspicuitas
593 2242 625 2275 ei
650 2254 751 2275 curae
775 2247 870 2285 erat,
905 2243 966 2276 sed
997 2250 1035 2276 ut
1067 2243 1103 2276 in
1136 2249 1291 2287 promptu
1318 2255 1374 2277 res
1403 2241 1654 2286 communisque

225 2290 336 2327 esset,
369 2297 479 2329 neque
500 2285 600 2318 ullam
627 2286 669 2319 iis
693 2287 926 2320 difficultatem
949 2288 1129 2322 exhiberet
1151 2289 1209 2332 qui
1232 2300 1275 2321 ex
1301 2289 1374 2322 eius
1394 2288 1569 2322 voluntate
1588 2286 1652 2318 im-

223 2328 320 2373 plere
339 2341 550 2374 nequaquam
571 2331 614 2363 ad
637 2342 675 2364 se
701 2331 905 2375 pertinentia
928 2333 1104 2367 auderent.
1151 2335 1282 2376 agendo
1305 2333 1393 2366 enim
1416 2338 1451 2366 et
1472 2330 1652 2366 scribendo

224 2378 260 2407 et
282 2373 495 2418 innovando,
524 2375 676 2409 omnibus
698 2376 845 2421 denique
863 2377 970 2410 modis
989 2378 1223 2422 antiquitatem
1241 2378 1458 2420 concutiens,
1482 2387 1549 2409 non
1571 2386 1652 2408 con—

225 2418 321 2462 gruis
352 2419 528 2462 regionum
557 2420 772 2464 praesidibus
805 2423 917 2464 (quos
940 2427 1143 2456 tractatores
1166 2427 1307 2464 vocant,
1338 2422 1374 2456 id
1400 2427 1453 2455 est
1477 2420 1653 2464 regionum

225 2463 447 2508 praefectos)
481 2469 541 2498 aut
567 2465 810 2508 rationalibus,
842 2467 1022 2500 secundum
1053 2467 1346 2510 consuetudinem,
1378 2472 1454 2500 acta
1482 2465 1653 2509 implenda

226 2509 351 2551 dabat,
386 2519 430 2541 ne
459 2509 542 2554 quid
569 2516 686 2543 contra
716 2509 823 2553 legem
854 2511 972 2551 fieret;
1003 2523 1121 2546 verum
1151 2523 1213 2555 per
1235 2523 1313 2545 suos
1337 2511 1470 2544 chartas
1493 2509 1654 2555 compleri

226 2552 347 2595 iussit,
389 2554 596 2598 sumptibus,
643 2566 727 2598 quos
763 2555 922 2598 congruis
953 2557 1213 2601 completoribus
1239 2556 1400 2600 praeberi
1427 2566 1498 2589 mos
1529 2556 1653 2597 fuerat,

225 2597 304 2640 ipse
339 2597 482 2641 potitus.
529 2599 652 2633 deinde
688 2610 761 2633 cum
797 2601 840 2632 ob
875 2600 1009 2634 chartas
1042 2601 1221 2635 temerarie
1242 2601 1428 2645 illiciteque
1451 2600 1559 2634 editas
1582 2610 1651 2632 ma·-

226 2642 319 2675 xima
350 2642 514 2677 subiectis
543 2643 754 2678 incommoda
785 2644 989 2688 existerent,
1026 2645 1102 2690 ipse
1134 2645 1242 2679 iratus
1271 2647 1462 2680 chartarum
1493 2645 1654 2678 audacter

226 2692 424 2730 temereque
456 2688 682 2722 absolutarum
712 2689 780 2722 vim
809 2689 1005 2732 ignorantes
1027 2696 1136 2724 morte
1159 2691 1347 2725 afficiebat.
1394 2696 1497 2734 atque
1526 2700 1570 2724 ex
1595 2687 1652 2720 illo

226 2742 298 2764 mos
309 2731 489 2784 ‚obtinuin
516 2745 698 2779 omnesque
722 2739 758 2767 et
780 2735 934 2768 scribunt
958 2740 992 2768 et
1014 2736 1183 2780 complent
1205 2742 1241 2769 et
1261 2735 1444 2770 absolvunt
1465 2734 1533 2768 sibi
1553 2743 1652 2778 pror-

226 2786 285 2810 sus
307 2781 446 2823 Quota,
478 2777 555 2814 olim
574 2779 665 2814 mille
686 2779 794 2814 modis
817 2779 967 2824 firmata,
990 2791 1065 2815 cum
1088 2780 1268 2816 cotidianis
1292 2782 1357 2825 (ut
1374 2784 1520 2823 vocant,
1542 2778 1579 2812 id
1600 2782 1653 2811 est
