<?xml version="1.0" encoding="UTF-8"?>
<!DOCTYPE html PUBLIC "-//W3C//DTD XHTML 1.0 Transitional//EN"
    "http://www.w3.org/TR/xhtml1/DTD/xhtml1-transitional.dtd">
<html xmlns="http://www.w3.org/1999/xhtml" xml:lang="en" lang="en">
 <head>
  <title>
</title>
<meta http-equiv="Content-Type" content="text/html;charset=utf-8" />
  <meta name='ocr-system' content='tesseract 3.04.00' />
  <meta name='ocr-capabilities' content='ocr_page ocr_carea ocr_par ocr_line ocrx_word'/>
</head>
<body>
  <div class='ocr_page' id='page_1' title='image "./corpusscriptorum27niebuoft/corpusscriptorum27niebuoft_0149.png"; bbox 0 0 1748 3210; ppageno 0'>
   <div class='ocr_carea' id='block_1_1' title="bbox 593 153 1560 201">
    <p class='ocr_par' dir='ltr' id='par_1_1' title="bbox 593 153 1560 201">
     <span class='ocr_line' id='line_1_1' title="bbox 593 153 1560 201; baseline 0.002 -3"><span class='ocrx_word' id='word_1_1' title='bbox 593 155 670 200; x_wconf 87' lang='lat' dir='ltr'><strong><em>DE</em></strong></span> <span class='ocrx_word' id='word_1_2' title='bbox 702 154 975 201; x_wconf 81' lang='lat' dir='ltr'>MENSIBUS</span> <span class='ocrx_word' id='word_1_3' title='bbox 999 153 1078 199; x_wconf 90' lang='lat' dir='ltr'><strong><em>IV.</em></strong></span> <span class='ocrx_word' id='word_1_4' title='bbox 1493 153 1560 200; x_wconf 88' lang='lat'><strong><em>79</em></strong></span> 
     </span>
    </p>
   </div>
   <div class='ocr_carea' id='block_1_2' title="bbox 57 264 1692 1850">
    <p class='ocr_par' dir='ltr' id='par_1_2' title="bbox 57 264 1692 1850">
     <span class='ocr_line' id='line_1_2' title="bbox 119 264 1558 328; baseline -0.002 -16"><span class='ocrx_word' id='word_1_5' title='bbox 119 265 277 328; x_wconf 69' lang='grc' dir='ltr'><strong><em>πρώτην</em></strong></span> <span class='ocrx_word' id='word_1_6' title='bbox 292 267 365 323; x_wconf 69' lang='grc' dir='ltr'><strong><em>μὲν</em></strong></span> <span class='ocrx_word' id='word_1_7' title='bbox 384 270 454 311; x_wconf 91' lang='grc' dir='ltr'><strong><em>τοῦ</em></strong></span> <span class='ocrx_word' id='word_1_8' title='bbox 468 264 653 325; x_wconf 78' lang='grc' dir='ltr'><strong><em>Οὗρανοῦ</em></strong></span> <span class='ocrx_word' id='word_1_9' title='bbox 677 270 744 312; x_wconf 80' lang='grc' dir='ltr'><strong><em>καὶ</em></strong></span> <span class='ocrx_word' id='word_1_10' title='bbox 757 268 941 327; x_wconf 65' lang='grc' dir='ltr'><strong><em>“Ημέρας</em></strong></span> <span class='ocrx_word' id='word_1_11' title='bbox 962 267 1164 327; x_wconf 77' lang='grc' dir='ltr'><strong><em>Οὖρανίαν</em></strong></span> <span class='ocrx_word' id='word_1_12' title='bbox 1175 265 1435 322; x_wconf 69' lang='grc' dir='ltr'><strong><em>καλουμένην,</em></strong></span> <span class='ocrx_word' id='word_1_13' title='bbox 1463 268 1558 310; x_wconf 87' lang='grc' dir='ltr'><strong><em>δευ-</em></strong></span> 
     </span>
     <span class='ocr_line' id='line_1_3' title="bbox 117 337 1558 396; baseline -0.002 -15"><span class='ocrx_word' id='word_1_14' title='bbox 117 339 235 396; x_wconf 80' lang='grc' dir='ltr'><strong><em>τέραν</em></strong></span> <span class='ocrx_word' id='word_1_15' title='bbox 251 339 296 379; x_wconf 74' lang='grc' dir='ltr'><strong><em>δὲ</em></strong></span> <span class='ocrx_word' id='word_1_16' title='bbox 309 337 462 394; x_wconf 78' lang='grc' dir='ltr'><strong><em>Ἀφροῦ</em></strong></span> <span class='ocrx_word' id='word_1_17' title='bbox 480 338 546 378; x_wconf 82' lang='grc' dir='ltr'><strong><em>καὶ</em></strong></span> <span class='ocrx_word' id='word_1_18' title='bbox 564 337 801 394; x_wconf 80' lang='grc' dir='ltr'><strong><em>Εὐρυνόμης</em></strong></span> <span class='ocrx_word' id='word_1_19' title='bbox 815 339 889 393; x_wconf 78' lang='grc' dir='ltr'><strong><em>τῆς</em></strong></span> <span class='ocrx_word' id='word_1_20' title='bbox 900 337 1104 388; x_wconf 87' lang='grc' dir='ltr'><strong><em>Ὠκεανοῦ,</em></strong></span> <span class='ocrx_word' id='word_1_21' title='bbox 1138 339 1204 380; x_wconf 82' lang='grc' dir='ltr'><strong><em>καὶ</em></strong></span> <span class='ocrx_word' id='word_1_22' title='bbox 1222 338 1357 393; x_wconf 79' lang='grc' dir='ltr'><strong><em>τρίτην</em></strong></span> <span class='ocrx_word' id='word_1_23' title='bbox 1373 337 1445 390; x_wconf 82' lang='grc' dir='ltr'><strong><em>τὴν</em></strong></span> <span class='ocrx_word' id='word_1_24' title='bbox 1461 353 1558 378; x_wconf 87' lang='grc' dir='ltr'><strong><em>συν-</em></strong></span> 
     </span>
     <span class='ocr_line' id='line_1_4' title="bbox 118 401 1557 463; baseline -0.001 -15"><span class='ocrx_word' id='word_1_25' title='bbox 118 404 461 463; x_wconf 81' lang='grc' dir='ltr'><strong><em>αφθεῖσανἙρμῇ</em></strong></span> <span class='ocrx_word' id='word_1_26' title='bbox 479 410 550 447; x_wconf 87' lang='grc' dir='ltr'><strong><em>τοῦ</em></strong></span> <span class='ocrx_word' id='word_1_27' title='bbox 570 407 730 457; x_wconf 80' lang='grc' dir='ltr'><strong><em>Νείλου,</em></strong></span> <span class='ocrx_word' id='word_1_28' title='bbox 754 408 796 456; x_wconf 72' lang='grc' dir='ltr'><strong><em>ἐξ</em></strong></span> <span class='ocrx_word' id='word_1_29' title='bbox 813 401 862 460; x_wconf 73' lang='grc' dir='ltr'><strong><em>ῆς</em></strong></span> <span class='ocrx_word' id='word_1_30' title='bbox 879 409 945 448; x_wconf 78' lang='grc' dir='ltr'><strong><em>καὶ</em></strong></span> <span class='ocrx_word' id='word_1_31' title='bbox 965 404 985 448; x_wconf 83' lang='grc' dir='ltr'><strong>ὅ</strong></span> <span class='ocrx_word' id='word_1_32' title='bbox 1006 405 1328 462; x_wconf 73' lang='grc' dir='ltr'><strong><em>δεύτερος’Έρως</em></strong></span> <span class='ocrx_word' id='word_1_33' title='bbox 1347 403 1367 446; x_wconf 84' lang='grc' dir='ltr'><em>ὃ</em></span> <span class='ocrx_word' id='word_1_34' title='bbox 1383 402 1557 447; x_wconf 79' lang='grc' dir='ltr'><strong><em>ῦπόπτε-</em></strong></span> 
     </span>
     <span class='ocr_line' id='line_1_5' title="bbox 118 472 1561 531; baseline -0.002 -14"><span class='ocrx_word' id='word_1_35' title='bbox 118 490 202 531; x_wconf 86' lang='grc' dir='ltr'><strong><em>ρος,</em></strong></span> <span class='ocrx_word' id='word_1_36' title='bbox 234 472 426 530; x_wconf 77' lang='grc' dir='ltr'><strong><em>τετάρτην</em></strong></span> <span class='ocrx_word' id='word_1_37' title='bbox 449 474 552 523; x_wconf 86' lang='grc' dir='ltr'><strong><em>Διὸς</em></strong></span> <span class='ocrx_word' id='word_1_38' title='bbox 571 475 637 515; x_wconf 82' lang='grc' dir='ltr'><strong><em>καὶ</em></strong></span> <span class='ocrx_word' id='word_1_39' title='bbox 658 473 831 528; x_wconf 80' lang='grc' dir='ltr'><strong><em>Διώνης,</em></strong></span> <span class='ocrx_word' id='word_1_40' title='bbox 860 473 910 528; x_wconf 75' lang='grc' dir='ltr'><strong><em>ῆν</em></strong></span> <span class='ocrx_word' id='word_1_41' title='bbox 933 474 1074 530; x_wconf 63' lang='grc' dir='ltr'><strong><em>ἔγημεν</em></strong></span> <span class='ocrx_word' id='word_1_42' title='bbox 1085 474 1326 531; x_wconf 62' lang='lat' dir='ltr'><strong><em>‘&#39;quouorog5</em></strong></span> <span class='ocrx_word' id='word_1_43' title='bbox 1357 472 1497 531; x_wconf 72' lang='grc' dir='ltr'><strong><em>λάθρᾳ</em></strong></span> <span class='ocrx_word' id='word_1_44' title='bbox 1517 473 1561 514; x_wconf 76' lang='grc' dir='ltr'><strong><em>δὲ</em></strong></span> 
     </span>
     <span class='ocr_line' id='line_1_6' title="bbox 83 540 1561 599; baseline -0.001 -15"><span class='ocrx_word' id='word_1_45' title='bbox 83 541 220 598; x_wconf 68' lang='grc' dir='ltr'><strong><em>ξαῧτῇ</em></strong></span> <span class='ocrx_word' id='word_1_46' title='bbox 246 541 452 584; x_wconf 76' lang='grc' dir='ltr'><strong><em>συνελθὼν</em></strong></span> <span class='ocrx_word' id='word_1_47' title='bbox 471 540 593 598; x_wconf 77' lang='grc' dir='ltr'><strong><em>Ἄρης</em></strong></span> <span class='ocrx_word' id='word_1_48' title='bbox 612 541 714 584; x_wconf 69' lang='grc' dir='ltr'><strong><em>ἔτεκε</em></strong></span> <span class='ocrx_word' id='word_1_49' title='bbox 741 542 811 584; x_wconf 83' lang='grc' dir='ltr'><strong><em>τὸν</em></strong></span> <span class='ocrx_word' id='word_1_50' title='bbox 825 542 1058 599; x_wconf 80' lang='grc' dir='ltr'><strong><em>Ἀντέρωτα.</em></strong></span> <span class='ocrx_word' id='word_1_51' title='bbox 1093 546 1269 584; x_wconf 80' lang='grc' dir='ltr'><strong><em>καλεῖται</em></strong></span> <span class='ocrx_word' id='word_1_52' title='bbox 1292 542 1336 583; x_wconf 73' lang='grc' dir='ltr'><strong><em>δὲ</em></strong></span> <span class='ocrx_word' id='word_1_53' title='bbox 1358 545 1561 595; x_wconf 81' lang='grc' dir='ltr'><strong><em>πολλαχοῦ</em></strong></span> 
     </span>
     <span class='ocr_line' id='line_1_7' title="bbox 115 606 1562 667; baseline -0.001 -16"><span class='ocrx_word' id='word_1_54' title='bbox 115 611 182 652; x_wconf 77' lang='grc' dir='ltr'><strong><em>καὶ</em></strong></span> <span class='ocrx_word' id='word_1_55' title='bbox 202 607 427 666; x_wconf 74' lang='grc' dir='ltr'><strong><em>Πασιφάη,</em></strong></span> <span class='ocrx_word' id='word_1_56' title='bbox 460 606 487 664; x_wconf 76' lang='grc' dir='ltr'>ἦ</span> <span class='ocrx_word' id='word_1_57' title='bbox 505 614 624 652; x_wconf 79' lang='grc' dir='ltr'><strong><em>πᾶσιν</em></strong></span> <span class='ocrx_word' id='word_1_58' title='bbox 642 610 854 667; x_wconf 75' lang='grc' dir='ltr'><strong><em>ἓπαφιεΐσα</em></strong></span> <span class='ocrx_word' id='word_1_59' title='bbox 872 610 944 663; x_wconf 79' lang='grc' dir='ltr'><strong><em>τὴν</em></strong></span> <span class='ocrx_word' id='word_1_60' title='bbox 964 608 1111 664; x_wconf 69' lang='grc' dir='ltr'><strong><em>ἡδονήν</em></strong></span> <span class='ocrx_word' id='word_1_61' title='bbox 1122 642 1135 661; x_wconf 96' lang='grc'><strong><em>,</em></strong></span> <span class='ocrx_word' id='word_1_62' title='bbox 1166 612 1231 652; x_wconf 80' lang='grc' dir='ltr'><strong><em>καὶ</em></strong></span> <span class='ocrx_word' id='word_1_63' title='bbox 1246 610 1429 666; x_wconf 86' lang='grc' dir='ltr'><strong><em>Ἔρυκίνη</em></strong></span> <span class='ocrx_word' id='word_1_64' title='bbox 1449 609 1562 665; x_wconf 82' lang='grc' dir='ltr'><strong><em>παρὰ</em></strong></span> 
     </span>
     <span class='ocr_line' id='line_1_8' title="bbox 115 675 1561 734; baseline -0.001 -15"><span class='ocrx_word' id='word_1_65' title='bbox 115 677 163 719; x_wconf 78' lang='grc' dir='ltr'><strong><em>τὸ</em></strong></span> <span class='ocrx_word' id='word_1_66' title='bbox 182 677 276 728; x_wconf 79' lang='grc' dir='ltr'><strong><em>τοὺς</em></strong></span> <span class='ocrx_word' id='word_1_67' title='bbox 297 677 449 733; x_wconf 67' lang='grc' dir='ltr'><strong><em>ἔρωτας</em></strong></span> <span class='ocrx_word' id='word_1_68' title='bbox 474 683 603 719; x_wconf 79' lang='grc' dir='ltr'><strong><em>κινεῖν.</em></strong></span> <span class='ocrx_word' id='word_1_69' title='bbox 639 677 703 719; x_wconf 78' lang='grc' dir='ltr'><strong><em>ἀπ’</em></strong></span> <span class='ocrx_word' id='word_1_70' title='bbox 727 678 850 731; x_wconf 74' lang='grc' dir='ltr'><strong><em>αὐτῆς</em></strong></span> <span class='ocrx_word' id='word_1_71' title='bbox 872 679 917 719; x_wconf 75' lang='grc' dir='ltr'><strong><em>δὲ</em></strong></span> <span class='ocrx_word' id='word_1_72' title='bbox 938 680 1005 719; x_wconf 85' lang='grc' dir='ltr'><strong><em>καὶ</em></strong></span> <span class='ocrx_word' id='word_1_73' title='bbox 1020 676 1171 734; x_wconf 86' lang='grc' dir='ltr'><strong><em>Ἑρμοῦ</em></strong></span> <span class='ocrx_word' id='word_1_74' title='bbox 1194 679 1265 720; x_wconf 84' lang='grc' dir='ltr'><strong><em>τὸν</em></strong></span> <span class='ocrx_word' id='word_1_75' title='bbox 1280 675 1561 734; x_wconf 51' lang='grc' dir='ltr'><strong><em>(Ερμαφρόδι-</em></strong></span> 
     </span>
     <span class='ocr_line' id='line_1_9' title="bbox 115 743 1562 802; baseline -0.001 -14"><span class='ocrx_word' id='word_1_76' title='bbox 115 761 184 788; x_wconf 85' lang='grc' dir='ltr'><strong><em>τον</em></strong></span> <span class='ocrx_word' id='word_1_77' title='bbox 203 749 394 800; x_wconf 73' lang='grc' dir='ltr'><strong><em>τεχθῆναι</em></strong></span> <span class='ocrx_word' id='word_1_78' title='bbox 413 744 550 800; x_wconf 88' lang='grc' dir='ltr'><strong><em>λόγος,</em></strong></span> <span class='ocrx_word' id='word_1_79' title='bbox 586 743 670 788; x_wconf 85' lang='grc' dir='ltr'><strong><em>οἶον</em></strong></span> <span class='ocrx_word' id='word_1_80' title='bbox 691 745 760 787; x_wconf 82' lang='grc' dir='ltr'><strong><em>τὸν</em></strong></span> <span class='ocrx_word' id='word_1_81' title='bbox 782 745 967 802; x_wconf 73' lang='grc' dir='ltr'><strong><em>εὖφραδῆ</em></strong></span> <span class='ocrx_word' id='word_1_82' title='bbox 989 747 1056 787; x_wconf 82' lang='grc' dir='ltr'><strong><em>καὶ</em></strong></span> <span class='ocrx_word' id='word_1_83' title='bbox 1082 747 1239 788; x_wconf 80' lang='grc' dir='ltr'><strong><em>ἀστεῖον</em></strong></span> <span class='ocrx_word' id='word_1_84' title='bbox 1266 744 1397 800; x_wconf 86' lang='grc' dir='ltr'><strong><em>λόγον,</em></strong></span> <span class='ocrx_word' id='word_1_85' title='bbox 1426 746 1495 787; x_wconf 85' lang='grc' dir='ltr'><strong><em>τὸν</em></strong></span> <span class='ocrx_word' id='word_1_86' title='bbox 1521 746 1562 795; x_wconf 70' lang='grc' dir='ltr'><strong><em>ἐξ</em></strong></span> 
     </span>
     <span class='ocr_line' id='line_1_10' title="bbox 117 811 1691 872; baseline -0.001 -17"><span class='ocrx_word' id='word_1_87' title='bbox 117 811 269 868; x_wconf 73' lang='grc' dir='ltr'><strong><em>ἡδονῆς</em></strong></span> <span class='ocrx_word' id='word_1_88' title='bbox 295 813 342 856; x_wconf 85' lang='grc' dir='ltr'><strong><em>τὸ</em></strong></span> <span class='ocrx_word' id='word_1_89' title='bbox 370 813 495 870; x_wconf 81' lang='grc' dir='ltr'><strong><em>τραχὺ</em></strong></span> <span class='ocrx_word' id='word_1_90' title='bbox 523 812 764 867; x_wconf 79' lang='grc' dir='ltr'><strong><em>θηλύνοντα.</em></strong></span> <span class='ocrx_word' id='word_1_91' title='bbox 805 813 874 855; x_wconf 87' lang='grc' dir='ltr'><strong><em>τὸν</em></strong></span> <span class='ocrx_word' id='word_1_92' title='bbox 903 814 947 855; x_wconf 82' lang='grc' dir='ltr'><strong><em>δὲ</em></strong></span> <span class='ocrx_word' id='word_1_93' title='bbox 978 812 1126 868; x_wconf 84' lang='grc' dir='ltr'><strong><em>ταύτης</em></strong></span> <span class='ocrx_word' id='word_1_94' title='bbox 1158 813 1308 868; x_wconf 89' lang='grc' dir='ltr'><strong><em>ἀστέρα</em></strong></span> <span class='ocrx_word' id='word_1_95' title='bbox 1335 818 1385 869; x_wconf 83' lang='grc' dir='ltr'><strong><em>τῇ</em></strong></span> <span class='ocrx_word' id='word_1_96' title='bbox 1417 811 1560 870; x_wconf 78' lang='grc' dir='ltr'><strong><em>σελήνῃ</em></strong></span> <span class='ocrx_word' id='word_1_97' title='bbox 1583 837 1620 872; x_wconf 75' lang='lat' dir='ltr'><strong><em>p,</em></strong></span> <span class='ocrx_word' id='word_1_98' title='bbox 1645 827 1691 861; x_wconf 85' lang='lat'><strong><em>90</em></strong></span> 
     </span>
     <span class='ocr_line' id='line_1_11' title="bbox 62 881 1564 938; baseline -0.002 -13"><span class='ocrx_word' id='word_1_99' title='bbox 62 881 374 938; x_wconf 83' lang='grc' dir='ltr'><strong><em>1οπαρέπεσθαί</em></strong></span> <span class='ocrx_word' id='word_1_100' title='bbox 399 897 501 938; x_wconf 78' lang='grc' dir='ltr'><strong><em>φασι</em></strong></span> <span class='ocrx_word' id='word_1_101' title='bbox 530 881 598 922; x_wconf 84' lang='grc' dir='ltr'><strong><em>διὰ</em></strong></span> <span class='ocrx_word' id='word_1_102' title='bbox 630 882 703 931; x_wconf 82' lang='grc' dir='ltr'><strong><em>τὰς</em></strong></span> <span class='ocrx_word' id='word_1_103' title='bbox 723 881 951 938; x_wconf 78' lang='grc' dir='ltr'><strong><em>νυκτερινὰς</em></strong></span> <span class='ocrx_word' id='word_1_104' title='bbox 970 883 1211 938; x_wconf 79' lang='grc' dir='ltr'><strong><em>συναφείας,</em></strong></span> <span class='ocrx_word' id='word_1_105' title='bbox 1247 881 1344 923; x_wconf 85' lang='grc' dir='ltr'><strong><em>ὅθεν</em></strong></span> <span class='ocrx_word' id='word_1_106' title='bbox 1363 883 1429 922; x_wconf 82' lang='grc' dir='ltr'><strong><em>καὶ</em></strong></span> <span class='ocrx_word' id='word_1_107' title='bbox 1449 882 1564 923; x_wconf 80' lang='grc' dir='ltr'><strong><em>σκιὰν</em></strong></span> 
     </span>
     <span class='ocr_line' id='line_1_12' title="bbox 117 947 1563 1006; baseline 0.001 -16"><span class='ocrx_word' id='word_1_108' title='bbox 117 949 238 991; x_wconf 74' lang='grc' dir='ltr'><strong><em>αὐτὸν</em></strong></span> <span class='ocrx_word' id='word_1_109' title='bbox 266 949 465 991; x_wconf 77' lang='grc' dir='ltr'><strong><em>ἀποτελεῖν</em></strong></span> <span class='ocrx_word' id='word_1_110' title='bbox 491 949 559 993; x_wconf 77' lang='grc' dir='ltr'><strong><em>διὰ</em></strong></span> <span class='ocrx_word' id='word_1_111' title='bbox 580 949 626 991; x_wconf 85' lang='grc' dir='ltr'><strong><em>τὸ</em></strong></span> <span class='ocrx_word' id='word_1_112' title='bbox 650 947 847 1003; x_wconf 87' lang='grc' dir='ltr'><strong><em>σωμάτων</em></strong></span> <span class='ocrx_word' id='word_1_113' title='bbox 868 947 965 992; x_wconf 73' lang='grc' dir='ltr'><strong><em>εἶναι</em></strong></span> <span class='ocrx_word' id='word_1_114' title='bbox 986 948 1234 1006; x_wconf 83' lang='grc' dir='ltr'><strong><em>παρεκτικόν.</em></strong></span> <span class='ocrx_word' id='word_1_115' title='bbox 1270 948 1500 1005; x_wconf 77' lang='grc' dir='ltr'><strong><em>ἱερούργουν</em></strong></span> <span class='ocrx_word' id='word_1_116' title='bbox 1518 950 1563 991; x_wconf 75' lang='grc' dir='ltr'><strong><em>δὲ</em></strong></span> 
     </span>
     <span class='ocr_line' id='line_1_13' title="bbox 116 1016 1560 1074; baseline 0 -16"><span class='ocrx_word' id='word_1_117' title='bbox 116 1016 217 1072; x_wconf 82' lang='grc' dir='ltr'><strong><em>αὖτῇ</em></strong></span> <span class='ocrx_word' id='word_1_118' title='bbox 227 1021 356 1071; x_wconf 82' lang='grc' dir='ltr'><strong><em>χῆνας</em></strong></span> <span class='ocrx_word' id='word_1_119' title='bbox 372 1018 438 1058; x_wconf 81' lang='grc' dir='ltr'><strong><em>καὶ</em></strong></span> <span class='ocrx_word' id='word_1_120' title='bbox 460 1017 663 1073; x_wconf 85' lang='grc' dir='ltr'><strong><em>πέρδικας,</em></strong></span> <span class='ocrx_word' id='word_1_121' title='bbox 697 1017 758 1060; x_wconf 83' lang='grc' dir='ltr'><strong><em>ὅτι</em></strong></span> <span class='ocrx_word' id='word_1_122' title='bbox 780 1017 823 1059; x_wconf 79' lang='grc' dir='ltr'><strong><em>αἱ</em></strong></span> <span class='ocrx_word' id='word_1_123' title='bbox 839 1018 912 1071; x_wconf 71' lang='grc' dir='ltr'><strong><em>μὲν</em></strong></span> <span class='ocrx_word' id='word_1_124' title='bbox 929 1023 1011 1068; x_wconf 79' lang='grc' dir='ltr'><strong><em>τοῖς</em></strong></span> <span class='ocrx_word' id='word_1_125' title='bbox 1029 1017 1151 1059; x_wconf 72' lang='grc' dir='ltr'><strong><em>ὕδασι</em></strong></span> <span class='ocrx_word' id='word_1_126' title='bbox 1166 1018 1355 1074; x_wconf 82' lang='grc' dir='ltr'><strong><em>χαίρουσι</em></strong></span> <span class='ocrx_word' id='word_1_127' title='bbox 1373 1019 1560 1072; x_wconf 75' lang='grc' dir='ltr'><strong><em>(πελαγία</em></strong></span> 
     </span>
     <span class='ocr_line' id='line_1_14' title="bbox 115 1082 1559 1143; baseline 0.001 -17"><span class='ocrx_word' id='word_1_128' title='bbox 115 1085 160 1126; x_wconf 79' lang='grc' dir='ltr'><strong><em>δὲ</em></strong></span> <span class='ocrx_word' id='word_1_129' title='bbox 177 1082 466 1141; x_wconf 74' lang='grc' dir='ltr'><strong><em>ἧἈφροδίτη),</em></strong></span> <span class='ocrx_word' id='word_1_130' title='bbox 491 1085 527 1126; x_wconf 78' lang='grc' dir='ltr'><strong><em>οἱ</em></strong></span> <span class='ocrx_word' id='word_1_131' title='bbox 548 1086 592 1126; x_wconf 78' lang='grc' dir='ltr'><strong><em>δὲ</em></strong></span> <span class='ocrx_word' id='word_1_132' title='bbox 608 1092 695 1135; x_wconf 87' lang='grc' dir='ltr'><strong><em>ταῖς</em></strong></span> <span class='ocrx_word' id='word_1_133' title='bbox 713 1093 865 1143; x_wconf 69' lang='grc' dir='ltr'><strong><em>φωναῖς</em></strong></span> <span class='ocrx_word' id='word_1_134' title='bbox 879 1090 959 1129; x_wconf 81' lang='grc' dir='ltr'><strong><em>τῶν</em></strong></span> <span class='ocrx_word' id='word_1_135' title='bbox 977 1089 1152 1140; x_wconf 81' lang='grc' dir='ltr'><strong><em>θηλειῶν</em></strong></span> <span class='ocrx_word' id='word_1_136' title='bbox 1170 1084 1357 1140; x_wconf 85' lang='grc' dir='ltr'><strong><em>ἀγόμενοι</em></strong></span> <span class='ocrx_word' id='word_1_137' title='bbox 1375 1082 1559 1128; x_wconf 77' lang='grc' dir='ltr'><strong><em>ἁλίσκον-</em></strong></span> 
     </span>
     <span class='ocr_line' id='line_1_15' title="bbox 113 1153 1560 1211; baseline 0.001 -17"><span class='ocrx_word' id='word_1_138' title='bbox 113 1169 193 1194; x_wconf 87' lang='grc' dir='ltr'><strong><em>ται.</em></strong></span> <span class='ocrx_word' id='word_1_139' title='bbox 226 1157 418 1195; x_wconf 87' lang='grc' dir='ltr'><strong><em>τοσαῦται</em></strong></span> <span class='ocrx_word' id='word_1_140' title='bbox 438 1153 510 1206; x_wconf 73' lang='grc' dir='ltr'><strong><em>μὲν</em></strong></span> <span class='ocrx_word' id='word_1_141' title='bbox 529 1160 612 1203; x_wconf 78' lang='grc' dir='ltr'><strong><em>τοῖς</em></strong></span> <span class='ocrx_word' id='word_1_142' title='bbox 631 1158 816 1204; x_wconf 77' lang='grc' dir='ltr'><strong><em>παλαιοῖς</em></strong></span> <span class='ocrx_word' id='word_1_143' title='bbox 836 1153 877 1196; x_wconf 77' lang='grc' dir='ltr'><strong><em>αἱ</em></strong></span> <span class='ocrx_word' id='word_1_144' title='bbox 896 1156 984 1210; x_wconf 81' lang='grc' dir='ltr'><strong><em>περὶ</em></strong></span> <span class='ocrx_word' id='word_1_145' title='bbox 1001 1154 1241 1211; x_wconf 78' lang='grc' dir='ltr'><strong><em>Ἀφροδίτης</em></strong></span> <span class='ocrx_word' id='word_1_146' title='bbox 1258 1154 1362 1196; x_wconf 83' lang='grc' dir='ltr'><strong><em>κατὰ</em></strong></span> <span class='ocrx_word' id='word_1_147' title='bbox 1378 1154 1560 1208; x_wconf 75' lang='grc' dir='ltr'><strong><em>μυθικὴ-ν</em></strong></span> 
     </span>
     <span class='ocr_line' id='line_1_16' title="bbox 61 1220 1561 1279; baseline 0.001 -19"><span class='ocrx_word' id='word_1_148' title='bbox 61 1225 104 1260; x_wconf 83' lang='grc'><strong><em>15</em></strong></span> <span class='ocrx_word' id='word_1_149' title='bbox 115 1222 184 1262; x_wconf 79' lang='grc' dir='ltr'><strong><em>καὶ</em></strong></span> <span class='ocrx_word' id='word_1_150' title='bbox 205 1221 376 1277; x_wconf 76' lang='grc' dir='ltr'><strong><em>φυσικὴν</em></strong></span> <span class='ocrx_word' id='word_1_151' title='bbox 396 1222 574 1277; x_wconf 87' lang='grc' dir='ltr'><strong><em>θεωρίαν</em></strong></span> <span class='ocrx_word' id='word_1_152' title='bbox 593 1221 720 1271; x_wconf 77' lang='grc' dir='ltr'><strong><em>δόξαι.</em></strong></span> <span class='ocrx_word' id='word_1_153' title='bbox 748 1222 785 1263; x_wconf 81' lang='grc' dir='ltr'><strong><em>οἳ</em></strong></span> <span class='ocrx_word' id='word_1_154' title='bbox 803 1223 847 1264; x_wconf 78' lang='grc' dir='ltr'><strong><em>δὲ</em></strong></span> <span class='ocrx_word' id='word_1_155' title='bbox 869 1221 1086 1279; x_wconf 68' lang='grc' dir='ltr'><strong><em>φιλόσοφοι</em></strong></span> <span class='ocrx_word' id='word_1_156' title='bbox 1105 1220 1266 1276; x_wconf 82' lang='grc' dir='ltr'><strong><em>Διώνην</em></strong></span> <span class='ocrx_word' id='word_1_157' title='bbox 1282 1222 1356 1276; x_wconf 79' lang='grc' dir='ltr'><strong><em>τὴν</em></strong></span> <span class='ocrx_word' id='word_1_158' title='bbox 1367 1221 1561 1279; x_wconf 79' lang='grc' dir='ltr'><strong><em>Ἀφροδί-</em></strong></span> 
     </span>
     <span class='ocr_line' id='line_1_17' title="bbox 113 1285 1563 1347; baseline 0.001 -18"><span class='ocrx_word' id='word_1_159' title='bbox 113 1305 187 1342; x_wconf 89' lang='grc' dir='ltr'><strong><em>την</em></strong></span> <span class='ocrx_word' id='word_1_160' title='bbox 214 1287 314 1330; x_wconf 79' lang='grc' dir='ltr'><strong><em>εῗναί</em></strong></span> <span class='ocrx_word' id='word_1_161' title='bbox 332 1305 433 1345; x_wconf 74' lang='grc' dir='ltr'><strong><em>φασι</em></strong></span> <span class='ocrx_word' id='word_1_162' title='bbox 450 1288 523 1342; x_wconf 74' lang='grc' dir='ltr'><strong><em>τὴν</em></strong></span> <span class='ocrx_word' id='word_1_163' title='bbox 541 1288 611 1330; x_wconf 82' lang='grc' dir='ltr'><strong><em>διὰ</em></strong></span> <span class='ocrx_word' id='word_1_164' title='bbox 631 1287 788 1332; x_wconf 87' lang='grc' dir='ltr'><strong><em>πάντων</em></strong></span> <span class='ocrx_word' id='word_1_165' title='bbox 809 1285 933 1332; x_wconf 72' lang='grc' dir='ltr'><strong><em>οὖσαν</em></strong></span> <span class='ocrx_word' id='word_1_166' title='bbox 951 1294 1030 1332; x_wconf 84' lang='grc' dir='ltr'><strong><em>τῶν</em></strong></span> <span class='ocrx_word' id='word_1_167' title='bbox 1052 1288 1175 1332; x_wconf 68' lang='grc' dir='ltr'><strong><em>ὄντων</em></strong></span> <span class='ocrx_word' id='word_1_168' title='bbox 1192 1289 1334 1347; x_wconf 72' lang='grc' dir='ltr'><strong><em>φύσιν·</em></strong></span> <span class='ocrx_word' id='word_1_169' title='bbox 1367 1293 1563 1343; x_wconf 80' lang='grc' dir='ltr'><strong><em>τεχθῆναι</em></strong></span> 
     </span>
     <span class='ocr_line' id='line_1_18' title="bbox 115 1355 1562 1413; baseline 0.001 -16"><span class='ocrx_word' id='word_1_170' title='bbox 115 1357 162 1398; x_wconf 77' lang='grc' dir='ltr'><strong><em>δὲ</em></strong></span> <span class='ocrx_word' id='word_1_171' title='bbox 191 1355 316 1410; x_wconf 73' lang='grc' dir='ltr'><strong><em>αὐτὴν</em></strong></span> <span class='ocrx_word' id='word_1_172' title='bbox 337 1358 380 1398; x_wconf 75' lang='grc' dir='ltr'><strong><em>ἐκ</em></strong></span> <span class='ocrx_word' id='word_1_173' title='bbox 408 1361 487 1398; x_wconf 80' lang='grc' dir='ltr'><strong><em>τῶν</em></strong></span> <span class='ocrx_word' id='word_1_174' title='bbox 520 1356 705 1413; x_wconf 74' lang='grc' dir='ltr'><strong><em>Οὐρανοῦ</em></strong></span> <span class='ocrx_word' id='word_1_175' title='bbox 729 1358 888 1412; x_wconf 89' lang='grc' dir='ltr'><strong><em>μηδέων</em></strong></span> <span class='ocrx_word' id='word_1_176' title='bbox 910 1359 976 1399; x_wconf 83' lang='grc' dir='ltr'><strong><em>καὶ</em></strong></span> <span class='ocrx_word' id='word_1_177' title='bbox 998 1362 1071 1412; x_wconf 88' lang='grc' dir='ltr'><strong><em>τῆς</em></strong></span> <span class='ocrx_word' id='word_1_178' title='bbox 1096 1357 1327 1412; x_wconf 81' lang='grc' dir='ltr'><strong><em>Θαλάσσης,</em></strong></span> <span class='ocrx_word' id='word_1_179' title='bbox 1360 1358 1562 1400; x_wconf 74' lang='grc' dir='ltr'><strong><em>τουτέστιν</em></strong></span> 
     </span>
     <span class='ocr_line' id='line_1_19' title="bbox 115 1423 1565 1482; baseline 0.001 -17"><span class='ocrx_word' id='word_1_180' title='bbox 115 1424 158 1474; x_wconf 70' lang='grc' dir='ltr'><strong><em>ἐξ</em></strong></span> <span class='ocrx_word' id='word_1_181' title='bbox 182 1424 322 1480; x_wconf 77' lang='grc' dir='ltr'><strong><em>ἀρτίου</em></strong></span> <span class='ocrx_word' id='word_1_182' title='bbox 350 1423 531 1481; x_wconf 81' lang='grc' dir='ltr'><strong><em>ἀριθμοῦ</em></strong></span> <span class='ocrx_word' id='word_1_183' title='bbox 554 1427 620 1466; x_wconf 86' lang='grc' dir='ltr'><strong><em>καὶ</em></strong></span> <span class='ocrx_word' id='word_1_184' title='bbox 639 1430 838 1482; x_wconf 87' lang='grc' dir='ltr'><strong><em>περιττοῦ,</em></strong></span> <span class='ocrx_word' id='word_1_185' title='bbox 872 1427 939 1467; x_wconf 85' lang='grc' dir='ltr'><strong><em>καὶ</em></strong></span> <span class='ocrx_word' id='word_1_186' title='bbox 958 1431 1144 1481; x_wconf 84' lang='grc' dir='ltr'><strong><em>περιττοῦ</em></strong></span> <span class='ocrx_word' id='word_1_187' title='bbox 1165 1426 1239 1479; x_wconf 68' lang='grc' dir='ltr'><strong><em>μὲν</em></strong></span> <span class='ocrx_word' id='word_1_188' title='bbox 1260 1427 1304 1468; x_wconf 72' lang='grc' dir='ltr'><strong><em>ἐκ</em></strong></span> <span class='ocrx_word' id='word_1_189' title='bbox 1326 1431 1399 1468; x_wconf 85' lang='grc' dir='ltr'><strong><em>τοῦ</em></strong></span> <span class='ocrx_word' id='word_1_190' title='bbox 1422 1425 1565 1475; x_wconf 73' lang='grc' dir='ltr'><strong><em>εἴδους,</em></strong></span> 
     </span>
     <span class='ocr_line' id='line_1_20' title="bbox 114 1490 1566 1550; baseline 0.001 -17"><span class='ocrx_word' id='word_1_191' title='bbox 114 1490 254 1548; x_wconf 84' lang='grc' dir='ltr'><strong><em>ἀρτίου</em></strong></span> <span class='ocrx_word' id='word_1_192' title='bbox 285 1492 329 1534; x_wconf 72' lang='grc' dir='ltr'><strong><em>δὲ</em></strong></span> <span class='ocrx_word' id='word_1_193' title='bbox 357 1493 399 1534; x_wconf 72' lang='grc' dir='ltr'><strong><em>ἔκ</em></strong></span> <span class='ocrx_word' id='word_1_194' title='bbox 419 1496 491 1546; x_wconf 89' lang='grc' dir='ltr'><strong><em>τῆς</em></strong></span> <span class='ocrx_word' id='word_1_195' title='bbox 509 1491 747 1547; x_wconf 78' lang='grc' dir='ltr'><strong><em>θαλάσσης,</em></strong></span> <span class='ocrx_word' id='word_1_196' title='bbox 781 1494 960 1535; x_wconf 86' lang='grc' dir='ltr'><strong><em>τουτέστι</em></strong></span> <span class='ocrx_word' id='word_1_197' title='bbox 981 1498 1053 1547; x_wconf 86' lang='grc' dir='ltr'><strong><em>τῆς</em></strong></span> <span class='ocrx_word' id='word_1_198' title='bbox 1072 1493 1236 1550; x_wconf 81' lang='grc' dir='ltr'><strong><em>ἀπείρου</em></strong></span> <span class='ocrx_word' id='word_1_199' title='bbox 1255 1494 1368 1547; x_wconf 75' lang='grc' dir='ltr'><strong><em>ὕλης.</em></strong></span> <span class='ocrx_word' id='word_1_200' title='bbox 1400 1495 1566 1548; x_wconf 86' lang='grc' dir='ltr'><strong><em>Κίγκιος</em></strong></span> 
     </span>
     <span class='ocr_line' id='line_1_21' title="bbox 57 1557 1562 1618; baseline 0.001 -18"><span class='ocrx_word' id='word_1_201' title='bbox 57 1560 159 1603; x_wconf 66' lang='grc' dir='ltr'><strong><em>Ξθδὲ</em></strong></span> <span class='ocrx_word' id='word_1_202' title='bbox 178 1557 199 1601; x_wconf 82' lang='grc' dir='ltr'><em>ὃ</em></span> <span class='ocrx_word' id='word_1_203' title='bbox 217 1557 413 1614; x_wconf 79' lang='grc' dir='ltr'><strong><em>Ῥωμαῖος</em></strong></span> <span class='ocrx_word' id='word_1_204' title='bbox 435 1559 631 1617; x_wconf 75' lang='grc' dir='ltr'><strong><em>σοφιστῆς</em></strong></span> <span class='ocrx_word' id='word_1_205' title='bbox 656 1578 757 1618; x_wconf 81' lang='grc' dir='ltr'><strong><em>φησι</em></strong></span> <span class='ocrx_word' id='word_1_206' title='bbox 782 1562 855 1615; x_wconf 83' lang='grc' dir='ltr'><strong><em>τὴν</em></strong></span> <span class='ocrx_word' id='word_1_207' title='bbox 871 1561 1114 1618; x_wconf 79' lang='grc' dir='ltr'><strong><em>Ἀφροδίτην</em></strong></span> <span class='ocrx_word' id='word_1_208' title='bbox 1136 1563 1177 1612; x_wconf 74' lang='grc' dir='ltr'><strong><em>ἐξ</em></strong></span> <span class='ocrx_word' id='word_1_209' title='bbox 1202 1561 1337 1618; x_wconf 78' lang='grc' dir='ltr'><strong><em>ἀφροῦ</em></strong></span> <span class='ocrx_word' id='word_1_210' title='bbox 1355 1565 1562 1616; x_wconf 80' lang='grc' dir='ltr'><strong><em>τεχθῆναι,</em></strong></span> 
     </span>
     <span class='ocr_line' id='line_1_22' title="bbox 60 1617 1564 1687; baseline 0.001 -17"><span class='ocrx_word' id='word_1_211' title='bbox 60 1617 83 1622; x_wconf 57' lang='lat'><em>-</em></span> <span class='ocrx_word' id='word_1_212' title='bbox 114 1627 231 1670; x_wconf 72' lang='grc' dir='ltr'><strong><em>οἱονεὶ</em></strong></span> <span class='ocrx_word' id='word_1_213' title='bbox 250 1627 292 1670; x_wconf 73' lang='grc' dir='ltr'><strong><em>ἐκ</em></strong></span> <span class='ocrx_word' id='word_1_214' title='bbox 310 1632 381 1670; x_wconf 87' lang='grc' dir='ltr'><strong><em>τοῦ</em></strong></span> <span class='ocrx_word' id='word_1_215' title='bbox 399 1627 622 1682; x_wconf 82' lang='grc' dir='ltr'><strong><em>χιονώδους</em></strong></span> <span class='ocrx_word' id='word_1_216' title='bbox 641 1629 758 1687; x_wconf 83' lang='grc' dir='ltr'><strong><em>ἀέρος</em></strong></span> <span class='ocrx_word' id='word_1_217' title='bbox 776 1631 843 1672; x_wconf 86' lang='grc' dir='ltr'><strong><em>καὶ</em></strong></span> <span class='ocrx_word' id='word_1_218' title='bbox 868 1634 942 1684; x_wconf 91' lang='grc' dir='ltr'><strong><em>τῆς</em></strong></span> <span class='ocrx_word' id='word_1_219' title='bbox 956 1634 1120 1686; x_wconf 78' lang='grc' dir='ltr'><strong><em>ψυχρᾶς</em></strong></span> <span class='ocrx_word' id='word_1_220' title='bbox 1138 1629 1276 1679; x_wconf 72' lang='grc' dir='ltr'><strong><em>οὐσίας</em></strong></span> <span class='ocrx_word' id='word_1_221' title='bbox 1295 1629 1341 1671; x_wconf 84' lang='grc' dir='ltr'><strong><em>τὸ</em></strong></span> <span class='ocrx_word' id='word_1_222' title='bbox 1364 1629 1435 1686; x_wconf 72' lang='grc' dir='ltr'><strong><em>ἴαρ</em></strong></span> <span class='ocrx_word' id='word_1_223' title='bbox 1460 1629 1564 1671; x_wconf 85' lang='grc' dir='ltr'><strong><em>ἀπο-</em></strong></span> 
     </span>
     <span class='ocr_line' id='line_1_23' title="bbox 112 1693 1692 1758; baseline 0.001 -18"><span class='ocrx_word' id='word_1_224' title='bbox 112 1699 317 1752; x_wconf 85' lang='grc' dir='ltr'><strong><em>τεχθῆναι.</em></strong></span> <span class='ocrx_word' id='word_1_225' title='bbox 351 1700 527 1739; x_wconf 86' lang='grc' dir='ltr'><strong><em>τοσαῦτα</em></strong></span> <span class='ocrx_word' id='word_1_226' title='bbox 556 1698 646 1754; x_wconf 81' lang='grc' dir='ltr'><strong><em>περὶ</em></strong></span> <span class='ocrx_word' id='word_1_227' title='bbox 667 1697 909 1755; x_wconf 79' lang='grc' dir='ltr'><strong><em>Ἀφροδίτης</em></strong></span> <span class='ocrx_word' id='word_1_228' title='bbox 937 1697 1195 1753; x_wconf 82' lang='grc' dir='ltr'><strong><em>ἀνατεθῆναι.</em></strong></span> <span class='ocrx_word' id='word_1_229' title='bbox 1237 1697 1366 1748; x_wconf 78' lang='grc' dir='ltr'><strong><em>οὕτως</em></strong></span> <span class='ocrx_word' id='word_1_230' title='bbox 1390 1699 1463 1753; x_wconf 75' lang='grc' dir='ltr'><strong><em>μὲν</em></strong></span> <span class='ocrx_word' id='word_1_231' title='bbox 1495 1693 1565 1741; x_wconf 71' lang='grc' dir='ltr'><strong><em>οὖν</em></strong></span> <span class='ocrx_word' id='word_1_232' title='bbox 1587 1721 1625 1758; x_wconf 82' lang='lat' dir='ltr'><strong><em>p.</em></strong></span> <span class='ocrx_word' id='word_1_233' title='bbox 1648 1711 1692 1747; x_wconf 88' lang='lat'><strong><em>91</em></strong></span> 
     </span>
     <span class='ocr_line' id='line_1_24' title="bbox 149 1800 1563 1850; baseline 0.002 -14"><span class='ocrx_word' id='word_1_234' title='bbox 149 1811 154 1815; x_wconf 77' lang='grc'><strong><em>’</em></strong></span> <span class='ocrx_word' id='word_1_235' title='bbox 206 1803 248 1837; x_wconf 89' lang='grc'><strong><em>11</em></strong></span> <span class='ocrx_word' id='word_1_236' title='bbox 281 1800 499 1844; x_wconf 78' lang='grc' dir='ltr'><strong><em>παρεκτικόν</em></strong></span> <span class='ocrx_word' id='word_1_237' title='bbox 528 1803 570 1847; x_wconf 86' lang='grc' dir='ltr'><strong><em>Ρ,</em></strong></span> <span class='ocrx_word' id='word_1_238' title='bbox 599 1801 820 1848; x_wconf 80' lang='grc' dir='ltr'><strong><em>ταρακτικόν</em></strong></span> <span class='ocrx_word' id='word_1_239' title='bbox 839 1803 887 1838; x_wconf 87' lang='lat' dir='ltr'><strong><em>V.</em></strong></span> <span class='ocrx_word' id='word_1_240' title='bbox 1043 1804 1085 1839; x_wconf 89' lang='lat'><strong><em>15</em></strong></span> <span class='ocrx_word' id='word_1_241' title='bbox 1118 1801 1280 1848; x_wconf 85' lang='grc' dir='ltr'><strong><em>φυσικὴν</em></strong></span> <span class='ocrx_word' id='word_1_242' title='bbox 1313 1804 1563 1850; x_wconf 82' lang='lat' dir='ltr'><strong>Boissonadus,</strong></span> 
     </span>
    </p>
   </div>
   <div class='ocr_carea' id='block_1_3' title="bbox 201 1846 1564 1940">
    <p class='ocr_par' dir='ltr' id='par_1_3' title="bbox 201 1846 1564 1940">
     <span class='ocr_line' id='line_1_25' title="bbox 201 1846 1564 1897; baseline 0.003 -15"><span class='ocrx_word' id='word_1_243' title='bbox 201 1846 318 1892; x_wconf 81' lang='grc' dir='ltr'><strong><em>φασὶν</em></strong></span> <span class='ocrx_word' id='word_1_244' title='bbox 336 1847 380 1892; x_wconf 87' lang='lat' dir='ltr'><strong><em>V,</em></strong></span> <span class='ocrx_word' id='word_1_245' title='bbox 404 1847 495 1890; x_wconf 76' lang='grc' dir='ltr'><strong><em>φασὶ</em></strong></span> <span class='ocrx_word' id='word_1_246' title='bbox 512 1847 556 1883; x_wconf 88' lang='lat' dir='ltr'><strong><em>P.</em></strong></span> <span class='ocrx_word' id='word_1_247' title='bbox 680 1850 723 1884; x_wconf 90' lang='lat'><strong><em>16</em></strong></span> <span class='ocrx_word' id='word_1_248' title='bbox 745 1849 902 1894; x_wconf 82' lang='grc' dir='ltr'><strong><em>τεθῆναι</em></strong></span> <span class='ocrx_word' id='word_1_249' title='bbox 924 1849 972 1884; x_wconf 85' lang='lat' dir='ltr'><strong><em>V.</em></strong></span> <span class='ocrx_word' id='word_1_250' title='bbox 1089 1850 1136 1885; x_wconf 77' lang='lat'><strong><em>22</em></strong></span> <span class='ocrx_word' id='word_1_251' title='bbox 1158 1847 1403 1896; x_wconf 74' lang='grc' dir='ltr'><strong><em>ἀνατεθῆναι]</em></strong></span> <span class='ocrx_word' id='word_1_252' title='bbox 1427 1846 1453 1897; x_wconf 78' lang='grc' dir='ltr'><em>ᾗ</em></span> <span class='ocrx_word' id='word_1_253' title='bbox 1473 1849 1564 1886; x_wconf 79' lang='grc' dir='ltr'><strong><em>οἰνα-</em></strong></span> 
     </span>
     <span class='ocr_line' id='line_1_26' title="bbox 202 1892 1069 1940; baseline 0.003 -13"><span class='ocrx_word' id='word_1_254' title='bbox 202 1893 359 1937; x_wconf 79' lang='grc' dir='ltr'><strong><em>τεθῆναι</em></strong></span> <span class='ocrx_word' id='word_1_255' title='bbox 376 1892 444 1930; x_wconf 86' lang='grc' dir='ltr'><strong><em>τὸν</em></strong></span> <span class='ocrx_word' id='word_1_256' title='bbox 464 1892 640 1939; x_wconf 62' lang='lat' dir='ltr'><strong><em>’Auen-ton</em></strong></span> <span class='ocrx_word' id='word_1_257' title='bbox 659 1892 836 1940; x_wconf 77' lang='grc' dir='ltr'><strong><em>ἐλέγομεν.</em></strong></span> <span class='ocrx_word' id='word_1_258' title='bbox 858 1895 1069 1930; x_wconf 83' lang='lat' dir='ltr'><strong>Roetherus.</strong></span> 
     </span>
    </p>
   </div>
   <div class='ocr_carea' id='block_1_4' title="bbox 112 1983 1568 2854">
    <p class='ocr_par' dir='ltr' id='par_1_4' title="bbox 112 1983 1563 2122">
     <span class='ocr_line' id='line_1_27' title="bbox 114 1983 1562 2030; baseline 0.003 -13"><span class='ocrx_word' id='word_1_259' title='bbox 114 1994 192 2018; x_wconf 76' lang='lat' dir='ltr'><strong>esse</strong></span> <span class='ocrx_word' id='word_1_260' title='bbox 214 1983 320 2018; x_wconf 81' lang='lat' dir='ltr'><strong>Caelo</strong></span> <span class='ocrx_word' id='word_1_261' title='bbox 338 1987 375 2018; x_wconf 85' lang='lat' dir='ltr'><strong>et</strong></span> <span class='ocrx_word' id='word_1_262' title='bbox 391 1985 460 2019; x_wconf 86' lang='lat' dir='ltr'><strong><em>Die</em></strong></span> <span class='ocrx_word' id='word_1_263' title='bbox 482 1990 594 2020; x_wconf 80' lang='lat' dir='ltr'><strong>natam</strong></span> <span class='ocrx_word' id='word_1_264' title='bbox 605 2012 615 2030; x_wconf 86' lang='lat'>‚</span> <span class='ocrx_word' id='word_1_265' title='bbox 634 1997 723 2030; x_wconf 78' lang='lat' dir='ltr'><strong>quae</strong></span> <span class='ocrx_word' id='word_1_266' title='bbox 742 1984 876 2019; x_wconf 79' lang='lat' dir='ltr'><strong>Urania</strong></span> <span class='ocrx_word' id='word_1_267' title='bbox 893 1988 1059 2027; x_wconf 57' lang='lat' dir='ltr'><strong><em>vocatum</em></strong></span> <span class='ocrx_word' id='word_1_268' title='bbox 1079 1985 1264 2020; x_wconf 81' lang='lat' dir='ltr'><strong>secundam</strong></span> <span class='ocrx_word' id='word_1_269' title='bbox 1282 1985 1413 2030; x_wconf 83' lang='lat' dir='ltr'>Spuma</span> <span class='ocrx_word' id='word_1_270' title='bbox 1431 1989 1468 2020; x_wconf 81' lang='lat' dir='ltr'><strong>et</strong></span> <span class='ocrx_word' id='word_1_271' title='bbox 1484 1986 1562 2021; x_wconf 87' lang='lat' dir='ltr'>Eu·-</span> 
     </span>
     <span class='ocr_line' id='line_1_28' title="bbox 112 2029 1563 2076; baseline 0.001 -13"><span class='ocrx_word' id='word_1_272' title='bbox 112 2039 258 2072; x_wconf 83' lang='lat' dir='ltr'><strong>rynome</strong></span> <span class='ocrx_word' id='word_1_273' title='bbox 287 2029 422 2065; x_wconf 82' lang='lat' dir='ltr'>Oceani</span> <span class='ocrx_word' id='word_1_274' title='bbox 449 2031 522 2065; x_wconf 80' lang='lat' dir='ltr'><strong><em>filia</em></strong></span> <span class='ocrx_word' id='word_1_275' title='bbox 555 2037 795 2076; x_wconf 68' lang='lat' dir='ltr'><strong>procreatam3</strong></span> <span class='ocrx_word' id='word_1_276' title='bbox 828 2035 865 2064; x_wconf 85' lang='lat' dir='ltr'><strong>et</strong></span> <span class='ocrx_word' id='word_1_277' title='bbox 889 2031 1028 2064; x_wconf 78' lang='lat' dir='ltr'>tertiam</span> <span class='ocrx_word' id='word_1_278' title='bbox 1059 2031 1254 2066; x_wconf 78' lang='lat' dir='ltr'><strong>adiunctam</strong></span> <span class='ocrx_word' id='word_1_279' title='bbox 1281 2031 1457 2066; x_wconf 84' lang='lat' dir='ltr'><strong>Mercurio</strong></span> <span class='ocrx_word' id='word_1_280' title='bbox 1487 2032 1563 2066; x_wconf 88' lang='lat' dir='ltr'><strong>Nili</strong></span> 
     </span>
     <span class='ocr_line' id='line_1_29' title="bbox 113 2074 1563 2122; baseline 0.003 -15"><span class='ocrx_word' id='word_1_281' title='bbox 113 2074 207 2119; x_wconf 85' lang='lat' dir='ltr'><strong>filio,</strong></span> <span class='ocrx_word' id='word_1_282' title='bbox 230 2086 273 2108; x_wconf 88' lang='lat' dir='ltr'><strong>ex</strong></span> <span class='ocrx_word' id='word_1_283' title='bbox 291 2086 360 2119; x_wconf 73' lang='lat' dir='ltr'><strong><em>qua</em></strong></span> <span class='ocrx_word' id='word_1_284' title='bbox 378 2082 414 2110; x_wconf 79' lang='lat' dir='ltr'><strong>et</strong></span> <span class='ocrx_word' id='word_1_285' title='bbox 432 2077 568 2122; x_wconf 86' lang='lat' dir='ltr'>Cupido</span> <span class='ocrx_word' id='word_1_286' title='bbox 589 2077 760 2110; x_wconf 80' lang='lat' dir='ltr'><strong><em>secundus</em></strong></span> <span class='ocrx_word' id='word_1_287' title='bbox 782 2081 882 2110; x_wconf 83' lang='lat' dir='ltr'><strong>natus</strong></span> <span class='ocrx_word' id='word_1_288' title='bbox 901 2075 1047 2119; x_wconf 83' lang='lat' dir='ltr'><strong>dicitur,</strong></span> <span class='ocrx_word' id='word_1_289' title='bbox 1069 2076 1100 2110; x_wconf 79' lang='lat' dir='ltr'><strong>is</strong></span> <span class='ocrx_word' id='word_1_290' title='bbox 1123 2077 1183 2121; x_wconf 91' lang='lat' dir='ltr'><strong><em>qui</em></strong></span> <span class='ocrx_word' id='word_1_291' title='bbox 1202 2077 1264 2111; x_wconf 86' lang='lat' dir='ltr'><strong>alis</strong></span> <span class='ocrx_word' id='word_1_292' title='bbox 1283 2074 1462 2121; x_wconf 81' lang='lat' dir='ltr'><strong>pmedi&#39;tus</strong></span> <span class='ocrx_word' id='word_1_293' title='bbox 1487 2082 1563 2119; x_wconf 80' lang='lat' dir='ltr'><strong>est3</strong></span> 
     </span>
    </p>

    <p class='ocr_par' dir='ltr' id='par_1_5' title="bbox 115 2121 1568 2854">
     <span class='ocr_line' id='line_1_30' title="bbox 139 2121 1564 2168; baseline 0.002 -14"><span class='ocrx_word' id='word_1_294' title='bbox 139 2125 272 2154; x_wconf 73' lang='lat' dir='ltr'><strong>uartmn</strong></span> <span class='ocrx_word' id='word_1_295' title='bbox 291 2121 378 2155; x_wconf 82' lang='lat' dir='ltr'><strong>Iove</strong></span> <span class='ocrx_word' id='word_1_296' title='bbox 397 2128 511 2156; x_wconf 77' lang='lat' dir='ltr'><strong>natam</strong></span> <span class='ocrx_word' id='word_1_297' title='bbox 530 2127 567 2156; x_wconf 83' lang='lat' dir='ltr'><strong>et</strong></span> <span class='ocrx_word' id='word_1_298' title='bbox 584 2122 700 2156; x_wconf 85' lang='lat' dir='ltr'><strong>Diona</strong></span> <span class='ocrx_word' id='word_1_299' title='bbox 712 2148 722 2165; x_wconf 89' lang='lat'>‚</span> <span class='ocrx_word' id='word_1_300' title='bbox 742 2133 831 2166; x_wconf 81' lang='lat' dir='ltr'><strong>quae</strong></span> <span class='ocrx_word' id='word_1_301' title='bbox 856 2122 974 2166; x_wconf 77' lang='lat' dir='ltr'><strong>nupsit</strong></span> <span class='ocrx_word' id='word_1_302' title='bbox 997 2121 1151 2156; x_wconf 84' lang='lat' dir='ltr'><strong>Vulcano</strong></span> <span class='ocrx_word' id='word_1_303' title='bbox 1163 2148 1173 2166; x_wconf 92' lang='lat'>‚</span> <span class='ocrx_word' id='word_1_304' title='bbox 1195 2134 1270 2156; x_wconf 90' lang='lat' dir='ltr'><strong><em>cum</em></strong></span> <span class='ocrx_word' id='word_1_305' title='bbox 1291 2134 1359 2167; x_wconf 88' lang='lat' dir='ltr'><strong><em>qua</em></strong></span> <span class='ocrx_word' id='word_1_306' title='bbox 1379 2127 1564 2168; x_wconf 80' lang='lat' dir='ltr'>postquam</span> 
     </span>
     <span class='ocr_line' id='line_1_31' title="bbox 115 2164 1563 2214; baseline 0.003 -16"><span class='ocrx_word' id='word_1_307' title='bbox 115 2177 136 2199; x_wconf 77' lang='lat' dir='ltr'><strong>e</strong></span> <span class='ocrx_word' id='word_1_308' title='bbox 148 2176 202 2199; x_wconf 84' lang='lat' dir='ltr'><strong><em>am</em></strong></span> <span class='ocrx_word' id='word_1_309' title='bbox 221 2164 306 2200; x_wconf 86' lang='lat' dir='ltr'><strong>coiit</strong></span> <span class='ocrx_word' id='word_1_310' title='bbox 323 2167 419 2201; x_wconf 86' lang='lat' dir='ltr'><strong>Mars</strong></span> <span class='ocrx_word' id='word_1_311' title='bbox 433 2193 442 2211; x_wconf 91' lang='lat'>,</span> <span class='ocrx_word' id='word_1_312' title='bbox 460 2169 660 2212; x_wconf 81' lang='lat' dir='ltr'><strong>procreavit</strong></span> <span class='ocrx_word' id='word_1_313' title='bbox 678 2167 860 2202; x_wconf 79' lang='lat' dir='ltr'><strong>Anterota.</strong></span> <span class='ocrx_word' id='word_1_314' title='bbox 898 2172 1043 2201; x_wconf 84' lang='lat' dir='ltr'><strong><em>vocatur</em></strong></span> <span class='ocrx_word' id='word_1_315' title='bbox 1064 2172 1177 2201; x_wconf 84' lang='lat' dir='ltr'><strong>autem</strong></span> <span class='ocrx_word' id='word_1_316' title='bbox 1194 2179 1300 2213; x_wconf 74' lang='lat' dir='ltr'><strong>saepe</strong></span> <span class='ocrx_word' id='word_1_317' title='bbox 1323 2173 1359 2203; x_wconf 88' lang='lat' dir='ltr'><strong>et</strong></span> <span class='ocrx_word' id='word_1_318' title='bbox 1376 2168 1563 2214; x_wconf 67' lang='lat' dir='ltr'><strong>Pasiphae,</strong></span> 
     </span>
     <span class='ocr_line' id='line_1_32' title="bbox 115 2209 1563 2257; baseline 0.003 -13"><span class='ocrx_word' id='word_1_319' title='bbox 115 2209 142 2244; x_wconf 88' lang='lat' dir='ltr'><strong>i.</strong></span> <span class='ocrx_word' id='word_1_320' title='bbox 165 2222 198 2245; x_wconf 86' lang='lat' dir='ltr'><strong>e.</strong></span> <span class='ocrx_word' id='word_1_321' title='bbox 228 2222 317 2255; x_wconf 86' lang='lat' dir='ltr'><strong>quae</strong></span> <span class='ocrx_word' id='word_1_322' title='bbox 342 2213 379 2246; x_wconf 90' lang='lat' dir='ltr'><strong>in</strong></span> <span class='ocrx_word' id='word_1_323' title='bbox 397 2223 513 2247; x_wconf 90' lang='lat' dir='ltr'><strong>omnes</strong></span> <span class='ocrx_word' id='word_1_324' title='bbox 531 2213 686 2247; x_wconf 76' lang='lat' dir='ltr'><strong>immittit</strong></span> <span class='ocrx_word' id='word_1_325' title='bbox 701 2212 932 2257; x_wconf 80' lang='lat' dir='ltr'><strong>voluptatem3</strong></span> <span class='ocrx_word' id='word_1_326' title='bbox 958 2219 995 2247; x_wconf 84' lang='lat' dir='ltr'><strong>et</strong></span> <span class='ocrx_word' id='word_1_327' title='bbox 1021 2212 1178 2256; x_wconf 80' lang='lat' dir='ltr'><strong>Erycine</strong></span> <span class='ocrx_word' id='word_1_328' title='bbox 1198 2215 1242 2247; x_wconf 77' lang='lat' dir='ltr'><strong><em>ab</em></strong></span> <span class='ocrx_word' id='word_1_329' title='bbox 1264 2215 1447 2249; x_wconf 83' lang='lat' dir='ltr'><strong>excitando</strong></span> <span class='ocrx_word' id='word_1_330' title='bbox 1467 2226 1563 2248; x_wconf 85' lang='lat' dir='ltr'><strong>amo-</strong></span> 
     </span>
     <span class='ocr_line' id='line_1_33' title="bbox 115 2255 1565 2304; baseline 0.003 -16"><span class='ocrx_word' id='word_1_331' title='bbox 115 2267 188 2289; x_wconf 79' lang='lat' dir='ltr'><strong>res.</strong></span> <span class='ocrx_word' id='word_1_332' title='bbox 224 2255 283 2290; x_wconf 85' lang='lat' dir='ltr'><strong>illa</strong></span> <span class='ocrx_word' id='word_1_333' title='bbox 301 2262 415 2292; x_wconf 81' lang='lat' dir='ltr'><strong>autem</strong></span> <span class='ocrx_word' id='word_1_334' title='bbox 435 2263 472 2292; x_wconf 83' lang='lat' dir='ltr'><strong>et</strong></span> <span class='ocrx_word' id='word_1_335' title='bbox 494 2258 668 2293; x_wconf 89' lang='lat' dir='ltr'>Mercurio</span> <span class='ocrx_word' id='word_1_336' title='bbox 694 2259 1023 2304; x_wconf 81' lang='lat' dir='ltr'>Hermaphroditum</span> <span class='ocrx_word' id='word_1_337' title='bbox 1045 2263 1262 2303; x_wconf 84' lang='lat' dir='ltr'><strong>procreatum</strong></span> <span class='ocrx_word' id='word_1_338' title='bbox 1283 2260 1430 2303; x_wconf 85' lang='lat' dir='ltr'><strong>docent,</strong></span> <span class='ocrx_word' id='word_1_339' title='bbox 1463 2259 1565 2304; x_wconf 82' lang='lat' dir='ltr'>quasi</span> 
     </span>
     <span class='ocr_line' id='line_1_34' title="bbox 115 2301 1564 2349; baseline 0.002 -15"><span class='ocrx_word' id='word_1_340' title='bbox 115 2301 279 2335; x_wconf 78' lang='lat' dir='ltr'>disertam</span> <span class='ocrx_word' id='word_1_341' title='bbox 305 2307 342 2337; x_wconf 84' lang='lat' dir='ltr'><strong>et</strong></span> <span class='ocrx_word' id='word_1_342' title='bbox 362 2305 525 2338; x_wconf 86' lang='lat' dir='ltr'><strong>urbanam</strong></span> <span class='ocrx_word' id='word_1_343' title='bbox 544 2305 754 2349; x_wconf 79' lang='lat' dir='ltr'><strong>orationem,</strong></span> <span class='ocrx_word' id='word_1_344' title='bbox 776 2316 865 2349; x_wconf 79' lang='lat' dir='ltr'><strong>quae</strong></span> <span class='ocrx_word' id='word_1_345' title='bbox 883 2304 1062 2349; x_wconf 70' lang='lat' dir='ltr'><strong>voluptate</strong></span> <span class='ocrx_word' id='word_1_346' title='bbox 1083 2315 1125 2338; x_wconf 86' lang='lat' dir='ltr'><strong>ea</strong></span> <span class='ocrx_word' id='word_1_347' title='bbox 1145 2315 1234 2348; x_wconf 83' lang='lat' dir='ltr'><strong>quae</strong></span> <span class='ocrx_word' id='word_1_348' title='bbox 1252 2305 1339 2339; x_wconf 88' lang='lat' dir='ltr'><strong><em>dura</em></strong></span> <span class='ocrx_word' id='word_1_349' title='bbox 1356 2311 1438 2338; x_wconf 86' lang='lat' dir='ltr'><strong><em>sunt</em></strong></span> <span class='ocrx_word' id='word_1_350' title='bbox 1455 2305 1564 2339; x_wconf 81' lang='lat' dir='ltr'><strong>emol-</strong></span> 
     </span>
     <span class='ocr_line' id='line_1_35' title="bbox 115 2346 1565 2395; baseline 0.003 -15"><span class='ocrx_word' id='word_1_351' title='bbox 115 2346 169 2381; x_wconf 79' lang='lat' dir='ltr'><strong>lit.</strong></span> <span class='ocrx_word' id='word_1_352' title='bbox 206 2346 307 2381; x_wconf 80' lang='lat' dir='ltr'><strong><em>huius</em></strong></span> <span class='ocrx_word' id='word_1_353' title='bbox 328 2355 441 2383; x_wconf 81' lang='lat' dir='ltr'><strong>autem</strong></span> <span class='ocrx_word' id='word_1_354' title='bbox 459 2349 590 2384; x_wconf 80' lang='lat' dir='ltr'><strong>stellam</strong></span> <span class='ocrx_word' id='word_1_355' title='bbox 612 2350 725 2384; x_wconf 87' lang='lat' dir='ltr'><strong>lunam</strong></span> <span class='ocrx_word' id='word_1_356' title='bbox 742 2350 899 2385; x_wconf 75' lang='lat' dir='ltr'><strong>comitari</strong></span> <span class='ocrx_word' id='word_1_357' title='bbox 917 2351 1036 2384; x_wconf 88' lang='lat' dir='ltr'><strong>dicunt</strong></span> <span class='ocrx_word' id='word_1_358' title='bbox 1052 2354 1197 2395; x_wconf 88' lang='lat' dir='ltr'><strong>propter</strong></span> <span class='ocrx_word' id='word_1_359' title='bbox 1213 2357 1398 2385; x_wconf 83' lang='lat' dir='ltr'><strong>nocturnas</strong></span> <span class='ocrx_word' id='word_1_360' title='bbox 1417 2362 1565 2384; x_wconf 85' lang='lat' dir='ltr'><strong>consue·</strong></span> 
     </span>
     <span class='ocr_line' id='line_1_36' title="bbox 116 2391 1563 2441; baseline 0.003 -16"><span class='ocrx_word' id='word_1_361' title='bbox 116 2391 273 2434; x_wconf 53' lang='lat' dir='ltr'><strong>tudinem</strong></span> <span class='ocrx_word' id='word_1_362' title='bbox 304 2395 396 2428; x_wconf 87' lang='lat' dir='ltr'><strong>unde</strong></span> <span class='ocrx_word' id='word_1_363' title='bbox 419 2400 455 2430; x_wconf 86' lang='lat' dir='ltr'><strong>et</strong></span> <span class='ocrx_word' id='word_1_364' title='bbox 472 2397 624 2430; x_wconf 78' lang='lat' dir='ltr'>umbram</span> <span class='ocrx_word' id='word_1_365' title='bbox 649 2396 743 2430; x_wconf 87' lang='lat' dir='ltr'><strong>illum</strong></span> <span class='ocrx_word' id='word_1_366' title='bbox 765 2396 925 2439; x_wconf 85' lang='lat' dir='ltr'><strong>efficere,</strong></span> <span class='ocrx_word' id='word_1_367' title='bbox 951 2401 1140 2440; x_wconf 85' lang='lat' dir='ltr'><strong>propterea</strong></span> <span class='ocrx_word' id='word_1_368' title='bbox 1160 2397 1254 2439; x_wconf 90' lang='lat' dir='ltr'><strong><em>quod</em></strong></span> <span class='ocrx_word' id='word_1_369' title='bbox 1277 2407 1424 2441; x_wconf 85' lang='lat' dir='ltr'><strong>corpora</strong></span> <span class='ocrx_word' id='word_1_370' title='bbox 1445 2396 1563 2429; x_wconf 87' lang='lat' dir='ltr'><strong>conci-</strong></span> 
     </span>
     <span class='ocr_line' id='line_1_37' title="bbox 116 2436 1567 2486; baseline 0.003 -15"><span class='ocrx_word' id='word_1_371' title='bbox 116 2436 225 2472; x_wconf 76' lang='lat' dir='ltr'><strong>liandi</strong></span> <span class='ocrx_word' id='word_1_372' title='bbox 242 2438 314 2472; x_wconf 83' lang='lat' dir='ltr'><strong>vim</strong></span> <span class='ocrx_word' id='word_1_373' title='bbox 342 2439 460 2475; x_wconf 82' lang='lat' dir='ltr'><strong>habet.</strong></span> <span class='ocrx_word' id='word_1_374' title='bbox 495 2442 740 2476; x_wconf 80' lang='lat' dir='ltr'><strong><em>sacrificabant</em></strong></span> <span class='ocrx_word' id='word_1_375' title='bbox 769 2447 883 2476; x_wconf 81' lang='lat' dir='ltr'><strong>autem</strong></span> <span class='ocrx_word' id='word_1_376' title='bbox 917 2442 950 2475; x_wconf 88' lang='lat' dir='ltr'><strong><em>ei</em></strong></span> <span class='ocrx_word' id='word_1_377' title='bbox 974 2451 1115 2474; x_wconf 84' lang='lat' dir='ltr'><strong>anseres</strong></span> <span class='ocrx_word' id='word_1_378' title='bbox 1136 2452 1178 2474; x_wconf 82' lang='lat' dir='ltr'><strong><em>ac</em></strong></span> <span class='ocrx_word' id='word_1_379' title='bbox 1196 2442 1356 2486; x_wconf 87' lang='lat' dir='ltr'><strong>perdices</strong></span> <span class='ocrx_word' id='word_1_380' title='bbox 1370 2467 1379 2484; x_wconf 89' lang='lat'>‚</span> <span class='ocrx_word' id='word_1_381' title='bbox 1402 2443 1495 2485; x_wconf 89' lang='lat' dir='ltr'><strong><em>quod</em></strong></span> <span class='ocrx_word' id='word_1_382' title='bbox 1514 2441 1567 2475; x_wconf 84' lang='lat' dir='ltr'><strong>illi</strong></span> 
     </span>
     <span class='ocr_line' id='line_1_38' title="bbox 116 2482 1565 2531; baseline 0.004 -16"><span class='ocrx_word' id='word_1_383' title='bbox 116 2482 217 2527; x_wconf 73' lang='lat' dir='ltr'><strong>aquis</strong></span> <span class='ocrx_word' id='word_1_384' title='bbox 239 2486 392 2528; x_wconf 77' lang='lat' dir='ltr'><strong>gaudent</strong></span> <span class='ocrx_word' id='word_1_385' title='bbox 419 2487 568 2530; x_wconf 77' lang='lat' dir='ltr'><strong>(marina</strong></span> <span class='ocrx_word' id='word_1_386' title='bbox 584 2493 699 2522; x_wconf 80' lang='lat' dir='ltr'><strong>autem</strong></span> <span class='ocrx_word' id='word_1_387' title='bbox 720 2487 880 2531; x_wconf 88' lang='lat' dir='ltr'><strong>Venus),</strong></span> <span class='ocrx_word' id='word_1_388' title='bbox 908 2486 946 2520; x_wconf 90' lang='lat' dir='ltr'><strong>hi</strong></span> <span class='ocrx_word' id='word_1_389' title='bbox 971 2486 1116 2520; x_wconf 85' lang='lat' dir='ltr'><strong>vocibus</strong></span> <span class='ocrx_word' id='word_1_390' title='bbox 1141 2487 1345 2520; x_wconf 84' lang='lat' dir='ltr'><strong>feminarum</strong></span> <span class='ocrx_word' id='word_1_391' title='bbox 1372 2486 1486 2520; x_wconf 82' lang='lat' dir='ltr'><strong>allecti</strong></span> <span class='ocrx_word' id='word_1_392' title='bbox 1505 2499 1565 2521; x_wconf 90' lang='lat' dir='ltr'><strong><em>ca-</em></strong></span> 
     </span>
     <span class='ocr_line' id='line_1_39' title="bbox 117 2527 1567 2576; baseline 0.005 -16"><span class='ocrx_word' id='word_1_393' title='bbox 117 2527 272 2572; x_wconf 80' lang='lat' dir='ltr'><strong><em>piuntur.</em></strong></span> <span class='ocrx_word' id='word_1_394' title='bbox 310 2531 376 2565; x_wconf 79' lang='lat' dir='ltr'><strong><em>hae</em></strong></span> <span class='ocrx_word' id='word_1_395' title='bbox 396 2533 473 2566; x_wconf 87' lang='lat' dir='ltr'><strong>fere</strong></span> <span class='ocrx_word' id='word_1_396' title='bbox 492 2537 651 2567; x_wconf 80' lang='lat' dir='ltr'><strong>veterum</strong></span> <span class='ocrx_word' id='word_1_397' title='bbox 665 2539 745 2567; x_wconf 85' lang='lat' dir='ltr'><strong><em>sunt</em></strong></span> <span class='ocrx_word' id='word_1_398' title='bbox 763 2535 807 2568; x_wconf 88' lang='lat' dir='ltr'><strong>de</strong></span> <span class='ocrx_word' id='word_1_399' title='bbox 826 2533 964 2567; x_wconf 82' lang='lat' dir='ltr'>Venere</span> <span class='ocrx_word' id='word_1_400' title='bbox 979 2544 1022 2566; x_wconf 83' lang='lat' dir='ltr'><strong>ex</strong></span> <span class='ocrx_word' id='word_1_401' title='bbox 1034 2531 1187 2575; x_wconf 82' lang='lat' dir='ltr'><strong>mythica</strong></span> <span class='ocrx_word' id='word_1_402' title='bbox 1201 2537 1236 2566; x_wconf 87' lang='lat' dir='ltr'><strong>et</strong></span> <span class='ocrx_word' id='word_1_403' title='bbox 1250 2532 1396 2576; x_wconf 78' lang='lat' dir='ltr'><strong>physica</strong></span> <span class='ocrx_word' id='word_1_404' title='bbox 1408 2532 1567 2568; x_wconf 85' lang='lat' dir='ltr'><strong>doctrina</strong></span> 
     </span>
     <span class='ocr_line' id='line_1_40' title="bbox 118 2574 1568 2624; baseline 0.004 -18"><span class='ocrx_word' id='word_1_405' title='bbox 118 2574 325 2610; x_wconf 65' lang='lat' dir='ltr'><strong>sententiae.</strong></span> <span class='ocrx_word' id='word_1_406' title='bbox 361 2577 558 2624; x_wconf 85' lang='lat' dir='ltr'><strong>philosophi</strong></span> <span class='ocrx_word' id='word_1_407' title='bbox 589 2591 672 2613; x_wconf 89' lang='lat' dir='ltr'><strong>vero</strong></span> <span class='ocrx_word' id='word_1_408' title='bbox 697 2579 836 2613; x_wconf 87' lang='lat' dir='ltr'><strong>Dionen</strong></span> <span class='ocrx_word' id='word_1_409' title='bbox 861 2579 1032 2613; x_wconf 86' lang='lat' dir='ltr'>Venerem</span> <span class='ocrx_word' id='word_1_410' title='bbox 1059 2589 1137 2611; x_wconf 82' lang='lat' dir='ltr'><strong>esse</strong></span> <span class='ocrx_word' id='word_1_411' title='bbox 1162 2578 1282 2611; x_wconf 82' lang='lat' dir='ltr'><strong>dicunt</strong></span> <span class='ocrx_word' id='word_1_412' title='bbox 1303 2583 1464 2622; x_wconf 80' lang='lat' dir='ltr'>tanquam</span> <span class='ocrx_word' id='word_1_413' title='bbox 1491 2590 1568 2612; x_wconf 86' lang='lat' dir='ltr'><strong>eam</strong></span> 
     </span>
     <span class='ocr_line' id='line_1_41' title="bbox 118 2623 1567 2670; baseline 0.004 -18"><span class='ocrx_word' id='word_1_414' title='bbox 118 2629 209 2663; x_wconf 83' lang='lat' dir='ltr'><strong>quae</strong></span> <span class='ocrx_word' id='word_1_415' title='bbox 229 2631 294 2664; x_wconf 86' lang='lat' dir='ltr'><strong>per</strong></span> <span class='ocrx_word' id='word_1_416' title='bbox 313 2623 427 2656; x_wconf 80' lang='lat' dir='ltr'><strong>omnia</strong></span> <span class='ocrx_word' id='word_1_417' title='bbox 447 2629 502 2658; x_wconf 80' lang='lat' dir='ltr'><strong>est</strong></span> <span class='ocrx_word' id='word_1_418' title='bbox 521 2635 637 2658; x_wconf 89' lang='lat' dir='ltr'><strong>eorum</strong></span> <span class='ocrx_word' id='word_1_419' title='bbox 656 2636 746 2670; x_wconf 84' lang='lat' dir='ltr'><strong>quae</strong></span> <span class='ocrx_word' id='word_1_420' title='bbox 764 2629 846 2659; x_wconf 78' lang='lat' dir='ltr'><strong><em>sunt</em></strong></span> <span class='ocrx_word' id='word_1_421' title='bbox 862 2630 1039 2665; x_wconf 79' lang='lat' dir='ltr'><strong><em>naturam3</em></strong></span> <span class='ocrx_word' id='word_1_422' title='bbox 1062 2628 1278 2668; x_wconf 78' lang='lat' dir='ltr'><strong>procreatam</strong></span> <span class='ocrx_word' id='word_1_423' title='bbox 1297 2629 1410 2658; x_wconf 84' lang='lat' dir='ltr'><strong>autem</strong></span> <span class='ocrx_word' id='word_1_424' title='bbox 1429 2635 1503 2657; x_wconf 82' lang='lat' dir='ltr'><strong>eam</strong></span> <span class='ocrx_word' id='word_1_425' title='bbox 1522 2635 1567 2658; x_wconf 83' lang='lat' dir='ltr'><strong>ex</strong></span> 
     </span>
     <span class='ocr_line' id='line_1_42' title="bbox 119 2663 1567 2716; baseline 0.003 -18"><span class='ocrx_word' id='word_1_426' title='bbox 119 2663 218 2698; x_wconf 81' lang='lat' dir='ltr'><strong>Caeli</strong></span> <span class='ocrx_word' id='word_1_427' title='bbox 241 2665 399 2702; x_wconf 82' lang='lat' dir='ltr'><strong>virilibus</strong></span> <span class='ocrx_word' id='word_1_428' title='bbox 421 2673 457 2703; x_wconf 77' lang='lat' dir='ltr'><strong>et</strong></span> <span class='ocrx_word' id='word_1_429' title='bbox 471 2669 586 2713; x_wconf 81' lang='lat' dir='ltr'><strong>Mari,</strong></span> <span class='ocrx_word' id='word_1_430' title='bbox 615 2670 652 2706; x_wconf 87' lang='lat' dir='ltr'><strong>id</strong></span> <span class='ocrx_word' id='word_1_431' title='bbox 683 2675 738 2705; x_wconf 84' lang='lat' dir='ltr'><strong>est</strong></span> <span class='ocrx_word' id='word_1_432' title='bbox 765 2683 809 2705; x_wconf 85' lang='lat' dir='ltr'><strong>ex</strong></span> <span class='ocrx_word' id='word_1_433' title='bbox 826 2670 905 2716; x_wconf 87' lang='lat' dir='ltr'><strong>pari</strong></span> <span class='ocrx_word' id='word_1_434' title='bbox 928 2680 1070 2703; x_wconf 89' lang='lat' dir='ltr'><strong>numero</strong></span> <span class='ocrx_word' id='word_1_435' title='bbox 1089 2673 1193 2712; x_wconf 80' lang='lat' dir='ltr'><strong>atque</strong></span> <span class='ocrx_word' id='word_1_436' title='bbox 1212 2669 1354 2714; x_wconf 87' lang='lat' dir='ltr'><strong>impari,</strong></span> <span class='ocrx_word' id='word_1_437' title='bbox 1386 2674 1423 2703; x_wconf 82' lang='lat' dir='ltr'><strong>et</strong></span> <span class='ocrx_word' id='word_1_438' title='bbox 1442 2669 1567 2713; x_wconf 81' lang='lat' dir='ltr'><strong>impari</strong></span> 
     </span>
     <span class='ocr_line' id='line_1_43' title="bbox 118 2710 1565 2760; baseline 0.004 -18"><span class='ocrx_word' id='word_1_439' title='bbox 118 2710 257 2754; x_wconf 88' lang='lat' dir='ltr'><strong>quidem</strong></span> <span class='ocrx_word' id='word_1_440' title='bbox 281 2723 323 2745; x_wconf 82' lang='lat' dir='ltr'><strong>ex</strong></span> <span class='ocrx_word' id='word_1_441' title='bbox 341 2714 477 2758; x_wconf 81' lang='lat' dir='ltr'><strong>specie,</strong></span> <span class='ocrx_word' id='word_1_442' title='bbox 505 2716 583 2760; x_wconf 82' lang='lat' dir='ltr'><strong>pari</strong></span> <span class='ocrx_word' id='word_1_443' title='bbox 599 2721 714 2750; x_wconf 81' lang='lat' dir='ltr'><strong>autem</strong></span> <span class='ocrx_word' id='word_1_444' title='bbox 737 2728 781 2751; x_wconf 84' lang='lat' dir='ltr'><strong>ex</strong></span> <span class='ocrx_word' id='word_1_445' title='bbox 795 2716 906 2760; x_wconf 82' lang='lat' dir='ltr'><strong>mari,</strong></span> <span class='ocrx_word' id='word_1_446' title='bbox 934 2715 971 2749; x_wconf 89' lang='lat' dir='ltr'><strong>id</strong></span> <span class='ocrx_word' id='word_1_447' title='bbox 994 2719 1048 2749; x_wconf 82' lang='lat' dir='ltr'><strong>est</strong></span> <span class='ocrx_word' id='word_1_448' title='bbox 1067 2714 1204 2748; x_wconf 85' lang='lat' dir='ltr'><strong>infinita</strong></span> <span class='ocrx_word' id='word_1_449' title='bbox 1224 2715 1382 2749; x_wconf 82' lang='lat' dir='ltr'><strong>materia.</strong></span> <span class='ocrx_word' id='word_1_450' title='bbox 1423 2714 1565 2748; x_wconf 77' lang='lat' dir='ltr'><strong><em>Cincius</em></strong></span> 
     </span>
     <span class='ocr_line' id='line_1_44' title="bbox 118 2757 1567 2806; baseline 0.004 -18"><span class='ocrx_word' id='word_1_451' title='bbox 118 2761 233 2790; x_wconf 78' lang='lat' dir='ltr'><strong>autem</strong></span> <span class='ocrx_word' id='word_1_452' title='bbox 254 2757 411 2801; x_wconf 78' lang='lat' dir='ltr'><strong>sophista</strong></span> <span class='ocrx_word' id='word_1_453' title='bbox 435 2759 609 2795; x_wconf 81' lang='lat' dir='ltr'><strong><em>Romanus</em></strong></span> <span class='ocrx_word' id='word_1_454' title='bbox 628 2763 800 2796; x_wconf 80' lang='lat' dir='ltr'><strong>Venerem</strong></span> <span class='ocrx_word' id='word_1_455' title='bbox 821 2773 865 2796; x_wconf 89' lang='lat' dir='ltr'><strong>ex</strong></span> <span class='ocrx_word' id='word_1_456' title='bbox 890 2771 1012 2806; x_wconf 76' lang='lat' dir='ltr'>spuma</span> <span class='ocrx_word' id='word_1_457' title='bbox 1033 2764 1146 2794; x_wconf 78' lang='lat' dir='ltr'><strong>natam</strong></span> <span class='ocrx_word' id='word_1_458' title='bbox 1175 2760 1282 2803; x_wconf 79' lang='lat' dir='ltr'><strong>dicit,</strong></span> <span class='ocrx_word' id='word_1_459' title='bbox 1306 2760 1402 2794; x_wconf 88' lang='lat' dir='ltr'><strong>velut</strong></span> <span class='ocrx_word' id='word_1_460' title='bbox 1419 2772 1462 2794; x_wconf 87' lang='lat' dir='ltr'><strong>ex</strong></span> <span class='ocrx_word' id='word_1_461' title='bbox 1483 2761 1567 2794; x_wconf 67' lang='lat' dir='ltr'><strong>aere</strong></span> 
     </span>
     <span class='ocr_line' id='line_1_45' title="bbox 119 2801 1564 2854; baseline 0.006 -20"><span class='ocrx_word' id='word_1_462' title='bbox 119 2801 242 2836; x_wconf 85' lang='lat' dir='ltr'><strong>nivoso</strong></span> <span class='ocrx_word' id='word_1_463' title='bbox 267 2807 304 2836; x_wconf 87' lang='lat' dir='ltr'><strong>et</strong></span> <span class='ocrx_word' id='word_1_464' title='bbox 329 2803 458 2849; x_wconf 79' lang='lat' dir='ltr'><strong>frigida</strong></span> <span class='ocrx_word' id='word_1_465' title='bbox 482 2807 632 2843; x_wconf 82' lang='lat' dir='ltr'><strong>essentia</strong></span> <span class='ocrx_word' id='word_1_466' title='bbox 656 2819 720 2843; x_wconf 89' lang='lat' dir='ltr'><strong>ver</strong></span> <span class='ocrx_word' id='word_1_467' title='bbox 741 2812 973 2854; x_wconf 80' lang='lat' dir='ltr'><strong>procreatum.</strong></span> <span class='ocrx_word' id='word_1_468' title='bbox 1012 2806 1100 2843; x_wconf 76' lang='lat' dir='ltr'><strong>haec</strong></span> <span class='ocrx_word' id='word_1_469' title='bbox 1117 2806 1282 2842; x_wconf 78' lang='lat' dir='ltr'><strong><em>hactenus</em></strong></span> <span class='ocrx_word' id='word_1_470' title='bbox 1304 2807 1348 2842; x_wconf 86' lang='lat' dir='ltr'><strong>de</strong></span> <span class='ocrx_word' id='word_1_471' title='bbox 1366 2806 1505 2842; x_wconf 83' lang='lat' dir='ltr'><strong>Venere</strong></span> <span class='ocrx_word' id='word_1_472' title='bbox 1518 2825 1564 2833; x_wconf 90' lang='lat'><strong><em>—-</em></strong></span> 
     </span>
    </p>
   </div>
  </div>
 </body>
</html>
