1748 3210
201 193 295 240 136
718 193 937 239 10ANNIS
975 193 1106 236 LYDI

200 302 303 358 εἶχον
332 304 424 355 τοὺς
453 304 735 359 οἰκειουμένους
768 303 901 354 αὐτοῖς
909 334 922 356 ,
955 301 1130 360 τοσούτῳ
1161 306 1317 358 μείζονα
1341 307 1411 361 τὴν
1435 304 1611 357 εὐδοξίαν

199 371 309 428 παρὰ
335 372 429 421 τοὺς
454 370 662 421 ἐλάττονας
681 371 906 426 ἐλογίζοντο.
972 373 1037 412 καὶ
1053 369 1205 427 μάρτυς
1224 371 1448 426 ὃῬωμαῖος
1463 374 1610 427 ’Ῑουβε-

199 437 352 489 νάλιος,
390 439 506 480 εῗπιὺν
535 440 601 479 καὶ
632 437 826 480 ὑπατειῶν
854 439 919 479 καὶ
947 437 1161 494 θριάμβων
1190 441 1254 480 καὶ
1273 445 1350 482 τῶν
1369 441 1409 481 ἓν
1428 441 1610 494 πολέμοις

198 504 569 561 ἀνδραγαθημάτων
604 503 764 560 πρώτην
794 505 978 560 γενέσθαι
1010 512 1092 555 τοῖς
1125 504 1303 560 ἄρχαίοις
1331 507 1403 560 τὴν
1431 507 1508 548 ἀπὸ
1535 511 1611 551 τῶν

196 569 453 628 χαρισμάτων
473 570 660 613 εἷίκλειαν.
706 571 798 622 τοὺς
819 572 862 614 δὲ
882 572 1164 626 οἰκειουμένους
1188 572 1319 621 αὐτοῖς
1337 573 1506 627 κλιέντης
1526 573 1608 616 ἀντὶ
1621 584 1643 620 5

198 642 270 680 τοῦ
289 638 484 691 κολιέντης
501 638 590 680 κατ’
618 638 861 693 ἀντίστοιχον
881 641 1053 695 πατρίως
1071 637 1234 680 ἐκάλουν
1243 669 1256 690 ,
1286 639 1399 683 οἱονεὶ
1423 644 1615 692 τιμῶντας

199 706 263 746 καὶ
297 703 530 758 ἀγαπῶντας
563 702 730 756 αὐτούς,
765 706 837 748 σὺν
866 704 974 761 πάσῃ
996 710 1091 762 τιμῇ
1116 708 1181 747 καὶ
1201 704 1420 761 μετριότητι
1444 705 1518 757 >τὰς
1536 709 1616 747 δω-

199 771 293 826 ρεὰς
313 769 563 826 χαριζόμενοι
573 803 586 823 ,
621 770 720 814 ὥστε
749 774 975 829 φιλοτιμίας
993 773 1065 823 τὰς
1085 777 1163 814 τῶν
1185 774 1311 830 φίλων
1332 773 1449 825 τιμὰς
1470 771 1622 825 ὃνομά-.

197 839 286 888 ζειν.
353 838 481 887 οὐδεὶς
511 839 555 880 δὲ
587 838 716 891 τυχών
749 838 978 888 οἷκειώσεως
998 838 1405 895 εὖπατρίδου,ἒ·’χρηζεν
1421 837 1554 894 ἑτέρου
1573 838 1618 880 τὸ

195 903 335 945 λοιπὸν
357 904 455 961 πρὸς
474 904 545 958 τὴν
563 910 634 947 τοῦ
654 904 746 947 ὅλου
761 907 852 960 βίου
875 908 1160 962 παραμυθίαν,
1188 905 1323 959 αἶσχος
1340 906 1524 958 οἶομένων
1546 905 1672 952 ati-10

195 975 275 1012 τῶν
303 972 370 1012 καὶ
400 975 470 1026 τῆς
495 973 638 1023 οῗκείας
659 970 779 1028 τύχης
801 971 1039 1023 ἀπόστασιν,
1066 973 1106 1014 εἶ’
1121 971 1196 1014 πού
1218 990 1277 1022 τις
1297 978 1375 1014 τῶν
1395 973 1521 1029 φίλων
1545 973 1621 1014 αὗ-

197 1044 282 1087 τοΐς
309 1039 364 1087 εἷς
391 1037 524 1094 ἑτέρου
552 1040 718 1093 κατέστη
742 1041 893 1096 χρείαν.
960 1042 1024 1082 καὶ
1045 1040 1325 1093 τουτουῒῖχνος
1345 1039 1526 1096 ἀμαυρὸν
1549 1039 1622 1088 ἕως

198 1103 290 1160 ἄρτι
317 1105 427 1161 παρὰ
446 1104 655 1158 Ῥωμαίοις
676 1105 931 1162 ἐφυλάττετο.
996 1109 1084 1163 περὶ
1102 1107 1177 1162 γὰρ
1197 1107 1268 1160 τὴν
1287 1107 1446 1148 Ὄστίαν
1480 1105 1622 1160 (πόλις

197 1171 244 1212 δέ
265 1171 369 1213 ἔστιν
389 1173 451 1213 ἐπὶ
474 1176 553 1213 τῶν
576 1174 749 1226 ἐκβολῶν
773 1178 845 1215 τοῦ
873 1171 1074 1228 Θύβριδος
1099 1173 1280 1227 κειμένη)
1321 1173 1552 1215 ἀπέστελλον
1583 1172 1622 1214 οἳ

195 1241 267 1291 τῆς
282 1237 436 1293 Ῥώμης
454 1237 617 1293 λογάδες
635 1239 728 1287 τοὺς
745 1239 1020 1290 οἲκειοτάτους,
1039 1238 1222 1295 καθάπερ
1243 1257 1280 1281 τι
1295 1237 1466 1293 θήραμα
1485 1237 1618 1289 καλόν,
1633 1246 1675 1283 15

196 1303 290 1353 τοὺς
316 1304 581 1359 ἀναγομένους
609 1306 741 1355 ξένους
774 1305 1050 1358 λαμβάνοντας
1084 1305 1161 1360 πρὸ
1194 1308 1273 1346 τῶν
1295 1305 1425 1346 ἄλλων
1444 1305 1549 1359 ἄγειν
1569 1304 1623 1355 ὥς

197 1368 365 1422 αὐτούς,
399 1371 497 1427 πρὸς
531 1370 662 1426 πάσης
691 1371 892 1429 ἀφθονίας
915 1373 1087 1414 ἐπίδοσιν
1109 1371 1382 1424 ἀνεωχθεισῶν
1402 1370 1524 1412 ἅπασι
1545 1375 1624 1413 τῶν

196 1438 361 1480 αὐλείων
392 1443 532 1495 θυρῶν
563 1444 635 1493 τῆς
671 1441 796 1489 οἰκίας
836 1443 908 1482 τοῦ
948 1439 1143 1492 μείζονος,
1193 1438 1359 1492 μηδενὸς
1389 1436 1565 1494 φύλακος
1596 1437 1623 1492 ἢ

195 1508 387 1560 θυρωροῦ
421 1504 709 1554 διακωλύοντος
739 1512 822 1554 τοῖς
850 1506 1047 1558 δεομένοις
1077 1505 1148 1558 τὴν
1177 1505 1354 1555 εἴσοδον,
1389 1506 1520 1546 αὐτῶν
1545 1509 1624 1547 τῶν

199 1571 443 1627 εὐπατριδῶν
470 1572 542 1613 σὺν
569 1578 757 1627 γαμεταῖς
785 1574 850 1614 καὶ
878 1572 1025 1621 τέκνοις
1051 1572 1376 1627 προφαινομένων
1400 1577 1482 1620 τοῖς
1501 1572 1623 1622 ξένοις
1633 1579 1678 1613 20

197 1639 262 1678 καὶ
286 1641 454 1694 θαρρεῖν
476 1638 689 1688 ἀξιούντων
712 1639 806 1689 τοὺς
834 1640 1016 1681 οὐδέποτε
1040 1639 1241 1694 ὀφθέντας
1266 1639 1410 1687 αὐτοῖς.
1482 1640 1623 1691 διῆλθε

199 1704 242 1746 δὲ
262 1703 371 1758 ὅμως
393 1707 460 1747 καὶ
483 1706 545 1747 ἐπὶ
568 1706 640 1762 τὴν
660 1705 763 1748 καθ’
789 1704 895 1761 ἡμᾶς
918 1704 1072 1760 Ῥώμην
1094 1703 1120 1760 ἦ
1142 1703 1303 1759 τοιαύτη
1328 1706 1625 1762 φιλανθρωπία,

223 1874 229 1878 -
285 1854 308 1888 2
345 1853 473 1889 excidit
507 1857 598 1890 forte
636 1854 792 1900 ἔχοντας.
828 1856 874 1890 1⁴¹.
1027 1854 1199 1889 Iuvenalis
1234 1855 1311 1888 Sat.
1344 1853 1365 1887 5
1407 1855 1490 1888 1102
1525 1865 1624 1888 nam-

285 1911 349 1943 que
376 1905 410 1933 et
434 1901 545 1934 titulis
568 1905 600 1935 et
620 1903 772 1945 fascibus
799 1901 879 1934 olim
902 1899 1011 1934 maior
1040 1901 1226 1934 habebatur
1251 1899 1400 1934 donandi
1420 1898 1547 1944 gloria.
1578 1901 1624 1934 F.

285 1945 308 1978 9
332 1942 475 1989 ἔχρησεν
497 1946 612 1991 vulgo.
750 1946 792 1980 16
815 1944 926 1979 malim
943 1943 1218 1989 καταγομένους.
1243 1945 1288 1979 F.

197 2076 358 2110 maiorem
375 2088 467 2111 suam
487 2089 571 2122 prae
591 2076 754 2120 aliorum,
778 2076 900 2122 quibus
926 2077 1107 2122 pauciores
1128 2080 1262 2119 essent,
1285 2075 1426 2121 gloriam
1449 2075 1623 2111 existima-

198 2122 296 2154 bant.
342 2122 441 2156 testis
466 2128 519 2156 est
539 2122 709 2156 Iuvenalis
729 2123 918 2165 Romanus,
943 2133 1017 2156 cum
1040 2122 1089 2156 ait
1113 2127 1149 2156 et
1170 2122 1321 2156 fascibus
1340 2128 1376 2156 et
1391 2121 1569 2166 triumphis
1589 2127 1625 2156 et

198 2165 383 2211 praeclaris
417 2167 581 2200 bellorum
614 2167 824 2201 facinoribus
853 2167 1015 2200 maiorem
1046 2167 1154 2201 fuisse
1191 2167 1338 2211 antiquis
1374 2166 1626 2200 munificentiae

198 2211 353 2254 gloriam.
400 2211 583 2245 familiares
607 2218 718 2246 autem
740 2223 820 2245 suos
843 2211 1005 2255 clientes,
1036 2223 1100 2258 per
1123 2211 1339 2246 antistichum
1363 2223 1424 2255 pro
1448 2210 1624 2255 collentes,

199 2255 312 2333 patrio
331 2267 486 2290 sermone
505 2257 676 2299 dicebant,
695 2257 731 2290 id
749 2261 804 2290 est
821 2257 1026 2291 honorantes
1044 2262 1264 2301 amantesque
1281 2257 1387 2301 ipsos,
1406 2267 1479 2290 cum
1497 2267 1624 2290 summo

224 2312 328 2334 onore
356 2301 589 2345 modestiaque
611 2303 701 2335 dona
725 2300 927 2344 largientes,
963 2307 1002 2335 ut
1032 2313 1170 2336 munera
1191 2313 1253 2335 sua
1275 2301 1456 2334 amicorum
1477 2301 1625 2335 honores

197 2345 422 2390 appellarent.
469 2357 566 2380 nemo
589 2353 701 2380 autem
721 2346 859 2390 patricii
882 2346 1145 2381 familiaritatem
1166 2351 1367 2380 consecutus
1390 2344 1475 2378 alius
1500 2345 1536 2378 in
1558 2356 1623 2389 po-

196 2397 325 2424 sterum
346 2402 408 2435 per
430 2394 536 2425 totam
555 2390 661 2424 vitam
684 2390 864 2435 praesidio
880 2391 1077 2435 indigebat,
1112 2397 1212 2435 turpe
1238 2389 1474 2436 reputantibus
1498 2388 1564 2423 illis
1588 2394 1625 2423 et

200 2436 358 2469 fortunae
381 2446 463 2469 suae
482 2436 666 2480 iacturam,
692 2435 722 2469 si
746 2436 822 2479 quis
843 2437 933 2469 forte
956 2436 1137 2470 amicorum
1160 2447 1274 2469 eorum
1298 2435 1341 2468 ad
1363 2433 1501 2468 alterius
1523 2446 1544 2468 o
1571 2445 1624 2468 em

201 2481 425 2524 confugisset.
472 2481 566 2514 cuius
590 2481 643 2514 rei
667 2482 845 2514 obscurum
867 2481 1049 2524 vestigium
1068 2482 1112 2515 ad
1132 2485 1283 2514 nostrum
1302 2490 1421 2512 aevum
1439 2479 1530 2523 apud
1583 2491 1621 2512 o—

199 2536 315 2558 manos
349 2530 521 2559 servatum
552 2530 617 2558 est.
665 2537 740 2559 nam
763 2525 854 2558 circa
878 2526 1030 2568 Ostiam,
1067 2537 1155 2570 quae
1178 2530 1232 2558 est
1254 2526 1336 2558 urbs
1360 2523 1457 2558 ostiis
1480 2523 1623 2557 Tiberis

199 2570 378 2613 adiacens,
402 2570 567 2614 primores
590 2570 734 2604 Romani
757 2570 1038 2605 familiarissimos
1060 2581 1139 2604 suos
1162 2570 1363 2612 mittebant,
1391 2568 1499 2602 veluti
1521 2580 1620 2613 egre-

199 2614 289 2658 giam
306 2616 486 2659 praedam,
509 2627 529 2649 e
552 2621 652 2660 portu
674 2615 844 2649 solventes
864 2615 1015 2659 hospites
1034 2615 1109 2649 aliis
1130 2619 1372 2659 praerepturos
1389 2613 1541 2657 ipsisque
1560 2613 1622 2647 ad-

199 2661 380 2701 ducturos;
414 2671 480 2704 quo
516 2660 622 2694 omnis
650 2660 785 2704 generis
819 2661 1025 2694 abundantia
1055 2661 1297 2704 praeberetur,
1331 2658 1459 2702 apertis
1483 2657 1622 2691 cuilibet

200 2704 362 2738 vestibuli
384 2704 493 2738 ianuis
517 2705 711 2750 maioreque
734 2705 867 2739 aedium
889 2711 1009 2750 parte,
1045 2703 1134 2738 nullo
1158 2705 1298 2738 custode
1320 2709 1378 2736 aut
1399 2702 1545 2736 ianitore
1566 2701 1620 2734 in-

199 2748 306 2782 troire
325 2749 500 2792 cupientes
517 2749 743 2795 impediente:
778 2749 846 2794 ipsi
866 2749 1003 2795 patricii
1021 2761 1094 2783 cum
1112 2750 1274 2783 uxoribus
1296 2747 1482 2791 liberisque
1503 2745 1620 2790 hospi-

200 2792 293 2827 tibus
322 2793 437 2838 obvii,
468 2805 553 2840 quos
583 2805 752 2841 nunquam
779 2794 968 2841 vidissent,
1003 2794 1208 2830 salutabant.
1252 2792 1390 2829 transiit
1417 2802 1500 2826 vero
1523 2796 1559 2825 et
1578 2791 1621 2825 ad
