1748 3210
231 211 325 258 190
746 215 968 258 IOANNIS
1001 216 1134 260 LYDI

225 323 347 380 μόνον
366 325 443 382 γὰρ
466 324 537 375 τὰς
557 329 635 368 τῶν
653 326 781 368 ἐθνῶν
796 327 1004 382 πρεσβείας
1026 325 1104 382 ὑφ’
1129 325 1255 384 ἑαυτῷ
1273 327 1459 381 τελούσας
1479 329 1501 373 ὅ
1523 327 1643 388 μ’ἇγι-

226 410 345 450 στρος
377 393 476 446 ἵχειν
507 391 747 444 πιστεύεται,
787 392 855 435 τόν
885 411 925 436 τε
963 392 1151 447 δημόσιον
1185 393 1352 450 δρόμον,
1389 400 1454 439 καὶ
1485 403 1644 452 πλῆθος

225 461 415 516 ἐμβριθὲς
449 464 526 500 τῶν
565 458 687 500 πάλαι
725 461 798 513 μὲν
833 462 1156 518 φρουμενταρίων
1180 465 1249 502 νῦν
1276 463 1319 503 δὲ
1341 470 1642 521 μαγιστριανῶν,

222 527 296 581 τήν
316 543 356 568 τε
377 531 455 567 τῶν
476 524 606 566 ὅπλων
623 528 867 582 κατασκευὴν
887 530 951 569 καὶ
971 529 1169 578 ἐξουσίαν,
1205 528 1295 568 ἀλλ’
1320 529 1375 570 ἔτι
1393 532 1457 572 καὶ
1475 532 1546 586 τὴν
1564 537 1643 574 τῶν

223 597 431 635 πολιτικῶν
462 591 724 648 πραγμάτων,
758 596 824 636 καὶ
857 593 1124 652 διαφερόντως
1149 595 1306 651 Πέτρος
1333 591 1445 646 οὗτος
1466 596 1487 639 ὃ
1506 598 1675 650 πολύς,5

223 660 244 702 ὅ
272 661 411 714 μηδενὶ
441 666 528 709 ταῖς
558 660 715 717 ἀρεταῖς
742 661 844 703 κατὰ
871 663 994 716 μηδὲν
1021 661 1213 717 δεύτερος.
1281 661 1460 714 διασώζει
1478 665 1548 717 μὲν
1565 666 1642 723 γὰρ

222 729 287 768 καὶ
310 733 481 783 φρουρεῖ
497 729 569 782 τὴν
595 727 718 782 αὐλήν
726 760 739 779 ,
785 731 849 770 καὶ
872 730 943 783 τὴν
969 728 1189 783 Ῥωμαϊκὴν
1217 727 1287 770 οὐκ
1311 728 1499 774 ἀποπτύει
1522 748 1644 787 μεγα-

220 793 423 848 λειότητα,
457 793 506 848 ἢν
537 796 649 850 ἔγγὺς
681 796 924 850 ἀπολομένην
956 797 1160 855 ἀβελτερίᾳ
1191 797 1269 838 τῶν
1297 796 1374 854 πρὸ
1404 797 1546 848 αὐτοῦ,
1579 796 1645 840 οἷα

221 863 348 918 σοφὸς
380 862 445 902 καὶ
475 862 542 902 διὰ
570 863 716 912 παντὸς
739 870 822 912 τοῖς
842 865 1012 916 βιβλίοις
1033 864 1306 919 προσανέχων,
1341 863 1646 919 ἀποκαθίστησι.

221 929 316 978 τοὺς
343 930 387 970 δὲ
416 927 562 982 νόμους
589 930 704 979 εἰδώς
736 930 841 986 εἴπερ
871 948 929 980 τις
961 930 1101 981 ἄλλος,
1137 929 1196 979 οἷς
1225 933 1265 980 ἐξ
1300 928 1463 972 ἁπαλῶν
1497 930 1645 986 ὀνύχων
1657 938 1699 974 10

219 994 443 1052 ἀνετράφη,
486 1001 712 1052 συνηγορῶν
751 1004 833 1046 τοῖς
872 998 1071 1051 δεομένοις
1078 1029 1090 1047 ,
1137 997 1268 1053 ἄρχων
1298 1015 1340 1040 τε
1369 998 1551 1052 μέγιστος
1581 1001 1647 1040 καὶ

220 1063 335 1113 ἀξίαν
366 1063 496 1119 ὀφρὺν
523 1069 594 1117 τῆς
622 1065 800 1113 ἔξουσίας
830 1064 1038 1107 ἀνατείνων
1063 1066 1222 1118 ἐδείχθη
1231 1096 1244 1115 ,
1270 1067 1335 1106 καὶ
1355 1066 1540 1119 δικαστὴς
1557 1060 1649 1115 ὂξῧς
1704 1118 1708 1122 ᾗ

220 1133 287 1173 καὶ
314 1130 358 1172 τὸ
386 1132 537 1172 δίκαιον
565 1132 707 1185 κρίνειν
732 1133 944 1186 εἰλικρινῶς
967 1130 1240 1183 ἐπιστάμενος,
1267 1131 1367 1172 κατὰ
1386 1133 1510 1185 μηδὲν
1528 1132 1648 1174 αὐτὸν

217 1196 482 1250 ὗπτιαζούσης
502 1202 573 1249 τῆς
589 1196 722 1250 τύχης.
789 1202 915 1253 πρᾶος
937 1199 1008 1250 μὲν
1029 1196 1104 1253 γάρ
1125 1199 1206 1238 ἐστι
1225 1199 1290 1238 καὶ
1309 1200 1496 1251 μειλίχιος
1504 1229 1516 1249 ,
1551 1198 1643 1240 ἀλλ’

220 1265 292 1305 οὐκ
321 1263 480 1319 εὐχερὴς
510 1264 601 1306 οὐδὲ
622 1264 721 1319 πρὸς
739 1264 810 1312 τὰς
831 1263 1003 1317 αἰτήσεις
1030 1264 1104 1312 ἔξω
1127 1269 1198 1305 τοῦ
1218 1262 1340 1317 νόμου
1362 1264 1645 1318 καμπτόμενος,
1659 1267 1700 1303 15

220 1331 407 1387 ἀσφαλὴς
445 1331 487 1371 δὲ
527 1329 627 1383 ὁμοῦ
661 1332 725 1371 καὶ
759 1331 992 1387 προβλέπων
1027 1330 1099 1380 τὰς
1126 1329 1255 1386 ὁρμὰς
1286 1333 1364 1372 τῶν
1392 1331 1647 1386 προσιόντων,

218 1399 370 1452 μηδένα
402 1397 542 1454 καιρὸν
570 1404 656 1447 ταῖς
686 1397 904 1456 ῥᾳθυμίαις
931 1402 1180 1454 παραχωρῶν
1187 1429 1199 1448 ,
1230 1397 1300 1451 τὴν
1327 1398 1400 1450 μὲν
1429 1396 1550 1440 νύκτα
1568 1405 1653 1449 τοῖς,

218 1467 389 1518 βιβλίοις
418 1465 489 1518 τὴν
522 1465 566 1506 δὲ
597 1463 749 1520 ἡμέραν
777 1473 859 1515 τοῖς
885 1464 1111 1521 πράγμασιν
1133 1467 1369 1518 ἕκκειζιιενος,
1403 1466 1504 1518 μηδὲ
1526 1466 1650 1520 αὐτὴν

219 1532 291 1585 τὴν
314 1533 428 1588 μέχρι
450 1536 520 1585 τῆς
541 1532 666 1586 αὐλῆς
687 1534 730 1573 ἐκ
749 1537 820 1585 τῆς
844 1533 968 1581 οἰκίας
988 1533 1028 1573 ἐν
1046 1530 1217 1584 ὁμιλίαις
1245 1533 1478 1587 ὃιασυρίζων
1501 1530 1647 1583 ἁπλῶς,

217 1597 411 1653 ζητήμασι
436 1600 478 1640 δὲ
496 1603 664 1653 λογικοῖς
683 1600 747 1640 καὶ
767 1598 986 1654 ἀφηγήσεσι
1008 1597 1250 1654 πραγμάτων
1265 1598 1530 1655 ἀρχαιοτέρων
1546 1599 1703 1653 ,nevam

218 1670 298 1707 τῶν
319 1668 407 1720 περὶ
429 1670 555 1707 ταῦτα
578 1665 847 1719 σχολαζόντων
873 1665 1104 1719 εἷλούμενος.
1147 1668 1211 1707 καὶ
1233 1666 1371 1722 καιρὸς
1391 1666 1518 1715 οὐδεὶς
1540 1668 1648 1724 αὐτῷ

219 1731 473 1787 ὃιδαγμάτων
492 1733 596 1773 ἐστὶν
612 1733 824 1787 ἀμέριμνος
834 1765 846 1783 ,
882 1731 936 1782 ὡς
955 1733 1047 1783 τοὺς
1064 1738 1141 1775 τῶν
1167 1732 1293 1787 λόγων
1314 1733 1502 1787 ἐξηγητὰς
1522 1734 1647 1775 ‹kM--

217 1817 281 1842 ναι
304 1799 375 1854 τὴν
398 1799 496 1855 πρὸς
518 1799 636 1841 αὐτὸν
653 1801 850 1852 ἐντυχίαν·
882 1799 1086 1856 πράγμασι
1106 1801 1182 1856 γὰρ
1203 1798 1349 1849 αὐτοὺς
1370 1801 1436 1840 καὶ
1454 1805 1648 1857 στροφαῖς

309 1917 350 1951 11
375 1913 584 1959 {stez-own?
738 1917 782 1951 16
803 1916 1009 1961 προϊόντων
1032 1917 1075 1951 C.
1235 1917 1278 1952 17
1296 1914 1408 1961 μηδὲν
1429 1911 1581 1961 ἄκαιρον
1603 1918 1647 1953 Ο.

309 1963 351 1996 18
375 1958 572 2004 ἐγκείμενος
588 1963 634 1996 F.

218 2062 370 2097 cationes
399 2062 602 2106 populorum
630 2061 792 2105 magistro
824 2062 1029 2104 creduntur,
1063 2064 1099 2095 et
1121 2071 1238 2095 cursus
1260 2060 1435 2107 publicus,
1466 2064 1502 2096 et
1531 2062 1648 2108 gravis

218 2107 396 2141 multitudo
427 2107 742 2150 magistrianorum‚
776 2107 836 2150 qui
860 2106 937 2139 olim
959 2106 1173 2140 frumentarii
1195 2106 1278 2139 dicti
1300 2111 1397 2149 sunt,
1434 2111 1470 2141 et
1495 2108 1650 2142 fabricae

217 2157 441 2197 potestasque
473 2162 639 2184 armorum
643 2178 660 2204 7
694 2162 812 2185 verum
841 2156 876 2184 et
907 2150 1056 2184 civilium
1085 2152 1225 2195 insuper
1255 2162 1367 2184 rerum
1388 2151 1650 2197 administratio,

219 2208 260 2230 ac
315 2196 476 2240 raecipue
507 2195 613 2228 Petro
641 2196 691 2228 illi
723 2196 929 2238 clarissimo,
964 2195 1150 2229 virtutibus
1185 2195 1273 2229 nulla
1293 2196 1328 2228 in
1352 2207 1391 2230 re
1415 2197 1569 2242 cuiquam
1591 2209 1650 2231 se-

217 2253 283 2275 cun
308 2252 340 2274 o.
390 2245 571 2274 conservat
593 2240 682 2274 enim
705 2241 921 2285 custoditque
937 2240 1056 2284 aulam,
1081 2253 1143 2274 nec
1160 2242 1343 2282 Romanam
1365 2242 1498 2286 respuit
1518 2242 1650 2286 magni-

218 2285 409 2328 ficentiam,
433 2296 532 2329 quam
555 2296 664 2328 paene
689 2286 871 2319 extinctam
894 2285 1044 2330 priorum
1067 2286 1225 2328 inscitia,
1249 2290 1368 2330 utpote
1389 2286 1526 2330 sapiens
1548 2291 1584 2320 et
1604 2286 1649 2319 li-

217 2331 292 2364 bris
314 2341 423 2374 usque
445 2330 593 2372 deditus,
615 2330 780 2364 restituit.
826 2330 920 2373 leges
943 2337 1066 2373 autem,
1090 2331 1120 2364 si
1143 2330 1218 2374 quis
1242 2330 1390 2374 omnino,
1411 2330 1547 2374 callens,
1571 2331 1650 2375 qui-

216 2377 282 2410 bus
305 2387 326 2408 a
348 2375 477 2409 teneris
499 2374 689 2418 unguiculis
711 2375 858 2408 imbutus
883 2380 953 2417 est,
987 2376 1173 2420 petentium
1196 2376 1410 2409 defensorem
1432 2387 1470 2409 se
1493 2387 1532 2410 ac
1555 2386 1648 2409 sum-

217 2432 307 2454 mum
330 2420 578 2464 magistratum,
611 2419 816 2463 dignamque
838 2425 1009 2464 potestate
1031 2421 1251 2464 gravitatem,
1275 2420 1433 2464 idemque
1454 2425 1588 2454 acutum
1609 2431 1649 2454 se

217 2465 364 2499 iudicem
398 2470 434 2498 et
460 2465 570 2498 nudae
600 2464 752 2498 iustitiae
782 2464 817 2497 in
847 2464 1027 2499 iudicando
1049 2465 1210 2499 cultorem
1236 2465 1405 2506 ostendit3
1437 2476 1548 2509 neque
1571 2476 1648 2499 eum

216 2521 363 2555 unquam
397 2509 531 2544 facilem
563 2510 700 2542 fortuna
732 2509 894 2543 reddidit.
943 2517 1134 2544 mansuetus
1159 2509 1247 2542 enim
1271 2514 1324 2543 est
1347 2515 1383 2542 et
1405 2509 1587 2553 humanus,
1611 2515 1648 2544 at

218 2567 286 2589 non
309 2555 416 2597 levis3
450 2565 560 2598 neque
583 2554 743 2598 precibus
768 2566 788 2587 a
809 2554 885 2597 lege
909 2556 1078 2599 flectitur,
1104 2555 1166 2588 sed
1189 2554 1304 2587 firmus
1328 2553 1425 2587 simui
1442 2559 1521 2598 .est,
1543 2565 1646 2598 prae-

217 2600 382 2644 videtque
411 2599 605 2634 adeuntium
634 2604 787 2632 conatus.
835 2599 958 2633 nullum
981 2612 1064 2633 vero
1085 2604 1218 2643 tempus
1241 2598 1498 2633 remissionibus
1520 2610 1643 2632 conce-

218 2645 302 2678 dens
335 2650 434 2678 nocte
465 2644 579 2687 libris,
613 2643 670 2677 die
700 2644 847 2687 negotiis
882 2650 1000 2685 vacat3
1036 2644 1117 2690 quin
1141 2645 1238 2677 domo
1260 2643 1297 2677 in
1321 2644 1428 2678 aulam
1449 2643 1542 2687 iens,
1575 2654 1642 2676 non

217 2689 373 2733 quolibet
392 2701 548 2723 sermone
569 2694 769 2732 contentus,
794 2690 1049 2733 quaestionibus
1072 2689 1217 2722 literatis
1242 2694 1277 2722 et
1299 2689 1512 2733 antiquarum
1533 2698 1644 2722 rerum

217 2734 534 2768 commemoratione
556 2745 630 2768 cum
651 2733 769 2767 harum
791 2734 953 2768 studiosis
975 2740 1124 2768 tenetur.
1170 2745 1282 2777 neque
1306 2738 1359 2767 est
1381 2733 1482 2767 uilum
1502 2733 1537 2767 ei
1557 2737 1644 2766 tem-

217 2789 281 2824 pus
315 2779 543 2813 doctrinarum
571 2779 796 2822 incuriosum,
832 2784 870 2812 ut
902 2779 1075 2813 literarum
1098 2780 1256 2812 doctores
1279 2789 1454 2812 occursum
1477 2777 1551 2811 eius
1572 2787 1643 2810 me-

217 2829 334 2859 tuant:
367 2824 534 2869 angustiis
557 2824 646 2859 enim
671 2835 730 2858 eos
753 2824 909 2870 dolisque
929 2824 1099 2870 implicat,
1129 2824 1286 2858 ’modeste
1308 2822 1503 2868 adscitam,
1533 2826 1572 2856 ut
1591 2820 1643 2854 lo-
