1748 3210
658 179 734 223 DE
768 177 1060 223 OSTENTIS.
1490 183 1587 229 329

271 294 334 346 ις’.
369 297 404 338 εί
422 292 627 352 βροντήσῃ
637 326 650 347 ,
687 295 878 351 εὐθηνίαν
900 295 997 350 με’ν,
1026 296 1139 349 μυῶν
1162 293 1207 336 δὲ
1229 291 1456 352 ἀρουραίων
1481 296 1587 352 γένε-

137 382 200 410 σιν
221 367 348 421 δηλοῖ.

220 450 239 460 '⁴
270 432 333 486 ιζ’.
375 434 409 475 εἲ
425 429 629 488 βροντήσῃ
639 463 653 484 ,
684 430 889 489 ἀφθονίαν
905 435 986 474 τῶν
1007 430 1236 485 ἐπιτηδείων
1258 430 1454 484 σημαίνει.

206 525 211 535 =
270 500 338 557 ιη’.
373 503 408 543 εἲ
426 499 650 558 βροντήσῃ,
681 498 882 555 διχόνοιαν
907 501 975 542 καὶ
1001 500 1158 556 ἀνδρῶν
1181 499 1372 553 ἄστοχίαν
1394 501 1589 554 σημαίνει.

101 577 125 614 ⁵
164 599 168 602 -
239 613 241 617 ,
271 569 344 613 ιθ’.
379 572 414 613 εἶ
432 567 656 626 βροντήσῃ,
693 570 863 620 δυνατὸς
893 569 994 626 ἀνὴρ
1027 573 1100 624 τῆς
1126 569 1327 619 πολιτείας
1347 569 1486 620 οὐσίας
1505 568 1591 624 ἅμα

134 640 201 682 καὶ
222 637 342 694 δόξης
361 636 695 696 ἀφαιρεθήσεται.

270 706 320 750 κ’.
374 710 410 750 εἰ
425 705 650 764 βροντήσῃ,
685 702 959 762 θεοχολωσίαν
977 705 1174 760 σημαίνει.

269 773 347 819 xa'.
373 779 408 819 εἴ
426 773 653 834 βροντήσῃ,
681 783 764 827 τοῖς
788 776 862 830 μὲν
890 781 1059 831 καρποῖς
1086 771 1235 826 δεξιόν,
1269 777 1320 831 τῇ
1345 773 1389 816 δὲ
1413 773 1591 833 πολιτεία

22 903 25 906 Α
133 842 307 900 πόλεμον
326 846 524 901 σημαίνει.

79 917 124 952 10
270 912 348 968 κβ’.
371 917 405 957 εἲ
424 910 649 970 βροντήσῃ,
686 911 830 969 φθορὰ
849 915 928 954 τῶν
950 915 1080 964 μυιῶν
1101 907 1227 951 ἴσται.

266 980 339 1039 κγ’.
367 985 402 1026 εἲ·
421 981 647 1038 βροντήσῃ,
685 980 839 1037 βροχὴν
865 979 1069 1036 ὠφέλιμον
1090 984 1174 1028 τοῖς
1196 976 1410 1034 σπορίμοις
1432 979 1559 1032 δηλοῖ.

265 1049 343 1093 κδ’.
369 1053 404 1094 εἰ
422 1049 627 1107 βροντήσῃ
636 1080 649 1100 ,
685 1046 864 1102 διχόνοια
882 1048 993 1091 ἔσται
1008 1051 1090 1090 τῶν
1107 1048 1314 1100 δυνατῶν,
1339 1046 1392 1088 τὰ
1409 1048 1452 1089 δὲ
1469 1049 1591 1101 σκέμ-

128 1135 239 1173 ματα
265 1119 398 1162 αὐτῶν
419 1116 732 1176 ἀναφανήσεται.

265 1185 335 1230 κε’.
370 1191 404 1230 εἲ
425 1186 630 1244 βροντήσῃ
641 1219 653 1237 ,
690 1183 823 1242 εἰρήνη
844 1183 922 1226 ἀνὰ
939 1180 1071 1226 πάντα
1089 1183 1160 1226 τὸν
1177 1181 1371 1226 ἐνιαυτόν.
1405 1214 1410 1218 »

75 1257 119 1294 15
263 1253 339 1304 κς’.
365 1258 400 1298 εἰ
420 1253 624 1313 βροντήσῃ
635 1287 648 1306 ,
672 1255 815 1296 ἐλπίδα
831 1257 995 1309 καρπῶν
1014 1251 1192 1308 μεγάλην
1213 1255 1280 1294 καὶ
1301 1249 1466 1306 ἀμήτων
1483 1250 1586 1294 σπά-

127 1340 188 1365 νιν
215 1325 345 1379 δηλοῖ.

263 1390 336 1444 κζ’.
363 1392 397 1434 εἶ
419 1387 646 1449 βροντήσῃ,
682 1391 896 1444 διοσημεῖα
918 1386 1160 1446 παραδόξως
1180 1386 1425 1445 ὀφθήσεται.

263 1459 341 1515 κη’.
368 1461 402 1502 εἲ
423 1458 648 1517 βροντήσῃ,
685 1456 823 1508 ὅπλοις
842 1456 862 1500 ὃ
883 1459 1011 1511 δῆμος
1027 1455 1288 1508 ἆναζώσεται.

264 1527 350 1572 κθ’.
374 1530 408 1571 εἷ
427 1526 653 1585 βροντήσῃ,
686 1524 940 1583 ἐπικρατήσει
957 1524 978 1567 ὁ
996 1526 1180 1583 ζέφυρος.

71 1597 118 1634 2⁰
172 1644 174 1646 ,
262 1595 314 1641 λ’.
370 1598 406 1640 εῗ
424 1595 652 1655 βροντήσῃ,
684 1593 934 1653 πραγμάτων
957 1598 1090 1637 καλῶν
1111 1595 1327 1651 ἐπομβρία.

721 1702 993 1739 ΜΑΙΟΣ.

182 1767 262 1814 38.
289 1765 342 1814 α’.
364 1770 419 1811 Εἴ
433 1765 636 1826 βροντήσῃ
647 1798 661 1820 ,
697 1767 829 1826 φυγὴν
849 1770 905 1824 τῷ
930 1760 1047 1825 δήμω
1067 1766 1135 1808 καὶ
1157 1763 1319 1820 ατιμίαν
1343 1767 1470 1821 δηλοΐ.

260 1834 302 1890 β’
305 1868 316 1878 .
369 1840 404 1880 ει
423 1835 627 1894 βροντήσῃ
637 1868 650 1889 ,
685 1837 802 1890 λιμὸν
825 1836 987 1878 ἀπειλεῖ.

259 1903 311 1961 γ’.
365 1908 400 1948 εἰ
419 1904 645 1963 βροντήσῃ,
675 1905 906 1947 ἐπείσακτον
928 1901 1118 1958 εὐθηνίαν
1138 1903 1268 1956 δηλοῖ.

219 1991 238 2025 1
274 1988 456 2034 εὐθηνίας
489 1991 597 2033 Rutg.
783 1990 805 2023 8
828 1987 954 2029 δεξιάν
976 1989 1019 2022 C.
1205 1987 1249 2021 10
1270 1996 1350 2019 num
1373 1985 1502 2028 μυῶνῖ)
1540 1985 1587 2020 Η.
1633 1974 1637 1978 .

219 2035 264 2070 14
286 2035 416 2089 εἰρήνη
440 2047 494 2068 οιιι
517 2037 560 2067 C.
610 2034 770 2080 supplevi
796 2046 838 2068 ex
860 2036 969 2089 Rutg.
1017 2033 1066 2067 H.
1245 2031 1286 2065 15
1310 2027 1455 2075 ἀμητοῦ
1480 2032 1587 2076 Rutg.

217 2083 260 2117 17
283 2079 497 2126 παράδοξος
518 2081 626 2124 Rutg.
763 2081 807 2114 21
830 2076 952 2123 αὐγὴν
974 2083 1011 2112 et
1032 2075 1180 2121 ἀτιμίας
1201 2079 1311 2122 Rutg.

127 2149 394 2193 abundantiam,
418 2150 481 2183 sed
499 2148 583 2182 item
600 2147 746 2181 murium
764 2147 951 2192 agrestium
969 2145 1229 2192 generationem
1248 2146 1414 2181 declarat.
1478 2149 1533 2183 17.
1561 2149 1590 2183 si

126 2198 248 2239 tonat,
272 2196 406 2240 copiam
430 2205 587 2228 annonae
609 2194 797 2238 significat.
891 2195 947 2229 18.
975 2193 1006 2227 si
1025 2196 1142 2237 tonat,
1166 2193 1416 2227 dissensionem
1439 2205 1592 2240 spesque

127 2241 301 2275 hominum
321 2243 525 2275 frustratum
548 2239 594 2273 iri
614 2239 802 2284 significat.
897 2241 953 2274 19.
979 2239 1010 2272 si
1027 2238 1201 2281 tonuerit,
1226 2239 1282 2273 vir
1301 2239 1338 2273 in
1362 2240 1505 2275 civitate
1525 2253 1588 2286 po-

125 2291 204 2320 tens
228 2299 304 2321 cum
325 2287 379 2321 rei
401 2286 580 2320 familiaris
604 2291 676 2320 tum
698 2285 914 2320 auctoritatis
937 2286 1105 2319 iacturam
1126 2285 1247 2320 faciet.
1340 2287 1398 2320 20.
1425 2287 1456 2320 si
1477 2292 1588 2334 tonat,

125 2332 267 2367 numina
283 2334 375 2367 irata
393 2332 536 2367 indicat.
630 2333 687 2366 21.
712 2332 743 2366 si
761 2336 877 2376 tonat,
902 2332 1062 2376 frugibus
1080 2332 1250 2374 faustum,
1277 2332 1341 2364 sed
1358 2332 1412 2365 rei
1428 2317 1590 2377 publicae

125 2377 254 2412 bellum
272 2379 464 2424 portendit.
555 2379 612 2412 22.
638 2378 670 2412 si
691 2378 864 2421 tonuerit,
897 2378 965 2411 erit
984 2378 1146 2411 interitus
1167 2388 1372 2411 muscarum.
1466 2380 1523 2414 23.
1558 2382 1589 2415 si

124 2428 244 2468 tonat,
268 2425 421 2470 pluviam
443 2425 654 2459 sementibus
678 2424 798 2458 utilem
819 2423 986 2458 declarat.
1078 2422 1137 2458 24.
1171 2423 1203 2457 si
1224 2422 1399 2467 tonuerit,
1426 2425 1493 2458 erit
1515 2426 1588 2461 dis-

129 2470 245 2504 sensio
269 2471 484 2516 potentium,
507 2471 570 2505 sed
592 2470 738 2504 consilia
761 2481 878 2503 eorum
901 2469 1083 2513 patefient.
1175 2468 1233 2503 25.
1270 2468 1301 2501 si
1324 2471 1497 2514 tonuerit,
1521 2484 1590 2525 pax

127 2525 194 2568 per
222 2520 331 2550 totum
366 2529 504 2550 annum.
597 2517 653 2551 26.
689 2516 720 2550 si
748 2521 868 2558 tonat,
902 2527 1058 2559 magnam
1084 2526 1181 2559 spem
1208 2515 1346 2558 frugum
1369 2522 1405 2549 et
1428 2518 1589 2553 messium

129 2559 355 2604 exiguitatem
372 2563 539 2597 declarat.
633 2564 689 2597 27.
715 2562 746 2596 si
768 2561 944 2606 tonuerit,
974 2561 1135 2605 prodigia
1158 2560 1279 2594 mirum
1305 2560 1342 2594 in
1365 2564 1501 2597 modum
1524 2576 1588 2609 ap-

129 2607 315 2650 parebunt.
393 2609 452 2642 28.
477 2609 507 2643 si
528 2609 700 2652 tonuerit,
725 2607 872 2653 populus
891 2609 1067 2641 Romanus
1088 2618 1172 2650 saga
1195 2611 1318 2640 sumet.
1399 2610 1456 2642 29.
1481 2611 1512 2643 si
1531 2616 1586 2644 to-

130 2651 267 2696 nuerit,
290 2653 451 2688 favonius
473 2654 708 2700 praevalebit.
798 2655 856 2688 30.
882 2653 913 2687 si
936 2652 1109 2696 tonuerit,
1130 2663 1246 2687 rerum
1267 2654 1457 2688 faustarum
1475 2658 1586 2690 abun-

129 2697 264 2732 dantia.

730 2745 770 2780 M
791 2745 822 2779 A
844 2745 863 2778 I
884 2745 920 2778 U
944 2744 985 2779 S.

220 2799 279 2834 38.
330 2800 363 2834 1.
400 2800 441 2835 Si
465 2804 576 2846 tonat,
600 2814 774 2838 secessum
792 2803 919 2848 populo
940 2807 976 2836 et
994 2801 1216 2846 ignominiam
1237 2803 1402 2837 declarat.
1494 2805 1528 2838 2.
1555 2806 1586 2839 si

131 2849 249 2890 tonat,
275 2846 399 2881 famem
421 2847 584 2883 minatur.
676 2850 712 2885 3.
747 2849 779 2884 si
801 2854 913 2894 tonat,
945 2848 1189 2883 abundantiam
1212 2849 1350 2884 aliunde
1367 2849 1584 2896 importatum
