1748 3210
358 171 434 215 DE
460 163 910 213 MAGISTRATIBUS
941 164 988 208 P.
1011 162 1067 208 R.
1098 161 1204 208 ΠΒ.
1231 161 1307 206 ΠΙ.
1467 161 1565 209 265

115 286 226 340 τὰς’
207 283 439 342 ενεγκουσας
459 282 608 334 αὐτοὺς
628 281 906 332 ἀπολείποντες
925 275 1121 332 ἅπαντες,
1147 278 1215 321 καὶ
1235 276 1435 338 ῥαθυμεῖν
1459 281 1568 332 μᾶλ-

115 362 186 401 λον
205 374 232 411 η
253 353 415 410 κάμνειν
434 351 656 411 σωφρόνως
675 352 881 401 ἐθέλοντες
903 347 970 392 οια
991 349 1094 405 μηδὲ
1117 344 1435 405 συγχωρούμενοι
1447 376 1461 398 ,
1495 347 1568 401 τὴν

114 424 311 481 βασιλέως
327 422 443 466 πόλιν
463 422 584 477 όχλου
606 418 809 479 ἀχρήστου
830 417 1090 477 ἐνεφόρησαν.
1157 418 1224 460 καὶ
1245 409 1414 466 πολὺς
1388 433 1438 469 ην
1460 412 1481 456 ὅ
1500 412 1569 457 νό-

113 510 192 549 μος
208 491 310 549 πρὸς
331 493 513 550 ἀπειρίαν
530 487 792 544 πταισμάτων
812 492 871 546 τῷ
893 485 1043 542 πλήθει
1071 482 1431 539 συνεκτεινόμενος,
1466 482 1568 526 ὥστε

83 563 183 607 baal
209 561 305 612 τοὺς
334 561 380 604 τὸ
409 561 503 618 πρὶν
531 558 803 614 ἠμελημένους
822 556 1023 615 ἄρχοντας
1041 560 1306 613 προαγαγεῖν,
1340 550 1573 610 πραίτωράς

113 647 156 682 (τε
185 631 252 673 καὶ
281 631 571 686 κυαισίτωρας,
605 626 708 670 κατὰ
732 624 806 681 τήν
833 643 927 669 ποτε
949 623 1210 683 κρατήσασαν
1231 621 1342 680 παρὰ
1359 619 1572 677 Ῥωμαίοις

113 697 355 754 συνήθειαν,
387 696 443 748 ὥς
471 693 870 755 προαφηγησάμεθα.
937 699 1018 737 τῶν
1040 695 1083 736 δὲ
1104 699 1189 744 τοῖς
1213 689 1477 749 ἁμαρτήμασι
1497 693 1570 733 τοῦ

114 765 246 822 δήμου
265 765 496 819 ἐπεξιόντων
512 763 810 823 σφοδρότερον,
845 763 1024 806 ἀναστὰν
1040 762 1086 805 τὸ
1106 766 1268 817 πλῆθος
1289 762 1355 803 καὶ
1377 761 1432 810 εἷς
1447 775 1572 802 κακο-

116 837 290 891 δαίμονα
307 835 508 890 συναχθὲν
530 832 717 889 ὁμόνοιαν
733 837 869 876 πᾶσαν
886 832 1001 888 ἔγγὺς
1022 831 1094 885 τὴν
1115 829 1230 874 πόλιν
1249 830 1450 886 ἐνέπρησε.
1506 829 1573 871 καὶ

62 903 137 949 1οὅ
158 906 232 959 μέν
255 902 536 958 Καππαδόκης
556 903 736 959 ἄφαντος
758 902 931 956 ἐγένετο,
967 900 1095 983 ἀρχῆς
1119 900 1163 941 δὲ
1183 897 1406 952 λαβόμενον
1424 897 1469 940 τὸ
1492 900 1573 954 πῦρ

116 974 161 1016 ἔκ
191 978 272 1016 τῶν
302 978 375 1028 τῆς
402 973 530 1027 αὐλῆς
561 969 748 1022 εισόδων,
778 967 862 1012 εἶτα
893 970 935 1020 ἐξ
963 968 1096 1010 αὐτῶν
1123 968 1186 1010 ἐπὶ
1204 967 1249 1009 τὸ
1269 970 1428 1023 πρῶτον
1454 964 1573 1023 ἱερόν,

115 1042 160 1092 ἓξ
181 1036 237 1085 ὧν
257 1042 320 1084 ἐπὶ
338 1042 410 1096 τὴν
422 1041 643 1083 Ἰουλιανοῦ
659 1039 894 1096 γερουσίαν,
927 1035 977 1092 ἣν
1005 1039 1174 1078 καλοῦσι
1197 1036 1360 1078 σε’νατον
1381 1034 1484 1076 κατὰ
1499 1034 1573 1089 τὴν

116 1108 360 1166 Αὔγουστον
391 1125 611 1165 πανηγυριν
621 1139 634 1159 ,
671 1107 749 1164 ἀφ’
777 1124 826 1161 ης
846 1107 908 1148 ἐπὶ
931 1105 1004 1160 τὴν
1012 1104 1177 1190 ἀγορὰν
1199 1122 1249 1159 rv
1278 1107 1354 1145 καὶ
1357 1107 1447 1146 οῦσι
1467 1101 1574 1145 Ζεύ-

114 1181 259 1229 ξιππον
276 1177 355 1220 ἀπὸ
372 1179 599 1228 Ζευξίππου
617 1175 829 1230 βασιλέως,
850 1172 927 1231 ὕφ’
951 1175 984 1214 ὡ
1006 1175 1069 1216 ἔπι
1086 1178 1157 1228 τῆς
1172 1189 1411 1229 τριακοστης
1431 1169 1575 1227 ὀγδόης

60 1254 103 1290 15
115 1245 364 1300 ὀλυμπιάδος
383 1248 591 1302 Μεγαρεῖς
613 1246 668 1295 εις
689 1241 910 1296 Βυζάντιον
930 1240 1218 1296 ἀποικήσαντες
1240 1240 1342 1297 πρὸς
1360 1239 1478 1294 τιμὴν
1498 1240 1574 1282 αὖ·

114 1319 186 1358 τοῦ
222 1315 295 1369 τὴν
330 1313 482 1371 ἀγορὰν
510 1312 639 1363 οὕτως
673 1310 937 1366 ἐπωνόμασαν
946 1342 959 1363 ,
1000 1308 1188 1366 καθάπερ
1224 1308 1298 1359 τὰς
1326 1306 1574 1365 Χαριδήμου

115 1383 239 1434 στοὰς
256 1383 293 1426 οἱ
311 1380 485 1434 Κύζικον
506 1382 724 1431 οἰκίσαντες
744 1382 973 1437 Μεγαρεῖς·
1008 1381 1075 1422 καὶ
1173 1381 1410 1432 βασιλεῦσαι
1427 1374 1575 1432 Ἑλλή-

115 1469 195 1495 νων
223 1449 532 1507 μνημονεύεται,
568 1447 624 1499 ὡς
652 1447 673 1492 ὃ
701 1447 881 1505 Κάστωρ
911 1449 952 1491 ἓν
982 1448 1151 1504 ἐπιτομῇ
1168 1450 1365 1504 χρονικῶν
1387 1446 1574 1488 ἀπέθετο.

116 1519 163 1566 ττό
184 1520 262 1577 γὰρ
282 1517 477 1575 δημόσιον
493 1522 708 1573 βαλανεῖον
720 1516 938 1574 Σεβήρειον
957 1517 1035 1558 ἀπὸ
1054 1514 1237 1572 Σεβήρου
1249 1513 1458 1568 Ῥωμαίων
1474 1512 1575 1570 ἡγη-

61 1589 291 1643 9οσαμὲνου
323 1586 662 1645 παρωνόμασται,
697 1585 743 1636 ὃς
771 1586 981 1642 ἀρθρίτιδι
1008 1583 1113 1642 νόσῳ
1210 1599 1356 1637 υμενος
1387 1584 1572 1637 {amcam

114 1658 160 1701 τὸ
182 1661 416 1711 βαλανεῖον,
442 1659 751 1714 προσκαρτερῶν
769 1659 818 1712 τῇ
845 1652 989 1714 Θρᾴκῃ
1008 1654 1076 1696 διὰ
1094 1653 1167 1707 τὴν
1190 1652 1291 1709 πρὸς
1311 1655 1466 1709 Νἴγρον
1483 1654 1575 1694 δια-

204 1797 230 1832 3
251 1792 360 1840 ὄχλον
383 1791 564 1841 αχρηστον
585 1795 704 1841 vulgo.
871 1795 895 1830 9
915 1794 1189 1850 κακοδαίμονας
1212 1794 1259 1828 C:
1284 1804 1353 1846 quo
1376 1796 1517 1884 servlato
1540 1794 1572 1828 F

207 1839 394 1886 ὁμονοίας.
533 1843 575 1878 15
596 1853 765 1886 μεσγαρις
788 1841 832 1876 C.
945 1839 1042 1886 πρὸς
1058 1852 1165 1885 τιμης
1186 1839 1368 1874 usitatius.
1392 1850 1428 1873 v.
1476 1839 1574 1874 ‚168

209 1891 270 1932 10,
310 1890 380 1923 240
418 1889 702 1924 1216
738 1884 964 1933 χαριδήμους
999 1888 1042 1923 C.
1228 1887 1270 1921 17
1293 1852 1507 1930 οἰκήσαντες
1529 1886 1573 1920 C.

205 1934 286 1979 lego
307 1934 371 1969 καὶ
393 1946 474 1979 γαρ.
496 1935 544 1970 F.

116 2058 275 2103 unitata,
308 2070 405 2093 suam
428 2057 576 2111 quisque
596 2057 745 2102 patriam
768 2042 1024 2101 relinquentes,
1049 2067 1124 2090 cum
1147 2055 1250 2090 otiari
1273 2066 1374 2100 quam
1397 2054 1576 2100 sapienter

115 2104 278 2140 laborare
300 2105 454 2148 mallent,
487 2103 618 2148 quippe
637 2115 680 2136 ne
700 2102 832 2147 copiam
855 2102 993 2147 quidem
1017 2103 1205 2145 habentes,
1238 2101 1495 2155 imperatoriam
1514 2114 1573 2136 ur-

116 2151 196 2185 bem
217 2150 331 2184 inutili
361 2151 465 2184 turba
493 2149 688 2194 replebant.
737 2149 984 2193 crescebatque
1009 2154 1128 2183 contra
1148 2148 1327 2182 innumera
1353 2146 1481 2182 delicta
1505 2159 1575 2182 una

118 2208 195 2232 cum
223 2195 442 2230 multitudine
466 2195 558 2239 legis
590 2193 778 2238 severitas,
821 2195 907 2228 adeo
936 2200 974 2228 ut
1003 2200 1105 2228 antea
1131 2194 1307 2239 neglectos
1338 2194 1574 2238 magistratus,

117 2248 299 2295 praetores
324 2248 360 2275 et
380 2241 615 2295 quaesitores,
636 2240 734 2275 iuxta
754 2240 902 2294 priscam
927 2241 1019 2285 apud
1041 2240 1232 2286 Romanos,
1260 2246 1299 2275 ut
1321 2252 1428 2286 supra
1443 2252 1574 2274 memo-

115 2287 290 2332 ravimus,
323 2286 625 2330 consuetudinem,
657 2286 843 2320 creaverit.
890 2286 951 2330 qui
981 2298 1056 2320 cum
1079 2286 1198 2332 populi
1215 2292 1361 2332 peccata
1384 2297 1573 2332 perseque-

114 2339 240 2368 rentur
269 2333 405 2378 acrius,
442 2333 556 2367 excita
586 2332 788 2375 multitudo,
822 2336 858 2366 et
883 2331 1010 2366 fatales
1043 2332 1079 2366 in
1109 2333 1356 2367 consensiones
1387 2332 1576 2386 compulsa,

115 2384 226 2417 ,totam
259 2391 370 2424 paene
405 2381 526 2414 urbem
562 2378 723 2413 incendio
762 2358 903 2413 d'elevit.
951 2384 988 2412 et
1026 2379 1217 2432 Cappadox
1248 2377 1387 2431 quidem
1421 2377 1577 2421 evanuit,

116 2424 131 2463 i
181 2424 210 2458 is
228 2436 334 2469 vero,
355 2425 455 2459 initio
481 2437 524 2459 ex
550 2424 649 2459 aulae
672 2424 822 2459 aditibus
848 2429 971 2469 capto,
994 2426 1039 2458 ab
1063 2425 1107 2458 iis
1133 2436 1237 2470 porro
1260 2425 1302 2458 ad
1327 2424 1472 2468 primum
1490 2430 1577 2458 tem-

115 2481 143 2516 p
178 2482 230 2514 m,
266 2472 310 2505 ab
334 2471 400 2505 hoc
424 2472 468 2505 ad
490 2470 616 2505 Iuliani
634 2470 785 2514 curiam,
813 2482 914 2515 quem
937 2476 1094 2504 senatum
1114 2471 1300 2504 secundum
1323 2470 1471 2514 Augusti
1497 2481 1579 2503 con-

114 2516 358 2560 gregationem
381 2523 527 2561 vocant,
551 2516 704 2561 indeque
723 2517 767 2550 ad
790 2516 902 2550 forum
923 2527 1128 2562 progressus
1153 2522 1223 2560 est,
1252 2516 1344 2561 quod
1363 2516 1581 2561 Zeuxippum

121 2574 144 2596 a
165 2561 347 2615 Zeuxippo
377 2575 462 2607 rege
490 2568 634 2607 vocant,
666 2563 731 2597 sub
758 2574 824 2607 quo
850 2563 1062 2606 octogesima
1091 2568 1215 2596 octava
1238 2561 1435 2615 olympiade
1457 2562 1580 2606 Mega-

121 2607 274 2642 rensium
297 2608 432 2642 colonia
454 2608 664 2653 Byzantium
685 2607 791 2642 missa
813 2608 850 2642 in
875 2609 950 2642 eius
977 2609 1140 2642 honorem
1167 2609 1278 2642 forum
1303 2608 1353 2642 ita
1377 2607 1579 2653 appellavit,

121 2654 406 2698 quemadmodum
431 2655 631 2689 Charidemi
659 2654 872 2707 porticibus,
908 2654 969 2699 qui
1000 2654 1166 2697 Cyzicum
1197 2653 1427 2688 condiderunt
1455 2654 1578 2698 Mega-

122 2710 262 2743 tensa,
295 2711 419 2734 nomen
440 2712 608 2746 posuere·
641 2699 768 2735 etenim
795 2700 985 2744 imperasse
1009 2700 1155 2734 Graecis
1177 2699 1347 2744 traditur,
1377 2699 1428 2734 uti
1450 2701 1579 2735 Castor

123 2745 159 2778 in
193 2745 343 2789 epitome
374 2746 624 2781 Chronicorum
658 2746 951 2781 commemoravit.
997 2745 1155 2780 balneum
1180 2745 1372 2800 publicum
1374 2751 1487 2780 autem
1511 2747 1577 2780 se-

123 2790 256 2824 verium
284 2803 305 2825 a
331 2792 464 2826 Severo
484 2792 716 2828 Romanorum
739 2792 947 2837 impelatore
976 2792 1185 2826 nominatum
1210 2796 1282 2835 est,
1315 2791 1373 2837 qui
1400 2792 1577 2827 articulari

124 2838 245 2876 morbo
265 2837 426 2873 laborans
443 2837 603 2881 balneum
623 2838 708 2874 illud
729 2838 919 2884 exstruxit,
942 2844 1087 2884 propter
1109 2843 1219 2872 ortam
1238 2818 1331 2873 in’ter
1351 2849 1427 2873 eum
1451 2844 1487 2874 et
1507 2838 1577 2875 Ni-
