1748 3210
214 647 966 722 DOMINICUS
1071 646 1402 720 FUSS
1555 689 1735 726 pm„

515 784 1106 846 LECTORL

75 1079 256 1149 Primae
283 1101 449 1142 editioni
473 1103 632 1143 Ioannis
656 1102 760 1157 Lydi
782 1104 912 1156 operis
937 1102 987 1142 de
1008 1099 1305 1154 Magistratibus
1327 1101 1385 1140 rei
1406 1102 1543 1154 publi-

75 1185 146 1211 cae
169 1175 372 1212 Romanae
385 1202 396 1222 ,
427 1185 549 1225 quam
567 1171 671 1210 mihi
689 1171 893 1210 mandavit
910 1173 972 1211 vir
988 1171 1281 1208 illustrissimus
1301 1172 1412 1208 cuius
1433 1185 1454 1208 e
1473 1184 1543 1208 co-

76 1238 166 1279 dice
198 1241 390 1293 cuiusque
414 1241 685 1278 munificentia
711 1254 818 1278 nunc
835 1242 878 1278 in
895 1241 1029 1278 lucem
1047 1237 1202 1290 prodit,
1231 1251 1359 1290 pauca
1376 1237 1477 1276 haec
1493 1237 1544 1275 de

76 1308 214 1347 labore
231 1321 323 1346 meo
339 1308 511 1359 praefari
529 1321 611 1346 non
629 1309 770 1346 inutile
788 1307 978 1346 iudicavi.
1112 1357 1116 1368 ⁸

191 1374 350 1424 Codex,
380 1388 459 1428 quo
489 1388 568 1413 uno
596 1388 691 1414 usus
720 1389 833 1424 sum,
863 1382 947 1413 tam
969 1375 1074 1412 male
1099 1373 1263 1412 affectus
1288 1381 1348 1412 est
1368 1381 1413 1412 ut
1432 1387 1545 1414 com-

76 1444 259 1497 pluribus
289 1443 388 1483 locis
415 1444 566 1495 legenti
590 1456 752 1496 prorsus
782 1444 832 1480 sit
858 1440 1171 1494 desperandum,
1203 1443 1368 1494 eiusque
1396 1449 1441 1480 ut
1467 1443 1546 1480 alia

75 1513 227 1562 multa,
265 1512 322 1550 sic
360 1525 414 1549 ex
449 1525 567 1563 opere
608 1511 658 1549 de
695 1510 991 1561 Magistratibus
1030 1522 1111 1548 non
1138 1522 1266 1561 pauca
1293 1511 1544 1550 interierunt.

74 1593 179 1633 quae
195 1593 289 1619 vero
311 1593 363 1618 ex
384 1577 461 1617 hoc
479 1581 566 1631 ipso
589 1593 708 1631 opere
728 1592 841 1617 casus
859 1591 1066 1630 superesse
1083 1578 1231 1626 voluit,
1263 1591 1329 1627 ea,
1360 1581 1544 1631 quamvis
1569 1598 1606 1633 p.
1632 1596 1746 1622 Lxxxx

74 1649 195 1701 paulo
224 1661 346 1701 quam
371 1654 522 1685 ceterae
550 1648 740 1701 reliquiae
765 1648 972 1684 laetiorem
1000 1653 1149 1684 sortem
1178 1653 1364 1698 experta,
1405 1648 1544 1686 multis

75 1723 211 1754 tamen
228 1717 327 1754 locis
344 1716 508 1754 obscura
529 1722 684 1753 tantum
705 1717 910 1754 literarum
931 1714 1124 1766 vestigia,
1153 1715 1292 1753 multis
1313 1727 1470 1768 quoque
1492 1729 1543 1754 ne

74 1781 175 1822 haec
193 1782 357 1836 quidem
375 1782 580 1822 exhibent.

186 1853 313 1900 Quare
332 1853 462 1904 prima
481 1850 584 1889 mihi
607 1865 699 1890 cura
719 1852 796 1890 fuit
817 1859 994 1901 textum,
1028 1849 1160 1905 quoad
1180 1850 1267 1888 fieri
1287 1858 1422 1903 posset
1436 1881 1446 1901 ,
1475 1853 1542 1890 in·-

73 1926 233 1972 tegrum
252 1919 423 1958 tradere.
482 1918 575 1958 huic
589 1922 858 1972 ingratissimo
879 1922 1036 1958 muneri
1053 1934 1124 1972 pro
1144 1919 1295 1958 viribus
1315 1921 1542 1958 satisfacere

74 1989 261 2040 cupiens,
289 1987 576 2041 investigandis
604 1990 810 2027 literarum
838 1990 1016 2042 reliquiis
1046 1987 1313 2040 comparando
1341 1996 1380 2026 et
1405 1991 1542 2027 conie-

74 2054 217 2094 ctando
242 2057 462 2108 plurimum
489 2058 679 2109 temporis
706 2059 926 2109 insumpsi3
958 2069 1037 2109 quo
1073 2056 1239 2110 quidem
1264 2055 1309 2094 id
1338 2066 1542 2097 assecutus

74 2137 166 2163 sum
193 2131 239 2162 ut
267 2126 427 2163 nonnisi
454 2126 693 2176 paucissima
712 2127 914 2164 omiserim
936 2132 1002 2162 aut
1022 2137 1165 2162 manca
1185 2125 1438 2177 reliquerim,
1468 2141 1544 2164 ne·

76 2203 156 2244 que
173 2198 320 2241 tamen,
352 2191 460 2244 quod
479 2194 657 2230 maxime
677 2193 898 2232 cavendum
917 2193 1120 2245 putabam,
1150 2199 1300 2231 temere
1321 2193 1542 2247 quidquam

74 2260 119 2296 in
154 2266 311 2298 textum
343 2263 573 2313 receperim.
630 2275 703 2300 nec
733 2263 931 2299 minorem
959 2275 1094 2299 curam
1112 2268 1247 2300 textus
1270 2262 1542 2302 emendationi

74 2325 277 2378 impendi,
307 2329 434 2366 multo
457 2327 690 2378 difficiliori,
719 2335 807 2367 tum
826 2328 935 2382 quod
954 2343 1035 2368 uno
1056 2336 1214 2368 tantum
1233 2329 1369 2368 codice
1387 2334 1541 2383 utebar,

74 2401 161 2432 tum
188 2394 297 2448 quod
322 2396 509 2434 orationis
531 2394 826 2436 distinctionem
847 2404 916 2436 aut
933 2399 1089 2436 nullam
1108 2405 1176 2436 aut
1198 2411 1429 2450 perversam
1449 2402 1542 2453 ple-

75 2475 242 2516 rumque
270 2464 528 2516 reperiebam.
585 2467 681 2504 vitia
713 2473 847 2504 autem
875 2453 1108 2518 multiplicis
1131 2468 1289 2518 generis
1309 2470 1461 2519 passim
1481 2477 1540 2510 tot
1555 2486 1593 2520 p.
1611 2484 1744 2512 Lxxxn

76 2531 350 2582 occurrebant,
379 2539 443 2582 ut,
474 2533 600 2571 sicubi
618 2535 701 2572 sive
721 2534 912 2572 mendam
929 2547 1011 2572 non
1035 2532 1335 2586 deprehendero
1354 2538 1439 2576 sive
1458 2540 1539 2578 mi-

75 2610 153 2636 nus
183 2606 286 2637 recte
318 2599 580 2640 emendavero
593 2631 603 2651 ‚
634 2604 700 2640 vel
721 2610 882 2655 propter
905 2602 1227 2655 corrigendorum
1246 2601 1452 2645 ingentem
1472 2611 1542 2636 co-

76 2665 186 2716 piam
207 2666 255 2703 ab
276 2669 410 2720 aequis
427 2669 641 2709 lectoribus
660 2673 821 2709 veniam
837 2684 995 2723 sperare
1015 2673 1158 2709 ausim.
1218 2677 1336 2720 atque
1354 2662 1432 2702 hoc
1450 2666 1539 2706 loco

75 2745 233 2786 nequeo
251 2736 348 2787 quin
365 2736 466 2775 ean.
484 2740 638 2777 Bennn.
656 2741 794 2778 HAs1o
814 2746 853 2777 et
870 2740 1093 2778 Gnmomo
1112 2740 1353 2776 GssonmAm
1368 2737 1538 2773 ZAmrco

75 2798 446 2853 Thessalonicensi,
477 2804 716 2846 doctissimis
733 2809 851 2858 viris,
880 2809 1040 2859 publice
1057 2807 1204 2859 gratias
1223 2816 1363 2857 agam:
1393 2805 1539 2858 quippe
