<?xml version="1.0" encoding="UTF-8"?>
<!DOCTYPE html PUBLIC "-//W3C//DTD XHTML 1.0 Transitional//EN"
    "http://www.w3.org/TR/xhtml1/DTD/xhtml1-transitional.dtd">
<html xmlns="http://www.w3.org/1999/xhtml" xml:lang="en" lang="en">
 <head>
  <title>
</title>
<meta http-equiv="Content-Type" content="text/html;charset=utf-8" />
  <meta name='ocr-system' content='tesseract 3.04.00' />
  <meta name='ocr-capabilities' content='ocr_page ocr_carea ocr_par ocr_line ocrx_word'/>
</head>
<body>
  <div class='ocr_page' id='page_1' title='image "./corpusscriptorum27niebuoft/corpusscriptorum27niebuoft_0329.png"; bbox 0 0 1748 3210; ppageno 0'>
   <div class='ocr_carea' id='block_1_1' title="bbox 378 201 1580 263">
    <p class='ocr_par' dir='ltr' id='par_1_1' title="bbox 378 201 1580 263">
     <span class='ocr_line' id='line_1_1' title="bbox 378 201 1580 263; baseline 0.001 -1"><span class='ocrx_word' id='word_1_1' title='bbox 378 221 454 263; x_wconf 90' lang='lat' dir='ltr'>DE</span> <span class='ocrx_word' id='word_1_2' title='bbox 487 217 934 262; x_wconf 79' lang='lat' dir='ltr'>MAGISTRATIBUS</span> <span class='ocrx_word' id='word_1_3' title='bbox 966 216 1012 260; x_wconf 88' lang='lat' dir='ltr'>P.</span> <span class='ocrx_word' id='word_1_4' title='bbox 1045 217 1097 259; x_wconf 83' lang='lat' dir='ltr'>R.</span> <span class='ocrx_word' id='word_1_5' title='bbox 1132 216 1237 261; x_wconf 84' lang='lat' dir='ltr'><strong>LIB.</strong></span> <span class='ocrx_word' id='word_1_6' title='bbox 1263 201 1345 260; x_wconf 84' lang='lat'>111.</span> <span class='ocrx_word' id='word_1_7' title='bbox 1483 217 1580 263; x_wconf 79' lang='lat'>259</span> 
     </span>
    </p>
   </div>
   <div class='ocr_carea' id='block_1_2' title="bbox 71 329 1588 1827">
    <p class='ocr_par' dir='ltr' id='par_1_2' title="bbox 71 329 1588 1827">
     <span class='ocr_line' id='line_1_2' title="bbox 113 329 1582 389; baseline -0.006 -9"><span class='ocrx_word' id='word_1_8' title='bbox 113 333 249 389; x_wconf 53' lang='lat' dir='ltr'>Jddvac</span> <span class='ocrx_word' id='word_1_9' title='bbox 280 334 421 378; x_wconf 76' lang='grc' dir='ltr'><em>ὡσανεὶ</em></span> <span class='ocrx_word' id='word_1_10' title='bbox 458 332 644 384; x_wconf 84' lang='grc' dir='ltr'><em>σινὸόνας</em></span> <span class='ocrx_word' id='word_1_11' title='bbox 674 332 797 375; x_wconf 70' lang='grc' dir='ltr'><em>οἴεται</em></span> <span class='ocrx_word' id='word_1_12' title='bbox 827 332 1096 389; x_wconf 77' lang='grc' dir='ltr'><strong><em>χρηματίζειν.</em></strong></span> <span class='ocrx_word' id='word_1_13' title='bbox 1163 335 1330 373; x_wconf 82' lang='grc' dir='ltr'><em>τοιαῦτα</em></span> <span class='ocrx_word' id='word_1_14' title='bbox 1351 331 1424 384; x_wconf 75' lang='grc' dir='ltr'>μὲν</span> <span class='ocrx_word' id='word_1_15' title='bbox 1449 329 1498 372; x_wconf 71' lang='grc' dir='ltr'>ἄν</span> <span class='ocrx_word' id='word_1_16' title='bbox 1522 348 1582 389; x_wconf 78' lang='grc' dir='ltr'>τις</span> 
     </span>
     <span class='ocr_line' id='line_1_3' title="bbox 122 397 1582 461; baseline -0.003 -16"><span class='ocrx_word' id='word_1_17' title='bbox 122 403 185 455; x_wconf 79' lang='grc' dir='ltr'>,ὥς</span> <span class='ocrx_word' id='word_1_18' title='bbox 201 405 258 446; x_wconf 80' lang='grc' dir='ltr'>-ἓν</span> <span class='ocrx_word' id='word_1_19' title='bbox 285 402 532 461; x_wconf 85' lang='grc' dir='ltr'><em>παρεκβάσει</em></span> <span class='ocrx_word' id='word_1_20' title='bbox 564 403 692 458; x_wconf 84' lang='grc' dir='ltr'><em>λέγοι,</em></span> <span class='ocrx_word' id='word_1_21' title='bbox 762 400 886 456; x_wconf 86' lang='grc'>(65)</span> <span class='ocrx_word' id='word_1_22' title='bbox 922 401 998 456; x_wconf 66' lang='grc' dir='ltr'>ἐγὼ</span> <span class='ocrx_word' id='word_1_23' title='bbox 1025 400 1068 442; x_wconf 78' lang='grc' dir='ltr'>δὲ</span> <span class='ocrx_word' id='word_1_24' title='bbox 1093 399 1194 456; x_wconf 85' lang='grc' dir='ltr'><em>πρὸς</em></span> <span class='ocrx_word' id='word_1_25' title='bbox 1213 399 1281 441; x_wconf 79' lang='grc' dir='ltr'>τὸν</span> <span class='ocrx_word' id='word_1_26' title='bbox 1302 397 1582 453; x_wconf 79' lang='grc' dir='ltr'><em>Καππαδόκην</em></span> 
     </span>
     <span class='ocr_line' id='line_1_4' title="bbox 111 467 1583 526; baseline -0.004 -11"><span class='ocrx_word' id='word_1_27' title='bbox 111 470 318 526; x_wconf 47' lang='lat' dir='ltr'>spaciatum.</span> <span class='ocrx_word' id='word_1_28' title='bbox 372 475 596 514; x_wconf 73' lang='grc' dir='ltr'><em>ἐπεσπῶντο</em></span> <span class='ocrx_word' id='word_1_29' title='bbox 618 471 662 513; x_wconf 76' lang='grc' dir='ltr'>δὲ</span> <span class='ocrx_word' id='word_1_30' title='bbox 683 469 806 512; x_wconf 74' lang='grc' dir='ltr'><em>αὐτὸν</em></span> <span class='ocrx_word' id='word_1_31' title='bbox 819 468 986 525; x_wconf 89' lang='grc' dir='ltr'><em>πόρναι,</em></span> <span class='ocrx_word' id='word_1_32' title='bbox 1013 467 1085 510; x_wconf 69' lang='grc' dir='ltr'><em>ὑπ’</em></span> <span class='ocrx_word' id='word_1_33' title='bbox 1112 467 1244 510; x_wconf 74' lang='grc' dir='ltr'><em>ἄλλων</em></span> <span class='ocrx_word' id='word_1_34' title='bbox 1259 472 1418 524; x_wconf 80' lang='grc' dir='ltr'><em>πορνῶν</em></span> <span class='ocrx_word' id='word_1_35' title='bbox 1432 484 1583 523; x_wconf 87' lang='grc' dir='ltr'><em>γυμνο-</em></span> 
     </span>
     <span class='ocr_line' id='line_1_5' title="bbox 127 536 1582 599; baseline -0.004 -15"><span class='ocrx_word' id='word_1_36' title='bbox 127 546 266 599; x_wconf 74' lang='grc' dir='ltr'><em>φανῶν</em></span> <span class='ocrx_word' id='word_1_37' title='bbox 303 539 622 595; x_wconf 80' lang='grc' dir='ltr'><em>βασταζόμενον,</em></span> <span class='ocrx_word' id='word_1_38' title='bbox 667 537 889 596; x_wconf 82' lang='grc' dir='ltr'><em>φιλήμασιν</em></span> <span class='ocrx_word' id='word_1_39' title='bbox 923 536 1123 588; x_wconf 75' lang='grc' dir='ltr'><em>ἐκλύτοις,</em></span> <span class='ocrx_word' id='word_1_40' title='bbox 1159 537 1260 593; x_wconf 86' lang='grc' dir='ltr'><em>πρὸς</em></span> <span class='ocrx_word' id='word_1_41' title='bbox 1291 539 1404 590; x_wconf 80' lang='grc' dir='ltr'><em>μῖξιν</em></span> <span class='ocrx_word' id='word_1_42' title='bbox 1438 536 1582 587; x_wconf 80' lang='grc' dir='ltr'><em>αὐτίκα</em></span> 
     </span>
     <span class='ocr_line' id='line_1_6' title="bbox 93 605 1584 665; baseline -0.005 -12"><span class='ocrx_word' id='word_1_43' title='bbox 93 611 397 665; x_wconf 75' lang='grc' dir='ltr'><em>σβιαζομένοις·</em></span> <span class='ocrx_word' id='word_1_44' title='bbox 434 607 455 651; x_wconf 84' lang='grc' dir='ltr'><em>ὃ</em></span> <span class='ocrx_word' id='word_1_45' title='bbox 487 610 529 650; x_wconf 73' lang='grc' dir='ltr'>δὲ</span> <span class='ocrx_word' id='word_1_46' title='bbox 558 608 770 662; x_wconf 76' lang='grc' dir='ltr'><em>κεχυμένος</em></span> <span class='ocrx_word' id='word_1_47' title='bbox 801 608 844 648; x_wconf 74' lang='grc' dir='ltr'>ἐκ</span> <span class='ocrx_word' id='word_1_48' title='bbox 871 611 951 649; x_wconf 79' lang='grc' dir='ltr'>τῶν</span> <span class='ocrx_word' id='word_1_49' title='bbox 982 606 1292 663; x_wconf 76' lang='grc' dir='ltr'><em>προτεινομένων</em></span> <span class='ocrx_word' id='word_1_50' title='bbox 1314 605 1430 659; x_wconf 80' lang='grc' dir='ltr'><em>ὄψων</em></span> <span class='ocrx_word' id='word_1_51' title='bbox 1451 622 1494 647; x_wconf 81' lang='grc' dir='ltr'>τε</span> <span class='ocrx_word' id='word_1_52' title='bbox 1515 606 1584 647; x_wconf 81' lang='grc' dir='ltr'>καὶ</span> 
     </span>
     <span class='ocr_line' id='line_1_7' title="bbox 125 668 1585 735; baseline -0.004 -14"><span class='ocrx_word' id='word_1_53' title='bbox 125 682 259 721; x_wconf 78' lang='grc' dir='ltr'><em>ποτῶν</em></span> <span class='ocrx_word' id='word_1_54' title='bbox 290 679 392 735; x_wconf 86' lang='grc' dir='ltr'><em>πρὸς</em></span> <span class='ocrx_word' id='word_1_55' title='bbox 421 679 608 719; x_wconf 74' lang='grc' dir='ltr'><em>κιναίδων</em></span> <span class='ocrx_word' id='word_1_56' title='bbox 638 674 771 718; x_wconf 73' lang='grc' dir='ltr'><em>ἄλλων</em></span> <span class='ocrx_word' id='word_1_57' title='bbox 795 674 1019 729; x_wconf 77' lang='grc' dir='ltr'><em>ἐλάμβανε·</em></span> <span class='ocrx_word' id='word_1_58' title='bbox 1054 679 1232 717; x_wconf 77' lang='grc' dir='ltr'><em>τοσαῦτα</em></span> <span class='ocrx_word' id='word_1_59' title='bbox 1254 675 1298 716; x_wconf 72' lang='grc' dir='ltr'>δὲ</span> <span class='ocrx_word' id='word_1_60' title='bbox 1322 668 1370 728; x_wconf 72' lang='grc' dir='ltr'>ἦν</span> <span class='ocrx_word' id='word_1_61' title='bbox 1391 675 1458 715; x_wconf 84' lang='grc' dir='ltr'>καὶ</span> <span class='ocrx_word' id='word_1_62' title='bbox 1479 671 1585 723; x_wconf 70' lang='grc' dir='ltr'><em>οὕτω</em></span> 
     </span>
     <span class='ocr_line' id='line_1_8' title="bbox 125 740 1585 802; baseline -0.003 -13"><span class='ocrx_word' id='word_1_63' title='bbox 125 747 290 802; x_wconf 80' lang='grc' dir='ltr'><em>μαλακὰ</em></span> <span class='ocrx_word' id='word_1_64' title='bbox 321 745 376 797; x_wconf 82' lang='grc' dir='ltr'>ὥς</span> <span class='ocrx_word' id='word_1_65' title='bbox 403 745 541 799; x_wconf 71' lang='grc' dir='ltr'><em>ἕμετὸν</em></span> <span class='ocrx_word' id='word_1_66' title='bbox 564 745 674 802; x_wconf 74' lang='grc' dir='ltr'><em>αὐτῷ</em></span> <span class='ocrx_word' id='word_1_67' title='bbox 694 751 834 795; x_wconf 79' lang='grc' dir='ltr'><em>κινεῖν,</em></span> <span class='ocrx_word' id='word_1_68' title='bbox 869 745 1008 798; x_wconf 71' lang='grc' dir='ltr'><em>μηκέτι</em></span> <span class='ocrx_word' id='word_1_69' title='bbox 1026 748 1256 800; x_wconf 79' lang='grc' dir='ltr'><em>χωροῦντος</em></span> <span class='ocrx_word' id='word_1_70' title='bbox 1278 747 1349 785; x_wconf 79' lang='grc' dir='ltr'><em>τοῦ</em></span> <span class='ocrx_word' id='word_1_71' title='bbox 1371 740 1585 795; x_wconf 87' lang='grc' dir='ltr'><em>στόματος,</em></span> 
     </span>
     <span class='ocr_line' id='line_1_9' title="bbox 124 809 1585 873; baseline -0.005 -15"><span class='ocrx_word' id='word_1_72' title='bbox 124 814 350 873; x_wconf 78' lang='grc' dir='ltr'><em>χειμάρρου</em></span> <span class='ocrx_word' id='word_1_73' title='bbox 387 816 430 857; x_wconf 82' lang='grc' dir='ltr'>δὲ</span> <span class='ocrx_word' id='word_1_74' title='bbox 464 815 576 868; x_wconf 76' lang='grc' dir='ltr'><em>δίκην</em></span> <span class='ocrx_word' id='word_1_75' title='bbox 610 815 931 864; x_wconf 72' lang='grc' dir='ltr'><em>ἔξαυλακίζοντος</em></span> <span class='ocrx_word' id='word_1_76' title='bbox 963 812 1036 866; x_wconf 74' lang='grc' dir='ltr'>τὴν</span> <span class='ocrx_word' id='word_1_77' title='bbox 1063 810 1220 862; x_wconf 72' lang='grc' dir='ltr'><em>ἑστίαν,</em></span> <span class='ocrx_word' id='word_1_78' title='bbox 1247 813 1314 853; x_wconf 82' lang='grc' dir='ltr'>καὶ</span> <span class='ocrx_word' id='word_1_79' title='bbox 1335 813 1514 853; x_wconf 75' lang='grc' dir='ltr'><em>κίνδυνον</em></span> <span class='ocrx_word' id='word_1_80' title='bbox 1536 809 1585 871; x_wconf 80' lang='grc' dir='ltr'>οὗ</span> 
     </span>
     <span class='ocr_line' id='line_1_10' title="bbox 126 875 1586 942; baseline -0.005 -16"><span class='ocrx_word' id='word_1_81' title='bbox 126 884 271 942; x_wconf 82' lang='grc' dir='ltr'><em>μικρὸν</em></span> <span class='ocrx_word' id='word_1_82' title='bbox 296 885 616 934; x_wconf 67' lang='grc' dir='ltr'><em>ε’ξολισθαίνουσι</em></span> <span class='ocrx_word' id='word_1_83' title='bbox 646 889 730 932; x_wconf 79' lang='grc' dir='ltr'><em>τοῖς</em></span> <span class='ocrx_word' id='word_1_84' title='bbox 748 880 886 931; x_wconf 79' lang='grc' dir='ltr'><em>κόλαξι</em></span> <span class='ocrx_word' id='word_1_85' title='bbox 907 885 965 936; x_wconf 75' lang='grc' dir='ltr'><em>τῷ</em></span> <span class='ocrx_word' id='word_1_86' title='bbox 989 883 1164 937; x_wconf 71' lang='grc' dir='ltr'><em>στιλπνῷ</em></span> <span class='ocrx_word' id='word_1_87' title='bbox 1183 884 1264 921; x_wconf 84' lang='grc' dir='ltr'>τῶν</span> <span class='ocrx_word' id='word_1_88' title='bbox 1283 875 1586 936; x_wconf 76' lang='grc' dir='ltr'><em>ψηφολογημά-</em></span> 
     </span>
     <span class='ocr_line' id='line_1_11' title="bbox 73 946 1586 1008; baseline -0.006 -12"><span class='ocrx_word' id='word_1_89' title='bbox 73 963 118 997; x_wconf 87' lang='grc'>10</span> <span class='ocrx_word' id='word_1_90' title='bbox 127 969 208 996; x_wconf 84' lang='grc' dir='ltr'>των</span> <span class='ocrx_word' id='word_1_91' title='bbox 230 953 502 1008; x_wconf 64' lang='grc' dir='ltr'><em>ἐπιφέροντος.</em></span> <span class='ocrx_word' id='word_1_92' title='bbox 571 949 676 993; x_wconf 73' lang='grc' dir='ltr'><em>οὕτω</em></span> <span class='ocrx_word' id='word_1_93' title='bbox 703 949 862 991; x_wconf 74' lang='grc' dir='ltr'><em>διετέλει</em></span> <span class='ocrx_word' id='word_1_94' title='bbox 883 946 1129 1002; x_wconf 76' lang='grc' dir='ltr'><em>σηπόμενος,</em></span> <span class='ocrx_word' id='word_1_95' title='bbox 1164 946 1376 991; x_wconf 81' lang='grc' dir='ltr'><em>συνάπτων</em></span> <span class='ocrx_word' id='word_1_96' title='bbox 1394 954 1482 998; x_wconf 81' lang='grc' dir='ltr'><em>ταῖς</em></span> <span class='ocrx_word' id='word_1_97' title='bbox 1498 949 1586 997; x_wconf 78' lang='grc' dir='ltr'><em>νυξὶ</em></span> 
     </span>
     <span class='ocr_line' id='line_1_12' title="bbox 124 1014 1585 1077; baseline -0.005 -13"><span class='ocrx_word' id='word_1_98' title='bbox 124 1021 200 1071; x_wconf 76' lang='grc' dir='ltr'><em>τὰς</em></span> <span class='ocrx_word' id='word_1_99' title='bbox 228 1018 417 1077; x_wconf 68' lang='grc' dir='ltr'><em>ἡμέρας,</em></span> <span class='ocrx_word' id='word_1_100' title='bbox 446 1018 547 1062; x_wconf 75' lang='grc' dir='ltr'><em>ὥστε</em></span> <span class='ocrx_word' id='word_1_101' title='bbox 579 1019 705 1074; x_wconf 83' lang='grc' dir='ltr'><em>πέρας</em></span> <span class='ocrx_word' id='word_1_102' title='bbox 732 1018 805 1071; x_wconf 76' lang='grc' dir='ltr'>μὲν</span> <span class='ocrx_word' id='word_1_103' title='bbox 843 1016 952 1073; x_wconf 74' lang='grc' dir='ltr'><em>αὐτῷ</em></span> <span class='ocrx_word' id='word_1_104' title='bbox 984 1014 1209 1072; x_wconf 76' lang='grc' dir='ltr'><em>ἓστιωμένῳ</em></span> <span class='ocrx_word' id='word_1_105' title='bbox 1240 1015 1310 1057; x_wconf 86' lang='grc' dir='ltr'>τὸν</span> <span class='ocrx_word' id='word_1_106' title='bbox 1346 1014 1585 1073; x_wconf 77' lang='grc' dir='ltr'><em>φωσφόρον,</em></span> 
     </span>
     <span class='ocr_line' id='line_1_13' title="bbox 125 1083 1586 1147; baseline -0.005 -15"><span class='ocrx_word' id='word_1_107' title='bbox 125 1089 265 1147; x_wconf 81' lang='grc' dir='ltr'><em>ἀρχὴν</em></span> <span class='ocrx_word' id='word_1_108' title='bbox 288 1089 333 1130; x_wconf 77' lang='grc' dir='ltr'>δὲ</span> <span class='ocrx_word' id='word_1_109' title='bbox 348 1086 607 1143; x_wconf 78' lang='grc' dir='ltr'><em>πραγμάτων</em></span> <span class='ocrx_word' id='word_1_110' title='bbox 635 1086 704 1128; x_wconf 85' lang='grc' dir='ltr'>τὸν</span> <span class='ocrx_word' id='word_1_111' title='bbox 734 1086 900 1142; x_wconf 68' lang='grc' dir='ltr'><em>ἕσπερον</em></span> <span class='ocrx_word' id='word_1_112' title='bbox 922 1085 1118 1140; x_wconf 73' lang='grc' dir='ltr'><em>γίνεσθαι.</em></span> <span class='ocrx_word' id='word_1_113' title='bbox 1186 1083 1295 1133; x_wconf 82' lang='grc' dir='ltr'><em>ὅπως</em></span> <span class='ocrx_word' id='word_1_114' title='bbox 1319 1084 1364 1126; x_wconf 78' lang='grc' dir='ltr'>δὲ</span> <span class='ocrx_word' id='word_1_115' title='bbox 1385 1084 1442 1137; x_wconf 84' lang='grc' dir='ltr'><em>μὴ</em></span> <span class='ocrx_word' id='word_1_116' title='bbox 1466 1083 1586 1137; x_wconf 82' lang='grc' dir='ltr'><em>τυχὸν</em></span> 
     </span>
     <span class='ocr_line' id='line_1_14' title="bbox 124 1151 1587 1214; baseline -0.003 -15"><span class='ocrx_word' id='word_1_117' title='bbox 124 1155 356 1211; x_wconf 76' lang='grc' dir='ltr'><em>ἐμπόδισμα</em></span> <span class='ocrx_word' id='word_1_118' title='bbox 385 1162 475 1205; x_wconf 80' lang='grc' dir='ltr'><em>ταῖς</em></span> <span class='ocrx_word' id='word_1_119' title='bbox 501 1154 726 1214; x_wconf 75' lang='grc' dir='ltr'><em>ῥᾳθυμίαις</em></span> <span class='ocrx_word' id='word_1_120' title='bbox 754 1154 968 1208; x_wconf 70' lang='grc' dir='ltr'><em>ἐγγένοιτο,</em></span> <span class='ocrx_word' id='word_1_121' title='bbox 1003 1152 1208 1206; x_wconf 82' lang='grc' dir='ltr'><em>ἀπολέγειν</em></span> <span class='ocrx_word' id='word_1_122' title='bbox 1232 1151 1428 1201; x_wconf 71' lang='grc' dir='ltr'><em>καθάπαξ</em></span> <span class='ocrx_word' id='word_1_123' title='bbox 1445 1156 1503 1210; x_wconf 74' lang='grc' dir='ltr'><em>τῷ</em></span> <span class='ocrx_word' id='word_1_124' title='bbox 1521 1169 1587 1194; x_wconf 87' lang='grc' dir='ltr'>τε-</span> 
     </span>
     <span class='ocr_line' id='line_1_15' title="bbox 124 1220 1585 1281; baseline -0.005 -13"><span class='ocrx_word' id='word_1_125' title='bbox 124 1226 232 1281; x_wconf 80' lang='grc' dir='ltr'><em>μένει</em></span> <span class='ocrx_word' id='word_1_126' title='bbox 260 1229 333 1279; x_wconf 79' lang='grc' dir='ltr'><em>τῆς</em></span> <span class='ocrx_word' id='word_1_127' title='bbox 359 1225 470 1277; x_wconf 75' lang='grc' dir='ltr'><em>δίκης</em></span> <span class='ocrx_word' id='word_1_128' title='bbox 501 1221 728 1279; x_wconf 78' lang='grc' dir='ltr'><em>(σήκρητον</em></span> <span class='ocrx_word' id='word_1_129' title='bbox 754 1221 852 1269; x_wconf 79' lang='grc' dir='ltr'><em>αὐτὸ</em></span> <span class='ocrx_word' id='word_1_130' title='bbox 879 1224 1069 1263; x_wconf 79' lang='grc' dir='ltr'><em>καλοῦσιν</em></span> <span class='ocrx_word' id='word_1_131' title='bbox 1098 1222 1138 1262; x_wconf 77' lang='grc' dir='ltr'>ἓν</span> <span class='ocrx_word' id='word_1_132' title='bbox 1164 1227 1248 1270; x_wconf 81' lang='grc' dir='ltr'><em>τοῖς</em></span> <span class='ocrx_word' id='word_1_133' title='bbox 1270 1220 1585 1276; x_wconf 74' lang='grc' dir='ltr'><em>δικαστηρίοις),</em></span> 
     </span>
     <span class='ocr_line' id='line_1_16' title="bbox 72 1287 1586 1352; baseline -0.007 -13"><span class='ocrx_word' id='word_1_134' title='bbox 72 1295 365 1352; x_wconf 80' lang='grc' dir='ltr'><em>15φαίνεσθαι,</em></span> <span class='ocrx_word' id='word_1_135' title='bbox 374 1291 497 1346; x_wconf 90' lang='grc' dir='ltr'><em>μόνον</em></span> <span class='ocrx_word' id='word_1_136' title='bbox 521 1289 728 1344; x_wconf 71' lang='grc' dir='ltr'><em>ὑπομένων</em></span> <span class='ocrx_word' id='word_1_137' title='bbox 755 1291 796 1331; x_wconf 77' lang='grc' dir='ltr'>ἓν</span> <span class='ocrx_word' id='word_1_138' title='bbox 820 1289 950 1347; x_wconf 76' lang='grc' dir='ltr'><em>αὐτῷ,</em></span> <span class='ocrx_word' id='word_1_139' title='bbox 985 1288 1048 1331; x_wconf 82' lang='grc' dir='ltr'>ὅτε</span> <span class='ocrx_word' id='word_1_140' title='bbox 1079 1287 1391 1345; x_wconf 79' lang='grc' dir='ltr'><em>περιφερόμενος</em></span> <span class='ocrx_word' id='word_1_141' title='bbox 1415 1293 1464 1344; x_wconf 84' lang='grc' dir='ltr'><em>τῇ</em></span> <span class='ocrx_word' id='word_1_142' title='bbox 1487 1289 1586 1342; x_wconf 84' lang='grc' dir='ltr'><em>ἀμε-</em></span> 
     </span>
     <span class='ocr_line' id='line_1_17' title="bbox 111 1356 1588 1420; baseline -0.003 -17"><span class='ocrx_word' id='word_1_143' title='bbox 111 1363 220 1420; x_wconf 57' lang='grc' dir='ltr'><em>τρία</em></span> <span class='ocrx_word' id='word_1_144' title='bbox 243 1365 322 1404; x_wconf 81' lang='grc' dir='ltr'>τῶν</span> <span class='ocrx_word' id='word_1_145' title='bbox 335 1362 463 1403; x_wconf 83' lang='grc' dir='ltr'><em>,σίτων</em></span> <span class='ocrx_word' id='word_1_146' title='bbox 484 1359 578 1408; x_wconf 79' lang='grc' dir='ltr'><em>τοὺς</em></span> <span class='ocrx_word' id='word_1_147' title='bbox 599 1356 938 1416; x_wconf 71' lang='grc' dir='ltr'><em>ἐπιφανεστάτους</em></span> <span class='ocrx_word' id='word_1_148' title='bbox 958 1361 1030 1411; x_wconf 81' lang='grc' dir='ltr'><em>τῆς</em></span> <span class='ocrx_word' id='word_1_149' title='bbox 1051 1356 1201 1407; x_wconf 79' lang='grc' dir='ltr'><em>τάξεως</em></span> <span class='ocrx_word' id='word_1_150' title='bbox 1221 1364 1308 1406; x_wconf 80' lang='grc' dir='ltr'><em>ταῖς</em></span> <span class='ocrx_word' id='word_1_151' title='bbox 1327 1363 1483 1407; x_wconf 79' lang='grc' dir='ltr'><em>ποιναῖς</em></span> <span class='ocrx_word' id='word_1_152' title='bbox 1503 1357 1588 1407; x_wconf 75' lang='grc' dir='ltr'><em>ἐξέ-</em></span> 
     </span>
     <span class='ocr_line' id='line_1_18' title="bbox 125 1424 1587 1483; baseline -0.003 -11"><span class='ocrx_word' id='word_1_153' title='bbox 125 1435 239 1473; x_wconf 74' lang='grc' dir='ltr'><em>θετο.</em></span> <span class='ocrx_word' id='word_1_154' title='bbox 307 1428 500 1478; x_wconf 75' lang='grc' dir='ltr'><em>δικαστὰς</em></span> <span class='ocrx_word' id='word_1_155' title='bbox 529 1428 572 1470; x_wconf 71' lang='grc' dir='ltr'>δὲ</span> <span class='ocrx_word' id='word_1_156' title='bbox 603 1426 873 1483; x_wconf 81' lang='grc' dir='ltr'><em>προβάλλεται</em></span> <span class='ocrx_word' id='word_1_157' title='bbox 901 1427 963 1467; x_wconf 74' lang='grc' dir='ltr'>ἐπὶ</span> <span class='ocrx_word' id='word_1_158' title='bbox 990 1431 1062 1480; x_wconf 75' lang='grc' dir='ltr'><em>τῆς</em></span> <span class='ocrx_word' id='word_1_159' title='bbox 1083 1426 1282 1479; x_wconf 82' lang='grc' dir='ltr'><em>βασιλέως</em></span> <span class='ocrx_word' id='word_1_160' title='bbox 1306 1430 1449 1476; x_wconf 83' lang='grc' dir='ltr'><em>στοᾶς,</em></span> <span class='ocrx_word' id='word_1_161' title='bbox 1485 1424 1587 1467; x_wconf 78' lang='grc' dir='ltr'><em>ὥστε</em></span> 
     </span>
     <span class='ocr_line' id='line_1_19' title="bbox 124 1491 1587 1554; baseline -0.004 -13"><span class='ocrx_word' id='word_1_162' title='bbox 124 1499 282 1541; x_wconf 70' lang='grc' dir='ltr'><em>ἐκείνων</em></span> <span class='ocrx_word' id='word_1_163' title='bbox 313 1501 393 1540; x_wconf 80' lang='grc' dir='ltr'>τῶν</span> <span class='ocrx_word' id='word_1_164' title='bbox 424 1498 487 1539; x_wconf 77' lang='grc' dir='ltr'>ἐπὶ</span> <span class='ocrx_word' id='word_1_165' title='bbox 512 1494 698 1554; x_wconf 86' lang='grc' dir='ltr'><em>χρήμασι</em></span> <span class='ocrx_word' id='word_1_166' title='bbox 728 1497 849 1538; x_wconf 82' lang='grc' dir='ltr'><em>ὁικιῦν</em></span> <span class='ocrx_word' id='word_1_167' title='bbox 879 1495 1145 1552; x_wconf 80' lang='grc' dir='ltr'><em>ἀκροωμένων</em></span> <span class='ocrx_word' id='word_1_168' title='bbox 1179 1492 1326 1545; x_wconf 74' lang='grc' dir='ltr'><em>αὐτόν,</em></span> <span class='ocrx_word' id='word_1_169' title='bbox 1363 1491 1418 1544; x_wconf 82' lang='grc' dir='ltr'>ὥς</span> <span class='ocrx_word' id='word_1_170' title='bbox 1451 1493 1587 1551; x_wconf 65' lang='grc' dir='ltr'><em>ἔφθην</em></span> 
     </span>
     <span class='ocr_line' id='line_1_20' title="bbox 125 1565 530 1623; baseline -0.007 -13"><span class='ocrx_word' id='word_1_171' title='bbox 125 1565 246 1613; x_wconf 75' lang='grc' dir='ltr'><em>εῗπῶν</em></span> <span class='ocrx_word' id='word_1_172' title='bbox 257 1598 271 1618; x_wconf 95' lang='grc'><em>,</em></span> <span class='ocrx_word' id='word_1_173' title='bbox 307 1566 530 1623; x_wconf 75' lang='grc' dir='ltr'><em>ἀγρυπνεῖν.</em></span> 
     </span>
     <span class='ocr_line' id='line_1_21' title="bbox 71 1627 1587 1689; baseline -0.006 -9"><span class='ocrx_word' id='word_1_174' title='bbox 71 1643 119 1680; x_wconf 74' lang='lat'>20</span> <span class='ocrx_word' id='word_1_175' title='bbox 203 1660 233 1675; x_wconf 67' lang='grc'>.«</span> <span class='ocrx_word' id='word_1_176' title='bbox 264 1634 375 1680; x_wconf 77' lang='lat'>66.</span> <span class='ocrx_word' id='word_1_177' title='bbox 416 1634 502 1676; x_wconf 71' lang='grc' dir='ltr'>Οὐκ</span> <span class='ocrx_word' id='word_1_178' title='bbox 532 1627 584 1688; x_wconf 74' lang='grc' dir='ltr'>’ἦν</span> <span class='ocrx_word' id='word_1_179' title='bbox 615 1627 685 1675; x_wconf 76' lang='grc' dir='ltr'>οὗν</span> <span class='ocrx_word' id='word_1_180' title='bbox 714 1632 760 1675; x_wconf 80' lang='grc' dir='ltr'><em>τὸ</em></span> <span class='ocrx_word' id='word_1_181' title='bbox 794 1632 932 1675; x_wconf 85' lang='grc' dir='ltr'><em>λοιπὸν,</em></span> <span class='ocrx_word' id='word_1_182' title='bbox 963 1631 1009 1673; x_wconf 82' lang='grc' dir='ltr'>οὗ</span> <span class='ocrx_word' id='word_1_183' title='bbox 1043 1630 1245 1689; x_wconf 78' lang='grc' dir='ltr'><em>δικηγόρῳ</em></span> <span class='ocrx_word' id='word_1_184' title='bbox 1276 1631 1434 1685; x_wconf 78' lang='grc' dir='ltr'><em>σπουδὴ</em></span> <span class='ocrx_word' id='word_1_185' title='bbox 1459 1628 1587 1685; x_wconf 87' lang='grc' dir='ltr'><em>λόγων</em></span> 
     </span>
     <span class='ocr_line' id='line_1_22' title="bbox 127 1699 1587 1758; baseline -0.005 -10"><span class='ocrx_word' id='word_1_186' title='bbox 127 1703 437 1758; x_wconf 50' lang='grc' dir='ltr'><em>κοσμῆσαιιτὴν.</em></span> <span class='ocrx_word' id='word_1_187' title='bbox 455 1703 694 1758; x_wconf 81' lang='grc' dir='ltr'><em>συνηγορίαν</em></span> <span class='ocrx_word' id='word_1_188' title='bbox 714 1700 739 1756; x_wconf 79' lang='grc' dir='ltr'>ἢ</span> <span class='ocrx_word' id='word_1_189' title='bbox 764 1703 917 1744; x_wconf 76' lang='grc' dir='ltr'><em>πείθειν</em></span> <span class='ocrx_word' id='word_1_190' title='bbox 936 1699 1113 1757; x_wconf 71' lang='grc' dir='ltr'><em>ἄρχοντα</em></span> <span class='ocrx_word' id='word_1_191' title='bbox 1137 1701 1367 1754; x_wconf 71' lang='grc' dir='ltr'><em>δυναμένων</em></span> <span class='ocrx_word' id='word_1_192' title='bbox 1386 1699 1587 1754; x_wconf 79' lang='grc' dir='ltr'><em>μέγιστον,</em></span> 
     </span>
     <span class='ocr_line' id='line_1_23' title="bbox 128 1767 1587 1827; baseline -0.004 -11"><span class='ocrx_word' id='word_1_193' title='bbox 128 1771 368 1823; x_wconf 77' lang='grc' dir='ltr'><em>οῧδενός.τό</em></span> <span class='ocrx_word' id='word_1_194' title='bbox 397 1771 542 1826; x_wconf 38' lang='grc' dir='ltr'><em>λοιπὸν.</em></span> <span class='ocrx_word' id='word_1_195' title='bbox 565 1771 643 1817; x_wconf 67' lang='grc' dir='ltr'><em>ε’πὶ,</em></span> <span class='ocrx_word' id='word_1_196' title='bbox 660 1769 868 1827; x_wconf 67' lang='grc' dir='ltr'><em>σηκρήτου,</em></span> <span class='ocrx_word' id='word_1_197' title='bbox 890 1769 1164 1827; x_wconf 87' lang='grc' dir='ltr'><em>πραττομένου</em></span> <span class='ocrx_word' id='word_1_198' title='bbox 1177 1801 1190 1821; x_wconf 93' lang='grc'><em>,</em></span> <span class='ocrx_word' id='word_1_199' title='bbox 1236 1768 1283 1811; x_wconf 79' lang='grc' dir='ltr'>οὐ</span> <span class='ocrx_word' id='word_1_200' title='bbox 1316 1769 1531 1825; x_wconf 80' lang='grc' dir='ltr'><em>πρεσβείας</em></span> <span class='ocrx_word' id='word_1_201' title='bbox 1560 1767 1587 1821; x_wconf 84' lang='grc' dir='ltr'>ἢ</span> 
     </span>
    </p>
   </div>
   <div class='ocr_carea' id='block_1_3' title="bbox 145 1871 1632 2017">
    <p class='ocr_par' dir='ltr' id='par_1_3' title="bbox 145 1871 1632 2017">
     <span class='ocr_line' id='line_1_24' title="bbox 187 1871 1587 1925; baseline -0.004 -12"><span class='ocrx_word' id='word_1_202' title='bbox 187 1898 200 1913; x_wconf 62' lang='grc'>.»</span> <span class='ocrx_word' id='word_1_203' title='bbox 214 1882 239 1918; x_wconf 62' lang='grc'>,7</span> <span class='ocrx_word' id='word_1_204' title='bbox 261 1879 411 1925; x_wconf 76' lang='grc' dir='ltr'><em>αἰμετον</em></span> <span class='ocrx_word' id='word_1_205' title='bbox 435 1879 480 1914; x_wconf 86' lang='lat' dir='ltr'>C.</span> <span class='ocrx_word' id='word_1_206' title='bbox 644 1879 687 1913; x_wconf 81' lang='lat'>13</span> <span class='ocrx_word' id='word_1_207' title='bbox 709 1878 840 1913; x_wconf 78' lang='lat' dir='ltr'><strong>excidit</strong></span> <span class='ocrx_word' id='word_1_208' title='bbox 861 1877 1012 1923; x_wconf 84' lang='lat' dir='ltr'>aliquid,</span> <span class='ocrx_word' id='word_1_209' title='bbox 1039 1883 1098 1912; x_wconf 86' lang='lat' dir='ltr'>aut</span> <span class='ocrx_word' id='word_1_210' title='bbox 1121 1877 1303 1923; x_wconf 81' lang='lat' dir='ltr'>legendum</span> <span class='ocrx_word' id='word_1_211' title='bbox 1327 1871 1508 1919; x_wconf 79' lang='grc' dir='ltr'><em>οἷπολέγει.</em></span> <span class='ocrx_word' id='word_1_212' title='bbox 1541 1875 1587 1909; x_wconf 83' lang='lat' dir='ltr'>F.</span> 
     </span>
     <span class='ocr_line' id='line_1_25' title="bbox 145 1919 1590 1966; baseline -0.006 -4"><span class='ocrx_word' id='word_1_213' title='bbox 145 1942 149 1946; x_wconf 77' lang='lat'><em>-</em></span> <span class='ocrx_word' id='word_1_214' title='bbox 177 1943 182 1946; x_wconf 82' lang='lat'>·</span> <span class='ocrx_word' id='word_1_215' title='bbox 218 1928 265 1962; x_wconf 74' lang='lat'>25-</span> <span class='ocrx_word' id='word_1_216' title='bbox 285 1924 415 1966; x_wconf 65' lang='grc' dir='ltr'><em>αὐτοῖς</em></span> <span class='ocrx_word' id='word_1_217' title='bbox 433 1926 478 1960; x_wconf 92' lang='lat' dir='ltr'>C.</span> <span class='ocrx_word' id='word_1_218' title='bbox 617 1926 660 1960; x_wconf 82' lang='lat'>18</span> <span class='ocrx_word' id='word_1_219' title='bbox 677 1922 804 1959; x_wconf 75' lang='grc' dir='ltr'><em>αὐτῶν</em></span> <span class='ocrx_word' id='word_1_220' title='bbox 823 1925 866 1958; x_wconf 88' lang='lat' dir='ltr'>C.</span> <span class='ocrx_word' id='word_1_221' title='bbox 995 1925 1051 1959; x_wconf 66' lang='lat' dir='ltr'>v19</span> <span class='ocrx_word' id='word_1_222' title='bbox 1073 1921 1237 1963; x_wconf 82' lang='grc' dir='ltr'><em>εἰπόντες</em></span> <span class='ocrx_word' id='word_1_223' title='bbox 1249 1923 1300 1959; x_wconf 25' lang='grc' dir='ltr'>ΑΟ.</span> <span class='ocrx_word' id='word_1_224' title='bbox 1326 1934 1370 1956; x_wconf 85' lang='lat' dir='ltr'>an</span> <span class='ocrx_word' id='word_1_225' title='bbox 1390 1919 1446 1960; x_wconf 81' lang='grc' dir='ltr'>οἷς</span> <span class='ocrx_word' id='word_1_226' title='bbox 1465 1919 1590 1965; x_wconf 72' lang='grc' dir='ltr'><em>ἔφθην</em></span> 
     </span>
     <span class='ocr_line' id='line_1_26' title="bbox 216 1963 1632 2017; baseline -0.006 -10"><span class='ocrx_word' id='word_1_227' title='bbox 216 1969 630 2017; x_wconf 67' lang='grc' dir='ltr'><em>εἰπώιέναγρυπνεῖνΤ</em></span> <span class='ocrx_word' id='word_1_228' title='bbox 811 1970 858 2004; x_wconf 78' lang='grc'>20</span> <span class='ocrx_word' id='word_1_229' title='bbox 885 1965 974 2004; x_wconf 73' lang='grc' dir='ltr'>οὐδὲ</span> <span class='ocrx_word' id='word_1_230' title='bbox 1003 1969 1066 2005; x_wconf 50' lang='grc' dir='ltr'>δά)</span> <span class='ocrx_word' id='word_1_231' title='bbox 1245 1969 1290 2002; x_wconf 75' lang='grc'>21.</span> <span class='ocrx_word' id='word_1_232' title='bbox 1324 1963 1348 2012; x_wconf 85' lang='grc' dir='ltr'><strong><em>ἢ</em></strong></span> <span class='ocrx_word' id='word_1_233' title='bbox 1381 1967 1485 2012; x_wconf 83' lang='lat' dir='ltr'>vulgo</span> <span class='ocrx_word' id='word_1_234' title='bbox 1520 1978 1588 2001; x_wconf 87' lang='lat' dir='ltr'>om.</span> <span class='ocrx_word' id='word_1_235' title='bbox 1629 1993 1632 1998; x_wconf 97' lang='lat'>.</span> 
     </span>
    </p>
   </div>
   <div class='ocr_carea' id='block_1_4' title="bbox 217 2015 552 2064">
    <p class='ocr_par' dir='ltr' id='par_1_4' title="bbox 217 2015 552 2064">
     <span class='ocr_line' id='line_1_27' title="bbox 217 2015 552 2064; baseline -0.009 -10"><span class='ocrx_word' id='word_1_236' title='bbox 217 2015 412 2064; x_wconf 77' lang='grc' dir='ltr'><em>δυναμένῳ</em></span> <span class='ocrx_word' id='word_1_237' title='bbox 434 2016 552 2062; x_wconf 75' lang='lat' dir='ltr'>vulgo.</span> 
     </span>
    </p>
   </div>
   <div class='ocr_carea' id='block_1_5' title="bbox 116 2103 1594 2886">
    <p class='ocr_par' dir='ltr' id='par_1_5' title="bbox 116 2103 1594 2886">
     <span class='ocr_line' id='line_1_28' title="bbox 116 2103 1589 2155; baseline -0.007 -8"><span class='ocrx_word' id='word_1_238' title='bbox 116 2112 256 2155; x_wconf 72' lang='lat' dir='ltr'>idom,</span> <span class='ocrx_word' id='word_1_239' title='bbox 289 2107 389 2155; x_wconf 81' lang='lat' dir='ltr'>quasi</span> <span class='ocrx_word' id='word_1_240' title='bbox 418 2106 602 2150; x_wconf 79' lang='lat' dir='ltr'>sindones,</span> <span class='ocrx_word' id='word_1_241' title='bbox 633 2105 802 2152; x_wconf 82' lang='lat' dir='ltr'>appellari</span> <span class='ocrx_word' id='word_1_242' title='bbox 823 2104 1024 2140; x_wconf 82' lang='lat' dir='ltr'>arbitratur.</span> <span class='ocrx_word' id='word_1_243' title='bbox 1072 2105 1160 2140; x_wconf 85' lang='lat' dir='ltr'>haec</span> <span class='ocrx_word' id='word_1_244' title='bbox 1183 2104 1285 2150; x_wconf 88' lang='lat' dir='ltr'>quasi</span> <span class='ocrx_word' id='word_1_245' title='bbox 1300 2103 1338 2138; x_wconf 90' lang='lat' dir='ltr'>in</span> <span class='ocrx_word' id='word_1_246' title='bbox 1356 2103 1589 2149; x_wconf 86' lang='lat' dir='ltr'>digressione.</span> 
     </span>
     <span class='ocr_line' id='line_1_29' title="bbox 126 2151 1591 2201; baseline -0.005 -9"><span class='ocrx_word' id='word_1_247' title='bbox 126 2157 226 2201; x_wconf 82' lang='grc'><strong>(65)</strong></span> <span class='ocrx_word' id='word_1_248' title='bbox 260 2167 324 2200; x_wconf 85' lang='lat' dir='ltr'>ego</span> <span class='ocrx_word' id='word_1_249' title='bbox 345 2166 430 2189; x_wconf 83' lang='lat' dir='ltr'>vero</span> <span class='ocrx_word' id='word_1_250' title='bbox 456 2155 502 2188; x_wconf 86' lang='lat' dir='ltr'>ad</span> <span class='ocrx_word' id='word_1_251' title='bbox 519 2153 762 2199; x_wconf 82' lang='lat' dir='ltr'>Cappadocem</span> <span class='ocrx_word' id='word_1_252' title='bbox 783 2153 902 2186; x_wconf 87' lang='lat' dir='ltr'>redeo.</span> <span class='ocrx_word' id='word_1_253' title='bbox 951 2163 1051 2196; x_wconf 89' lang='lat' dir='ltr'>quem</span> <span class='ocrx_word' id='word_1_254' title='bbox 1073 2153 1153 2186; x_wconf 88' lang='lat' dir='ltr'>dum</span> <span class='ocrx_word' id='word_1_255' title='bbox 1177 2151 1246 2185; x_wconf 75' lang='lat' dir='ltr'>alia</span> <span class='ocrx_word' id='word_1_256' title='bbox 1268 2157 1385 2185; x_wconf 83' lang='lat' dir='ltr'>scorta</span> <span class='ocrx_word' id='word_1_257' title='bbox 1408 2151 1518 2194; x_wconf 83' lang='lat' dir='ltr'>nuda,</span> <span class='ocrx_word' id='word_1_258' title='bbox 1552 2155 1591 2183; x_wconf 84' lang='lat' dir='ltr'>ut</span> 
     </span>
     <span class='ocr_line' id='line_1_30' title="bbox 127 2196 1589 2244; baseline -0.005 -7"><span class='ocrx_word' id='word_1_259' title='bbox 127 2203 360 2244; x_wconf 72' lang='lat' dir='ltr'>videbantur,</span> <span class='ocrx_word' id='word_1_260' title='bbox 382 2201 566 2241; x_wconf 82' lang='lat' dir='ltr'>ferebant,</span> <span class='ocrx_word' id='word_1_261' title='bbox 590 2198 658 2232; x_wconf 81' lang='lat' dir='ltr'>alia</span> <span class='ocrx_word' id='word_1_262' title='bbox 680 2199 824 2232; x_wconf 87' lang='lat' dir='ltr'>eundem</span> <span class='ocrx_word' id='word_1_263' title='bbox 844 2198 970 2232; x_wconf 84' lang='lat' dir='ltr'>osculis</span> <span class='ocrx_word' id='word_1_264' title='bbox 995 2197 1264 2240; x_wconf 79' lang='lat' dir='ltr'>enervantibus,</span> <span class='ocrx_word' id='word_1_265' title='bbox 1297 2197 1342 2231; x_wconf 82' lang='lat' dir='ltr'>ad</span> <span class='ocrx_word' id='word_1_266' title='bbox 1366 2196 1492 2230; x_wconf 88' lang='lat' dir='ltr'>coitum</span> <span class='ocrx_word' id='word_1_267' title='bbox 1515 2200 1589 2230; x_wconf 89' lang='lat' dir='ltr'>sta-</span> 
     </span>
     <span class='ocr_line' id='line_1_31' title="bbox 129 2241 1590 2291; baseline -0.005 -10"><span class='ocrx_word' id='word_1_268' title='bbox 129 2248 191 2282; x_wconf 83' lang='lat' dir='ltr'>tim</span> <span class='ocrx_word' id='word_1_269' title='bbox 215 2246 451 2291; x_wconf 62' lang='lat' dir='ltr'>cogentibus,</span> <span class='ocrx_word' id='word_1_270' title='bbox 467 2244 710 2289; x_wconf 86' lang='lat' dir='ltr'>pelliciebant:</span> <span class='ocrx_word' id='word_1_271' title='bbox 749 2244 825 2289; x_wconf 87' lang='lat' dir='ltr'>ipse</span> <span class='ocrx_word' id='word_1_272' title='bbox 848 2250 963 2278; x_wconf 83' lang='lat' dir='ltr'>autem</span> <span class='ocrx_word' id='word_1_273' title='bbox 986 2250 1149 2278; x_wconf 86' lang='lat' dir='ltr'>extensus</span> <span class='ocrx_word' id='word_1_274' title='bbox 1173 2244 1216 2277; x_wconf 90' lang='lat' dir='ltr'>de</span> <span class='ocrx_word' id='word_1_275' title='bbox 1239 2242 1410 2289; x_wconf 79' lang='lat' dir='ltr'>porrectis</span> <span class='ocrx_word' id='word_1_276' title='bbox 1435 2241 1590 2276; x_wconf 89' lang='lat' dir='ltr'>obsoniis</span> 
     </span>
     <span class='ocr_line' id='line_1_32' title="bbox 155 2286 1590 2337; baseline -0.005 -10"><span class='ocrx_word' id='word_1_277' title='bbox 155 2293 338 2337; x_wconf 87' lang='lat' dir='ltr'>otibusque</span> <span class='ocrx_word' id='word_1_278' title='bbox 366 2293 410 2325; x_wconf 81' lang='lat' dir='ltr'>ab</span> <span class='ocrx_word' id='word_1_279' title='bbox 434 2290 510 2325; x_wconf 81' lang='lat' dir='ltr'>aliis</span> <span class='ocrx_word' id='word_1_280' title='bbox 538 2290 692 2324; x_wconf 82' lang='lat' dir='ltr'>cinaedis</span> <span class='ocrx_word' id='word_1_281' title='bbox 717 2290 924 2334; x_wconf 83' lang='lat' dir='ltr'>accipiebat.</span> <span class='ocrx_word' id='word_1_282' title='bbox 971 2295 1070 2324; x_wconf 84' lang='lat' dir='ltr'>tanta</span> <span class='ocrx_word' id='word_1_283' title='bbox 1092 2295 1205 2323; x_wconf 89' lang='lat' dir='ltr'>autem</span> <span class='ocrx_word' id='word_1_284' title='bbox 1229 2294 1327 2322; x_wconf 88' lang='lat' dir='ltr'>erant</span> <span class='ocrx_word' id='word_1_285' title='bbox 1343 2294 1483 2332; x_wconf 85' lang='lat' dir='ltr'>tamque</span> <span class='ocrx_word' id='word_1_286' title='bbox 1504 2286 1590 2321; x_wconf 92' lang='lat' dir='ltr'>mol-</span> 
     </span>
     <span class='ocr_line' id='line_1_33' title="bbox 127 2305 1591 2383; baseline -0.006 -8"><span class='ocrx_word' id='word_1_287' title='bbox 127 2305 197 2383; x_wconf 67' lang='lat' dir='ltr'>lia,</span> <span class='ocrx_word' id='word_1_288' title='bbox 232 2344 271 2373; x_wconf 90' lang='lat' dir='ltr'>ut</span> <span class='ocrx_word' id='word_1_289' title='bbox 296 2337 460 2372; x_wconf 79' lang='lat' dir='ltr'>vomitum</span> <span class='ocrx_word' id='word_1_290' title='bbox 485 2336 520 2370; x_wconf 87' lang='lat' dir='ltr'>ei</span> <span class='ocrx_word' id='word_1_291' title='bbox 541 2340 738 2379; x_wconf 87' lang='lat' dir='ltr'>moverent,</span> <span class='ocrx_word' id='word_1_292' title='bbox 773 2348 841 2370; x_wconf 92' lang='lat' dir='ltr'>non</span> <span class='ocrx_word' id='word_1_293' title='bbox 863 2334 1008 2380; x_wconf 84' lang='lat' dir='ltr'>amplius</span> <span class='ocrx_word' id='word_1_294' title='bbox 1035 2336 1195 2380; x_wconf 84' lang='lat' dir='ltr'>capiente</span> <span class='ocrx_word' id='word_1_295' title='bbox 1222 2346 1302 2379; x_wconf 90' lang='lat' dir='ltr'>ore,</span> <span class='ocrx_word' id='word_1_296' title='bbox 1339 2334 1400 2367; x_wconf 90' lang='lat' dir='ltr'>sed</span> <span class='ocrx_word' id='word_1_297' title='bbox 1423 2331 1591 2367; x_wconf 87' lang='lat' dir='ltr'>torrentis</span> 
     </span>
     <span class='ocr_line' id='line_1_34' title="bbox 126 2378 1589 2428; baseline -0.007 -7"><span class='ocrx_word' id='word_1_298' title='bbox 126 2385 242 2421; x_wconf 70' lang='lat' dir='ltr'>instar</span> <span class='ocrx_word' id='word_1_299' title='bbox 265 2383 382 2428; x_wconf 87' lang='lat' dir='ltr'>epulas</span> <span class='ocrx_word' id='word_1_300' title='bbox 406 2387 607 2426; x_wconf 80' lang='lat' dir='ltr'>eructante,</span> <span class='ocrx_word' id='word_1_301' title='bbox 634 2379 858 2427; x_wconf 88' lang='lat' dir='ltr'>periculoque</span> <span class='ocrx_word' id='word_1_302' title='bbox 881 2393 950 2415; x_wconf 89' lang='lat' dir='ltr'>non</span> <span class='ocrx_word' id='word_1_303' title='bbox 971 2393 1081 2426; x_wconf 82' lang='lat' dir='ltr'>parvo</span> <span class='ocrx_word' id='word_1_304' title='bbox 1104 2381 1260 2414; x_wconf 87' lang='lat' dir='ltr'>labentes</span> <span class='ocrx_word' id='word_1_305' title='bbox 1281 2379 1462 2424; x_wconf 84' lang='lat' dir='ltr'>splendido</span> <span class='ocrx_word' id='word_1_306' title='bbox 1486 2378 1589 2424; x_wconf 87' lang='lat' dir='ltr'>pavi-</span> 
     </span>
     <span class='ocr_line' id='line_1_35' title="bbox 130 2424 1587 2473; baseline -0.005 -8"><span class='ocrx_word' id='word_1_307' title='bbox 130 2435 245 2466; x_wconf 82' lang='lat' dir='ltr'>mento</span> <span class='ocrx_word' id='word_1_308' title='bbox 267 2429 464 2464; x_wconf 82' lang='lat' dir='ltr'>adulatores</span> <span class='ocrx_word' id='word_1_309' title='bbox 491 2434 700 2473; x_wconf 85' lang='lat' dir='ltr'>exponente.</span> <span class='ocrx_word' id='word_1_310' title='bbox 747 2427 798 2461; x_wconf 85' lang='lat' dir='ltr'>sic</span> <span class='ocrx_word' id='word_1_311' title='bbox 816 2428 964 2472; x_wconf 81' lang='lat' dir='ltr'>agebat,</span> <span class='ocrx_word' id='word_1_312' title='bbox 988 2434 1211 2472; x_wconf 78' lang='lat' dir='ltr'>putrescens,</span> <span class='ocrx_word' id='word_1_313' title='bbox 1236 2425 1395 2460; x_wconf 86' lang='lat' dir='ltr'>noctibus</span> <span class='ocrx_word' id='word_1_314' title='bbox 1415 2424 1490 2458; x_wconf 87' lang='lat' dir='ltr'>dies</span> <span class='ocrx_word' id='word_1_315' title='bbox 1509 2424 1587 2458; x_wconf 93' lang='lat' dir='ltr'>iun-</span> 
     </span>
     <span class='ocr_line' id='line_1_36' title="bbox 128 2471 1589 2522; baseline -0.005 -11"><span class='ocrx_word' id='word_1_316' title='bbox 128 2488 237 2522; x_wconf 57' lang='lat' dir='ltr'>genn</span> <span class='ocrx_word' id='word_1_317' title='bbox 260 2481 300 2510; x_wconf 84' lang='lat' dir='ltr'>ut</span> <span class='ocrx_word' id='word_1_318' title='bbox 319 2474 399 2508; x_wconf 82' lang='lat' dir='ltr'>finis</span> <span class='ocrx_word' id='word_1_319' title='bbox 418 2473 572 2519; x_wconf 82' lang='lat' dir='ltr'>epulanti</span> <span class='ocrx_word' id='word_1_320' title='bbox 590 2473 753 2517; x_wconf 87' lang='lat' dir='ltr'>Lucifer,</span> <span class='ocrx_word' id='word_1_321' title='bbox 778 2472 915 2508; x_wconf 85' lang='lat' dir='ltr'>initium</span> <span class='ocrx_word' id='word_1_322' title='bbox 932 2484 1018 2506; x_wconf 83' lang='lat' dir='ltr'>vero</span> <span class='ocrx_word' id='word_1_323' title='bbox 1040 2472 1256 2517; x_wconf 88' lang='lat' dir='ltr'>negotiorum</span> <span class='ocrx_word' id='word_1_324' title='bbox 1279 2471 1459 2515; x_wconf 88' lang='lat' dir='ltr'>Hesperus</span> <span class='ocrx_word' id='word_1_325' title='bbox 1481 2475 1589 2504; x_wconf 88' lang='lat' dir='ltr'>esset.</span> 
     </span>
     <span class='ocr_line' id='line_1_37' title="bbox 130 2515 1591 2563; baseline -0.005 -7"><span class='ocrx_word' id='word_1_326' title='bbox 130 2526 305 2556; x_wconf 66' lang='lat' dir='ltr'>mantem</span> <span class='ocrx_word' id='word_1_327' title='bbox 327 2521 373 2555; x_wconf 89' lang='lat' dir='ltr'>im</span> <span class='ocrx_word' id='word_1_328' title='bbox 400 2520 608 2556; x_wconf 88' lang='lat' dir='ltr'>edimentum</span> <span class='ocrx_word' id='word_1_329' title='bbox 626 2520 719 2553; x_wconf 86' lang='lat' dir='ltr'>forte</span> <span class='ocrx_word' id='word_1_330' title='bbox 737 2518 974 2563; x_wconf 83' lang='lat' dir='ltr'>voluptatibus</span> <span class='ocrx_word' id='word_1_331' title='bbox 992 2518 1142 2561; x_wconf 89' lang='lat' dir='ltr'>incidat,</span> <span class='ocrx_word' id='word_1_332' title='bbox 1165 2516 1271 2551; x_wconf 88' lang='lat' dir='ltr'>semel</span> <span class='ocrx_word' id='word_1_333' title='bbox 1289 2515 1416 2560; x_wconf 88' lang='lat' dir='ltr'>templo</span> <span class='ocrx_word' id='word_1_334' title='bbox 1435 2515 1591 2550; x_wconf 85' lang='lat' dir='ltr'>iustitiae</span> 
     </span>
     <span class='ocr_line' id='line_1_38' title="bbox 130 2561 1590 2612; baseline -0.005 -10"><span class='ocrx_word' id='word_1_335' title='bbox 130 2569 327 2612; x_wconf 74' lang='lat' dir='ltr'>(secretum</span> <span class='ocrx_word' id='word_1_336' title='bbox 349 2566 359 2574; x_wconf 74' lang='lat'>⁸</span> <span class='ocrx_word' id='word_1_337' title='bbox 386 2567 492 2600; x_wconf 86' lang='lat' dir='ltr'>udin</span> <span class='ocrx_word' id='word_1_338' title='bbox 515 2565 652 2599; x_wconf 88' lang='lat' dir='ltr'>iudiciis</span> <span class='ocrx_word' id='word_1_339' title='bbox 677 2566 830 2608; x_wconf 86' lang='lat' dir='ltr'>vocant)</span> <span class='ocrx_word' id='word_1_340' title='bbox 868 2564 1065 2609; x_wconf 79' lang='lat' dir='ltr'>renuntiat,</span> <span class='ocrx_word' id='word_1_341' title='bbox 1102 2569 1234 2598; x_wconf 83' lang='lat' dir='ltr'>tantum</span> <span class='ocrx_word' id='word_1_342' title='bbox 1268 2573 1438 2606; x_wconf 79' lang='lat' dir='ltr'>apparere</span> <span class='ocrx_word' id='word_1_343' title='bbox 1473 2561 1511 2594; x_wconf 93' lang='lat' dir='ltr'>in</span> <span class='ocrx_word' id='word_1_344' title='bbox 1547 2573 1590 2595; x_wconf 94' lang='lat' dir='ltr'>eo</span> 
     </span>
     <span class='ocr_line' id='line_1_39' title="bbox 131 2607 1592 2656; baseline -0.004 -9"><span class='ocrx_word' id='word_1_345' title='bbox 131 2612 326 2656; x_wconf 72' lang='lat' dir='ltr'>sustinens,</span> <span class='ocrx_word' id='word_1_346' title='bbox 362 2623 461 2656; x_wconf 89' lang='lat' dir='ltr'>cum,</span> <span class='ocrx_word' id='word_1_347' title='bbox 495 2611 574 2645; x_wconf 85' lang='lat' dir='ltr'>dum</span> <span class='ocrx_word' id='word_1_348' title='bbox 608 2612 652 2645; x_wconf 94' lang='lat' dir='ltr'>ob</span> <span class='ocrx_word' id='word_1_349' title='bbox 688 2610 843 2644; x_wconf 87' lang='lat' dir='ltr'>ciborum</span> <span class='ocrx_word' id='word_1_350' title='bbox 873 2610 1073 2644; x_wconf 87' lang='lat' dir='ltr'>immensam</span> <span class='ocrx_word' id='word_1_351' title='bbox 1107 2609 1241 2654; x_wconf 89' lang='lat' dir='ltr'>copiam</span> <span class='ocrx_word' id='word_1_352' title='bbox 1272 2607 1592 2651; x_wconf 83' lang='lat' dir='ltr'>circumferebatur,</span> 
     </span>
     <span class='ocr_line' id='line_1_40' title="bbox 132 2652 1593 2711; baseline -0.005 -17"><span class='ocrx_word' id='word_1_353' title='bbox 132 2657 421 2694; x_wconf 77' lang='lat' dir='ltr'>eminentissimos</span> <span class='ocrx_word' id='word_1_354' title='bbox 456 2656 693 2711; x_wconf 78' lang='lat' dir='ltr'>apparitorum</span> <span class='ocrx_word' id='word_1_355' title='bbox 725 2656 849 2701; x_wconf 87' lang='lat' dir='ltr'>poenis</span> <span class='ocrx_word' id='word_1_356' title='bbox 881 2655 1063 2690; x_wconf 82' lang='lat' dir='ltr'>obiiceret.</span> <span class='ocrx_word' id='word_1_357' title='bbox 1110 2654 1244 2690; x_wconf 90' lang='lat' dir='ltr'>iudices</span> <span class='ocrx_word' id='word_1_358' title='bbox 1277 2659 1391 2688; x_wconf 86' lang='lat' dir='ltr'>autem</span> <span class='ocrx_word' id='word_1_359' title='bbox 1426 2658 1523 2687; x_wconf 86' lang='lat' dir='ltr'>creat</span> <span class='ocrx_word' id='word_1_360' title='bbox 1555 2652 1593 2686; x_wconf 92' lang='lat' dir='ltr'>in</span> 
     </span>
     <span class='ocr_line' id='line_1_41' title="bbox 131 2699 1594 2752; baseline -0.005 -13"><span class='ocrx_word' id='word_1_361' title='bbox 131 2705 269 2752; x_wconf 81' lang='lat' dir='ltr'>porticu</span> <span class='ocrx_word' id='word_1_362' title='bbox 289 2703 528 2748; x_wconf 75' lang='lat' dir='ltr'>imperatoris,</span> <span class='ocrx_word' id='word_1_363' title='bbox 562 2708 621 2747; x_wconf 90' lang='lat' dir='ltr'>ut,</span> <span class='ocrx_word' id='word_1_364' title='bbox 656 2703 735 2737; x_wconf 86' lang='lat' dir='ltr'>dum</span> <span class='ocrx_word' id='word_1_365' title='bbox 757 2701 807 2735; x_wconf 90' lang='lat' dir='ltr'>illi</span> <span class='ocrx_word' id='word_1_366' title='bbox 825 2701 1047 2747; x_wconf 82' lang='lat' dir='ltr'>pecuniarias</span> <span class='ocrx_word' id='word_1_367' title='bbox 1071 2712 1194 2737; x_wconf 85' lang='lat' dir='ltr'>causas</span> <span class='ocrx_word' id='word_1_368' title='bbox 1219 2699 1398 2743; x_wconf 85' lang='lat' dir='ltr'>audirent,</span> <span class='ocrx_word' id='word_1_369' title='bbox 1425 2699 1522 2745; x_wconf 88' lang='lat' dir='ltr'>ipse,</span> <span class='ocrx_word' id='word_1_370' title='bbox 1555 2704 1594 2733; x_wconf 93' lang='lat' dir='ltr'>ut</span> 
     </span>
     <span class='ocr_line' id='line_1_42' title="bbox 131 2748 623 2792; baseline -0.006 -6"><span class='ocrx_word' id='word_1_371' title='bbox 131 2751 232 2786; x_wconf 86' lang='lat' dir='ltr'>modo</span> <span class='ocrx_word' id='word_1_372' title='bbox 256 2749 422 2792; x_wconf 84' lang='lat' dir='ltr'>diximus,</span> <span class='ocrx_word' id='word_1_373' title='bbox 446 2748 623 2792; x_wconf 83' lang='lat' dir='ltr'>vigilaret.</span> 
     </span>
     <span class='ocr_line' id='line_1_43' title="bbox 223 2791 1592 2839; baseline -0.004 -10"><span class='ocrx_word' id='word_1_374' title='bbox 223 2796 281 2830; x_wconf 85' lang='lat'>66.</span> <span class='ocrx_word' id='word_1_375' title='bbox 328 2794 439 2828; x_wconf 85' lang='lat' dir='ltr'>Nemo</span> <span class='ocrx_word' id='word_1_376' title='bbox 472 2793 592 2839; x_wconf 80' lang='lat' dir='ltr'>itaque</span> <span class='ocrx_word' id='word_1_377' title='bbox 622 2794 832 2838; x_wconf 80' lang='lat' dir='ltr'>advocatus,</span> <span class='ocrx_word' id='word_1_378' title='bbox 864 2793 924 2838; x_wconf 89' lang='lat' dir='ltr'>qui</span> <span class='ocrx_word' id='word_1_379' title='bbox 956 2805 1081 2828; x_wconf 84' lang='lat' dir='ltr'>ornare</span> <span class='ocrx_word' id='word_1_380' title='bbox 1112 2791 1349 2828; x_wconf 81' lang='lat' dir='ltr'>defensionem</span> <span class='ocrx_word' id='word_1_381' title='bbox 1371 2794 1405 2825; x_wconf 86' lang='lat' dir='ltr'>et</span> <span class='ocrx_word' id='word_1_382' title='bbox 1428 2801 1592 2826; x_wconf 89' lang='lat' dir='ltr'>summum</span> 
     </span>
     <span class='ocr_line' id='line_1_44' title="bbox 131 2835 1592 2886; baseline -0.005 -9"><span class='ocrx_word' id='word_1_383' title='bbox 131 2841 367 2886; x_wconf 79' lang='lat' dir='ltr'>mgistratum</span> <span class='ocrx_word' id='word_1_384' title='bbox 390 2851 531 2874; x_wconf 82' lang='lat' dir='ltr'>movere</span> <span class='ocrx_word' id='word_1_385' title='bbox 555 2846 695 2885; x_wconf 83' lang='lat' dir='ltr'>posset,</span> <span class='ocrx_word' id='word_1_386' title='bbox 718 2851 824 2886; x_wconf 89' lang='lat' dir='ltr'>porro</span> <span class='ocrx_word' id='word_1_387' title='bbox 850 2839 1068 2885; x_wconf 83' lang='lat' dir='ltr'>eloquentiae</span> <span class='ocrx_word' id='word_1_388' title='bbox 1088 2839 1239 2883; x_wconf 85' lang='lat' dir='ltr'>studuit,</span> <span class='ocrx_word' id='word_1_389' title='bbox 1264 2848 1338 2872; x_wconf 91' lang='lat' dir='ltr'>cum</span> <span class='ocrx_word' id='word_1_390' title='bbox 1361 2842 1483 2882; x_wconf 81' lang='lat' dir='ltr'>postea</span> <span class='ocrx_word' id='word_1_391' title='bbox 1506 2835 1592 2870; x_wconf 90' lang='lat' dir='ltr'>nihil</span> 
     </span>
    </p>
   </div>
   <div class='ocr_carea' id='block_1_6' title="bbox 132 2882 1594 2933">
    <p class='ocr_par' dir='ltr' id='par_1_6' title="bbox 132 2882 1594 2933">
     <span class='ocr_line' id='line_1_45' title="bbox 132 2882 1594 2933; baseline -0.005 -9"><span class='ocrx_word' id='word_1_392' title='bbox 132 2886 171 2923; x_wconf 79' lang='lat' dir='ltr'>in</span> <span class='ocrx_word' id='word_1_393' title='bbox 189 2892 327 2924; x_wconf 77' lang='lat' dir='ltr'>secreto</span> <span class='ocrx_word' id='word_1_394' title='bbox 346 2890 574 2932; x_wconf 76' lang='lat' dir='ltr'>tractaretur,</span> <span class='ocrx_word' id='word_1_395' title='bbox 597 2896 712 2932; x_wconf 82' lang='lat' dir='ltr'>neque</span> <span class='ocrx_word' id='word_1_396' title='bbox 730 2885 950 2933; x_wconf 82' lang='lat' dir='ltr'>deprecatio,</span> <span class='ocrx_word' id='word_1_397' title='bbox 974 2898 1087 2932; x_wconf 87' lang='lat' dir='ltr'>neque</span> <span class='ocrx_word' id='word_1_398' title='bbox 1106 2884 1328 2920; x_wconf 87' lang='lat' dir='ltr'>unimembris</span> <span class='ocrx_word' id='word_1_399' title='bbox 1346 2882 1457 2928; x_wconf 82' lang='lat' dir='ltr'>actio,</span> <span class='ocrx_word' id='word_1_400' title='bbox 1480 2893 1594 2929; x_wconf 89' lang='lat' dir='ltr'>neque</span> 
     </span>
    </p>
   </div>
  </div>
 </body>
</html>
