1748 3210
233 220 310 253 mv
674 200 821 249 HASII
846 203 922 247 DE
947 200 1218 247 OSTENTIS

235 322 377 391 genere
398 337 599 375 literarum
621 334 856 373 Graecarum
878 339 965 370 tum
987 344 1078 370 vero
1097 332 1139 368 in
1155 327 1458 382 palaeograpbia
1484 330 1659 383 apprime

235 415 427 464 eruditus,
466 413 629 451 d'Ansse
660 411 708 449 de
736 411 948 459 Villoison,
990 421 1079 446 cum
1104 409 1288 447 scriberet
1310 409 1592 459 Prolegomena
1609 406 1661 446 ad

187 520 189 522 -
237 492 352 532 Iliad.
371 506 411 543 p.
428 503 527 528 xmn
545 489 717 527 codicem
736 488 982 525 Caseolinum
1002 487 1093 524 vino
1119 488 1174 523 ita
1200 492 1422 537 corruptum
1447 499 1530 523 esse
1548 492 1592 523 ut
1610 485 1664 522 li-

97 1497 134 1533 p.
156 1494 227 1521 vm

239 578 411 609 terarum
437 567 574 605 ductus
594 567 665 603 vix
683 566 839 616 agnosci
859 565 1013 616 quirent
1026 592 1036 612 ,
1067 575 1233 614 eumque
1249 564 1292 599 in
1311 563 1407 600 cella
1425 563 1573 599 vinaria
1590 574 1664 612 po-

241 647 318 684 tius
341 657 458 697 quam
481 645 524 680 in
543 641 777 680 bibliotheca
793 649 1031 680 asservatum
1049 654 1132 679 esse
1150 638 1289 678 videri.
1345 646 1384 676 et
1398 640 1482 690 ipse
1500 639 1665 676 arbitra-

240 722 311 760 bar
336 722 449 768 olim,
478 721 633 758 intuens
667 722 811 771 primas
834 719 1028 770 pagellas,
1058 730 1191 755 earum
1208 717 1327 756 verba
1344 717 1475 754 omnia
1499 716 1542 752 in
1561 716 1666 753 inte-

243 811 357 849 grum
373 799 574 835 restituere
593 798 677 846 opis
697 809 775 833 non
793 809 876 833 esse
892 802 1060 833 nostrae.
1116 794 1187 832 sed
1215 795 1282 845 (ut
1298 794 1366 845 fit)
1395 794 1480 844 ipsa
1497 791 1667 829 difficul-

243 855 302 913 tas
318 873 549 911 incendebat
566 871 616 910 ad
633 871 877 910 tentandum.
933 873 988 909 ita
1004 872 1110 908 foliis
1140 871 1210 923 (ut
1226 885 1257 908 c.
1275 874 1300 912 3
1321 869 1470 907 dictum
1486 868 1568 923 est)
1596 881 1667 906 suo

245 950 381 989 ordine
423 951 641 998 collocatis,
680 951 805 1000 primo
840 962 939 1002 quae
975 950 1055 1000 legi
1089 955 1266 1000 poterant
1298 947 1484 997 descripsi
1518 953 1670 984 cuncta.

247 1026 389 1064 deinde
419 1040 471 1064 ex
500 1025 561 1064 his
590 1027 923 1078 qualibuscunque
957 1027 1131 1078 reliquiis
1152 1026 1384 1062 sententiam
1404 1024 1578 1075 aliquam
1596 1036 1672 1061 ex-

245 1105 406 1155 piscari,
434 1105 634 1140 restituere
663 1105 801 1151 verba,
829 1103 988 1140 lacunas
1011 1104 1188 1152 ingentes
1207 1103 1365 1152 explere
1390 1108 1549 1138 conatus
1570 1113 1671 1149 sum,
1712 1140 1714 1144 ,

247 1182 364 1230 spatii
390 1182 636 1217 exactissima
663 1182 810 1217 ratione
836 1177 981 1215 habita.
1040 1191 1118 1230 qua
1143 1178 1281 1215 eadem
1304 1181 1452 1216 ratione
1483 1177 1671 1229 (opinor)
1720 1180 1731 1187 ’

246 1258 291 1293 in
315 1256 490 1306 legendis
517 1263 860 1293 monumentorum
882 1261 1059 1291 veterum
1078 1255 1414 1304 inscriptionibus,
1441 1256 1613 1307 itemque
1631 1256 1674 1292 in

246 1332 494 1370 restituendis
512 1333 621 1370 libris
637 1331 1009 1378 Herculaneusibus,
1039 1337 1097 1367 est
1113 1329 1315 1368 utendum.
1370 1333 1526 1369 tametsi
1554 1330 1676 1382 (haec

246 1415 382 1447 contra
397 1421 461 1446 me
477 1410 560 1459 ipse
581 1407 691 1446 dico:
720 1410 865 1460 quippe
885 1413 1067 1458 quantum
1085 1406 1322 1445 difficultatis
1341 1407 1488 1446 accedit
1503 1409 1674 1458 lectioni,

252 1492 406 1524 tantum
436 1484 700 1536 probabilitati
727 1485 1015 1521 restitutionum
1045 1496 1222 1522 mearum
1256 1484 1431 1537 adeoque
1463 1487 1678 1524 auctoritati

250 1562 432 1602 editionis
454 1559 694 1612 detrahitur)
722 1562 763 1598 in
787 1562 997 1598 Herculani
1015 1562 1280 1599 voluminibus
1300 1563 1502 1614 titulisque
1521 1562 1678 1614 lapida-

250 1640 319 1678 riis
349 1638 527 1689 legendis
555 1640 707 1686 minus,
731 1640 809 1675 nisi
838 1637 934 1690 quid
957 1651 1020 1675 me
1040 1639 1161 1686 fallit,
1192 1636 1376 1689 operosus
1395 1639 1598 1692 inanisque
1614 1641 1678 1678 la·-

251 1717 324 1754 bor
344 1723 415 1754 est.
469 1716 532 1752 fac
551 1716 752 1753 evanuisse
772 1716 920 1767 aliquot
938 1716 1109 1753 unciales
1128 1716 1282 1753 literas:
1313 1729 1402 1753 cum
1420 1717 1497 1753 sint
1514 1717 1616 1754 inter
1635 1730 1678 1755 se

253 1794 436 1844 aequales
453 1805 576 1843 paene
595 1805 730 1830 omnes
747 1791 1036 1842 magnitudine,
1067 1805 1120 1830 ex
1138 1792 1268 1830 areola
1287 1805 1429 1842 vacua,
1462 1805 1540 1845 qua
1557 1800 1678 1845 patet,

254 1868 305 1906 de
334 1868 585 1907 evanidarum
612 1883 774 1908 numero
804 1870 1022 1907 coniectura
1046 1883 1166 1920 prope
1194 1875 1296 1906 certa
1323 1868 1413 1908 duci
1440 1877 1581 1921 potest.
1636 1873 1680 1910 in

253 1952 383 1984 nostro
418 1945 568 1995 codice,
599 1945 649 1984 ad
675 1948 851 1998 regulam
879 1954 918 1985 et
943 1948 1090 1984 lineam
1118 1947 1295 1998 quamvis
1318 1954 1517 1998 perarate,
1545 1962 1681 1988 versus

254 2022 417 2076 quidem
445 2024 528 2061 sive
556 2025 684 2062 lineae
710 2026 752 2062 in
775 2025 939 2076 pagellis
962 2026 1128 2075 singulis
1147 2037 1343 2076 nusquam
1364 2027 1568 2076 pauciores
1589 2034 1682 2064 sunt
1716 2074 1717 2078 Ἰ

255 2112 377 2151 quam
400 2101 453 2139 30
474 2106 541 2137 aut
562 2102 694 2152 plures
719 2115 838 2154 quam
861 2102 1034 2143 32:'sed
1049 2103 1249 2140 literarum
1271 2116 1457 2141 numerus
1480 2105 1523 2140 in
1544 2105 1682 2155 singu-

254 2177 306 2214 lis
324 2176 500 2215 versibus
519 2175 647 2215 differt
662 2179 896 2229 plurimum,
925 2192 1004 2217 non
1024 2181 1154 2218 minus
1179 2188 1281 2218 certe
1300 2193 1419 2233 quam
1443 2182 1486 2218 in
1508 2179 1594 2218 cod.
1617 2195 1683 2219 re-

256 2253 398 2303 scripto
417 2252 676 2292 bibliothecae
695 2256 915 2306 capitularis
934 2258 1186 2306 Veronensis,
1214 2265 1380 2296 testante
1401 2259 1484 2296 viro
1505 2271 1682 2296 summae

255 2327 483 2381 diligentiae
501 2330 805 2384 eruditionisque
825 2335 1045 2385 singularis,
1067 2333 1259 2373 Friderico
1282 2334 1497 2383 Goeschen,
1516 2336 1682 2387 praefat.

257 2405 310 2443 ad
330 2408 417 2444 Gaii
433 2408 614 2446 institutt.
632 2422 673 2461 p.
692 2422 807 2448 xxvt.
862 2412 905 2449 in
922 2412 1118 2463 plerisque
1139 2419 1271 2450 tamen
1293 2414 1468 2451 versibus
1489 2411 1684 2451 habentur

258 2485 393 2523 literae
413 2485 683 2539 quadragenae
703 2494 861 2525 octonae
885 2495 952 2526 aut
971 2490 1293 2542 quinquagenae:
1322 2490 1392 2529 sed
1413 2505 1481 2529 eae
1501 2497 1540 2529 et
1558 2492 1683 2530 cursi-

257 2574 330 2601 vae
351 2564 434 2602 fere
455 2570 556 2613 sunt,
587 2570 626 2602 et
643 2577 758 2616 saepe
775 2566 818 2602 in
835 2566 911 2603 fine
932 2579 1115 2604 versuum
1130 2568 1247 2618 paulo
1262 2571 1485 2619 pressiores,
1515 2575 1554 2606 et
1571 2581 1683 2608 com-

259 2640 403 2691 pendio
426 2640 621 2680 scribendi
640 2655 718 2680 uno
739 2649 777 2680 et
795 2643 915 2682 altero
931 2645 1185 2683 intermistae.
1241 2653 1424 2684 exaratur
1442 2645 1581 2686 eadem
1597 2647 1684 2698 ipsa

258 2728 342 2755 vox
363 2731 468 2758 nunc
487 2720 569 2759 suis
591 2715 714 2760 literis
735 2733 838 2760 nunc
860 2722 974 2773 siglo.
1029 2723 1095 2760 vel
1114 2723 1157 2761 in
1177 2724 1319 2762 lacuna
1340 2725 1462 2765 trium
1482 2727 1684 2765 literarum
