1748 3210
624 164 701 207 DE
734 162 1021 208 OSTENTls.
1452 166 1516 210 35
1526 167 1550 212 1

102 280 179 337 ρον
193 281 337 323 πλατεῖ
347 278 415 321 καὶ
433 277 649 336 ἐλευθέρου
670 278 793 329 ποδὸς
812 276 1051 337 ἀφηγήσατο
1072 273 1204 337 λόγῳ)
1222 281 1358 321 ’ταῦτα
1378 275 1552 336 ῥήμασιν

103 347 240 398 αότοῖς
261 347 365 390 καθ’
395 346 604 403 ἑρμηνείαν
625 349 759 406 φησίν.
1291 356 1294 357 ’

239 415 318 461 55.
377 415 534 459 “Haeo
550 434 571 467 ς
613 434 675 473 κρ
691 421 764 474 ιῷ.
816 415 886 458 ἐὰν
912 415 1071 470 γένηται
1098 413 1262 468 σεισμὸς
1286 414 1347 456 ἐπὶ
1378 415 1452 469 μὲν
1480 419 1553 469 τῆς

95 481 252 535 integ,
285 484 408 527 κακὸν
431 489 480 542 τῇ
511 486 642 545 Συρίᾳ
663 489 713 541 τῇ
731 484 844 540 κοίλῃ
863 485 930 526 καὶ
954 488 1004 540 τῇ
1021 485 1276 540 Παλαιστίνῃ
1299 485 1366 525 καὶ
1385 487 1434 540 τῇ
1451 483 1554 525 'Iov-

23 608 26 610 '
67 553 198 610 ᾶδαία
233 552 395 595 ἀπειλεῖ.
462 554 526 595 ἐπὶ
567 554 611 595 δὲ
651 557 724 608 τῆς
753 551 953 608 Εὖρώπης
993 553 1276 607 Βρεταννιάις,
1320 553 1553 603 Γαλατίαις,

6 627 7 630 ’
51 631 55 634 ”
96 621 141 662 Γ
134 621 362 676 ερμανίαις,
397 619 667 679 Βαστάρναις.
735 621 772 664 οἶ
813 621 856 663 δὲ
890 625 1070 674 βασιλεῖς
1106 618 1415 677 στρατεύσονται
1449 621 1552 664 κατὰ

97 692 178 732 τῶν
216 690 437 743 πολεμίων,
481 690 576 732 ἀλλ’
618 690 690 732 οὐκ
731 689 925 744 εὐτυχῶς·
973 689 1277 731 ἔλαττωθέντων
1307 689 1385 747 γὰρ
1417 689 1555 740 αὐτοῖς

96 761 178 799 ’τῶν
207 757 516 814 στρατευμάτων
543 759 582 800 οἶ
609 762 823 815 στρατηγοὶ
850 757 1047 815 ἄπρακτοι
1071 756 1342 809 ἀναζεύξουσι.
1408 759 1552 800 πλείων

0 868 5 881 .=
97 825 142 866 δὲ
171 824 283 868 ἔσται
313 827 377 868 ἐπὶ
404 831 475 882 τῆς
496 826 694 882 ἀνατολῆς
715 827 808 870 κατ’
836 826 994 883 ἀνδρῶν
1014 824 1151 880 βλάβη
1175 826 1288 883 παρὰ
1315 826 1387 877 τὰς
1409 833 1550 882 γυναῖ-

41 902 192 946 1οκας,
223 893 286 936 ὅτι
306 893 427 951 ἄρρεν
446 893 586 954 ζῴδιον
606 893 628 938 ὃ
647 894 770 951 κριός.

221 962 373 1005 Ἥλιο
387 981 408 1013 ς
440 962 628 1021 ταύρῳ.
675 966 710 1005 εἷ
740 962 864 1005 σάλον
892 962 1073 1016 συμβαίη
1095 961 1283 1018 γενέσθαι
1303 962 1365 1004 ἐπὶ
1384 963 1458 1015 μὲν
1475 967 1547 1018 τῆς

92 1027 178 1074 ἅνω
190 1029 349 1083 Ἀσίας,
381 1033 449 1073 καὶ
467 1033 652 1085 Αἰθίοψι
670 1038 755 1081 τοῖς
775 1030 874 1087 παρ’
892 1030 1018 1072 Ἰνδὸν
1038 1031 1220 1084 ποταμὸν
1238 1036 1287 1087 τῇ
1306 1048 1347 1073 τε
1365 1034 1546 1090 παραλίᾳ

90 1102 164 1152 τῆς
182 1103 331 1156 μικρᾶς
351 1098 537 1142 Κυκλάσι
555 1117 596 1142 τε
617 1101 681 1141 καὶ
704 1098 860 1155 Κύπρῳ
893 1105 980 1148 ταῖς
1008 1097 1141 1154 νήσοις
1161 1098 1332 1155 ὄλεθρος
1351 1100 1543 1142 ἐπικείσε-

89 1182 157 1208 ται
173 1165 399 1222 λοιμώδης,
429 1166 530 1210 ὥστε
550 1169 616 1209 καὶ
638 1167 741 1210 αὐτὰ
762 1169 814 1210 τιὶ
836 1165 1029 1222 ὑποζύγια
1048 1172 1127 1210 τῶν
1149 1168 1363 1223 εἰρημένων
1382 1170 1544 1224 χωρίων

36 1238 324 1292 ωφθαρῆναι·
359 1234 582 1292 ἐκπύρωσίς
608 1253 650 1277 τε
677 1236 813 1286 αὐτοῖς
842 1239 987 1290 βαρεῖα
1007 1237 1073 1276 καὶ
1094 1234 1320 1290 λοιμώδης,
1355 1237 1548 1292 ε’κτροπαί

87 1320 131 1346 τε
153 1307 345 1357 ποταμῶν
367 1302 527 1357 ἄσχετοι
549 1302 845 1359 συμβήσονται,
881 1305 945 1345 καὶ
968 1304 1030 1344 ἐπὶ
1052 1308 1125 1346 τοῦ
1142 1305 1293 1360 θέρους
1311 1307 1444 1358 λεῖψις
1464 1310 1543 1347 τῶν

86 1372 294 1425 ποταμίων
319 1369 491 1415 ὑδάτων.
558 1379 647 1422 ταῖς
676 1373 719 1414 δὲ
751 1371 895 1426 θήλεσι
929 1376 1008 1414 τῶν
1039 1370 1171 1429 ζῴων,
1206 1376 1375 1427 λογικῶν
1404 1390 1444 1415 τε
1472 1375 1541 1416 καὶ

86 1437 267 1494 ἀλόγων,
299 1441 444 1483 πλείων
461 1439 486 1494 ἦ
508 1439 643 1494 βλάβη
654 1472 667 1491 ,
703 1440 762 1483 ὅτι
782 1443 891 1495 θῆλυ
912 1438 1052 1497 ζῴδιον
1070 1438 1090 1482 ὅ
1108 1445 1269 1497 ταῦρος.

211 1506 394 1558 “Ηλιος
428 1510 453 1550 δ
464 1527 475 1549 ι
487 1507 682 1562 δόμοις.
719 1511 753 1551 εἶ
768 1510 914 1563 κίνημα
933 1513 1005 1563 γῆς
1022 1507 1259 1563 ὁποιδήποτε
1277 1507 1541 1564 συμβήσεται,

30 1576 149 1621 mini
165 1576 240 1630 μὲν
256 1581 328 1632 τῆς
343 1575 521 1632 μεγάλης
536 1577 672 1628 Ἀσίας
686 1574 915 1634 ς-Υρκανίαν,
944 1577 1154 1634 Ἀρμενίαν
1171 1575 1375 1634 ἑκατέραν,
1404 1579 1540 1620 Ἀδια-

176 1705 195 1740 1
218 1701 399 1750 ἐλευθέρῳ
424 1705 497 1740 CS.
610 1703 724 1745 πόδες
744 1702 987 1749 α’φηγήσαντο
1013 1706 1061 1739 Η.
1178 1707 1201 1740 6
1223 1705 1441 1750 βαστὲρυαις
1461 1707 1538 1750 CR,

173 1751 412 1796 βασταρνίαις
435 1752 480 1785 S:
516 1750 596 1785 vide
619 1763 726 1797 supra
747 1764 783 1796 p.
804 1753 872 1786 302
906 1752 960 1786 12.
1007 1751 1370 1786 BASTARNARUM
1399 1765 1538 1798 quoque

171 1795 281 1830 estin
299 1796 398 1830 titulo
423 1797 507 1831 Tib.
526 1797 653 1831 Plautii
673 1798 808 1831 Silvani
826 1797 862 1831 in
881 1797 1060 1831 Mausoleo
1080 1798 1303 1832 celeberrimo
1324 1798 1537 1833 Plautiorunn

173 1853 282 1888 prope
298 1842 454 1887 Romam,
475 1842 537 1877 lin.
553 1844 607 1887 18,
632 1844 723 1887 apud
735 1844 921 1877 Gruterum
936 1856 970 1887 p.
985 1854 1160 1877 ccchm.
1184 1844 1234 1877 Η.
1326 1845 1348 1878 9
1370 1841 1488 1889 βλάβη
1507 1841 1536 1888 ἣ

170 1887 332 1931 γυναίων
353 1888 399 1923 R.
530 1889 574 1924 16
597 1887 847 1932 συμβήσονται
870 1889 937 1923 add
960 1889 1006 1923 R.
1138 1889 1182 1924 19
1203 1889 1238 1924 εἰ
1250 1908 1295 1915 —-
1311 1889 1533 1935 συμβήσεται

172 1944 229 1968 om
254 1934 295 1968 S.
433 1933 546 1968 malim
571 1931 818 1978 ὁπουδήποτε.
843 1935 891 1968 Η.

81 2057 102 2080 e
125 2045 247 2090 Tagae
269 2044 476 2080 carminibus
501 2046 570 2088 (de
593 2057 660 2091 quo
679 2045 844 2091 Apuleius
868 2058 1005 2091 quoque
1031 2047 1205 2093 posterius
1234 2047 1346 2093 ampla
1373 2048 1530 2083 oratione

78 2092 238 2138 pedeque
258 2090 369 2125 libero
391 2091 576 2136 exposuit)
601 2093 704 2135 haec,
726 2092 856 2126 eisdem
879 2093 997 2126 verbis
1021 2094 1206 2135 translata,
1232 2094 1294 2128 ait.

170 2137 227 2171 55.
274 2137 355 2171 sol
389 2137 558 2171 ariete.
605 2143 833 2172 terraemotus
862 2139 892 2172 si
925 2139 966 2172 fit
989 2139 1025 2172 in
1047 2139 1154 2182 Asia,
1186 2139 1431 2182 Coelesyriae,
1462 2140 1532 2174 Pa·-

76 2181 265 2226 laestinae,
296 2183 446 2216 Iudaeae
469 2183 589 2216 malum
613 2183 782 2225 minatur;
817 2183 847 2217 si
878 2184 915 2218 in
947 2184 1112 2229 Europa,
1146 2185 1357 2227 Britanniis,
1393 2185 1532 2229 Galliis,

77 2228 297 2271 Germaniis‚
319 2228 514 2262 Bastarnis,
562 2228 736 2273 principes
760 2229 795 2262 in
816 2229 933 2265 hostes
952 2231 1206 2275 expeditionem
1230 2231 1443 2276 suscipient,
1469 2233 1533 2266 sed

75 2273 349 2319 improsperam=
388 2286 465 2308 nam
495 2274 681 2308 imminutis
713 2274 906 2319 legionibus
933 2282 970 2310 et
997 2276 1087 2310 nulla
1110 2289 1149 2310 re
1172 2282 1271 2320 gesta
1300 2278 1404 2311 duces
1431 2277 1534 2321 signa

74 2326 172 2354 retro
190 2321 390 2354 movebunt.
437 2319 615 2364 maiusque
634 2320 702 2354 erit
720 2332 781 2364 per
802 2321 982 2356 Orientem
1000 2322 1152 2356 virorum
1170 2322 1411 2356 detrimentum
1430 2334 1532 2368 quam

75 2365 270 2408 mulierum3
302 2365 431 2410 quippe
454 2365 639 2399 masculum
663 2365 797 2409 signum
817 2367 924 2411 aries.

167 2411 193 2444 S
206 2410 250 2445 ol
280 2417 427 2445 tauro.
476 2410 507 2444 si
526 2423 588 2455 per
607 2411 724 2445 Asiam
743 2413 957 2457 superiorem
977 2413 1232 2457 quassationem
1253 2412 1330 2446 fieri
1349 2412 1532 2457 contingit,

75 2460 115 2492 et
138 2456 367 2502 Aethiopibus
397 2457 442 2491 ad
462 2457 583 2491 Indum
608 2458 735 2491 flumen
762 2464 797 2491 et
827 2457 923 2492 litori
946 2458 1051 2492 Asiae
1084 2458 1226 2492 minoris
1251 2457 1532 2503 Cycladibusque

75 2507 114 2536 et.
135 2503 255 2547 Cypro
277 2502 399 2537 insulis
425 2502 566 2536 exitium
590 2515 634 2537 ex
657 2503 864 2547 contagione
886 2503 1080 2547 incumbet,
1102 2510 1139 2538 ut
1160 2503 1216 2537 vel
1235 2503 1332 2548 ipsae
1351 2505 1531 2538 veteris-ae

74 2547 243 2582 dictarum
265 2547 444 2592 regionum
467 2548 644 2593 periturae
670 2548 760 2590 sint;
794 2549 929 2594 eritque
952 2549 988 2582 in
1012 2550 1065 2583 his
1092 2549 1249 2594 partibus
1272 2556 1388 2584 aestus
1411 2550 1530 2594 gravis

74 2605 116 2628 ac
146 2592 334 2638 pestilens,
369 2593 547 2628 eluviones
580 2594 756 2628 fluminum
790 2595 974 2638 immanes,
1010 2601 1046 2629 et
1069 2602 1202 2629 aestate
1226 2595 1376 2630 defectio
1404 2596 1530 2630 fluvia—

72 2639 156 2673 lium
186 2650 364 2684 aquarum.
409 2640 613 2674 feminarum
645 2646 758 2675 autem
787 2640 880 2674 inter
913 2641 1122 2683 animantia,
1154 2652 1226 2674 cum
1251 2641 1434 2676 rationalia
1457 2648 1527 2676 tum

71 2684 209 2719 ratione
245 2684 435 2730 destituta,
472 2686 581 2720 maior
619 2685 686 2720 erit
717 2686 915 2732 pernicies,
958 2686 1040 2733 quia
1078 2687 1264 2721 femineum
1300 2688 1435 2732 signum
1473 2693 1528 2722 est

70 2735 204 2766 taurus.

162 2775 240 2810 Sol
273 2775 480 2820 geminis.
526 2781 756 2813 terraemotus
779 2777 975 2823 ubicunque
998 2777 1030 2812 si
1053 2778 1198 2821 accidit,
1228 2777 1264 2811 in
1289 2776 1374 2811 Asia
1396 2776 1526 2812 maiore

71 2821 301 2868 Hyrcaniam,
325 2821 519 2858 Armeniam
538 2828 741 2871 utramque,
775 2824 998 2871 Adiabenen,
1030 2823 1067 2859 in
1087 2824 1208 2860 Africa
1230 2834 1292 2859 seu
1314 2822 1430 2870 potius
1447 2823 1525 2858 Eu-
