1748 3210
619 159 696 202 nE
724 158 998 223 MENSIBUS
1030 158 1104 203 Ν.
1345 167 1347 169 ·
1482 155 1575 203 103

144 271 381 329 βαρβάροις.
445 270 551 330 δόλῳ
574 273 621 314 δὲ
639 270 748 326 ὅμως
772 269 990 315 ἇπίλλυται
1014 274 1081 315 καὶ
1103 268 1363 326 παμπληθεί·
1394 265 1466 313 δύο
1497 270 1579 327 γάρ

143 341 321 395 Πέρσαι,
357 338 726 397 ἄκριιιτηριάσαντες
749 338 915 391 ἑαυτοὺς
942 340 1054 383 ὤτων
1079 357 1122 383 τε
1147 341 1214 382 καὶ
1238 337 1473 396 μυκτήρων,
1508 339 1574 380 ἐλ-

135 406 284 456 θόντες
312 407 492 450 ἀπατῶσι
525 409 593 450 τὸν
610 406 844 460 Ἰουλιανόν,
878 413 1043 450 τοιαῦτα
1064 408 1169 465 πρὸς
1184 411 1257 450 τοῦ
1274 407 1473 465 βασιλέως
1492 423 1573 448 πα-

141 477 230 517 θεῖν
250 480 329 517 τῶν
348 478 521 531 Περσῶν
538 475 791 531 ὀδυρόμενοι,
823 474 1023 519 δύνασθαι
1039 475 1168 530 ὅμως,
1197 475 1302 531 εἴπερ
1320 474 1455 525 αὐτοῖς
1474 474 1572 529 ἕψε·

99 554 133 590 -5
143 559 210 585 ται
242 540 263 583 ὃ
288 542 523 594 Ἰουλιανός,
557 544 624 586 ἐπ’
650 543 773 597 αὐτῆς
795 543 916 586 αὖτὸν
936 546 1134 600 Γοργοῦς,
1167 547 1240 598 τῆς
1259 545 1469 598 βασιλίδος
1490 546 1571 584 τῶν

139 612 334 667 Περσῶν,
368 615 536 654 νικῶντα
564 615 824 665 καταστῆσαι.
891 609 912 652 ὃ
933 612 998 663 δέ,
1031 616 1103 666 τῆς
1120 611 1376 669 πεπρωμένης
1393 607 1570 666 ἔπειγούσ

140 694 235 732 σης,
266 676 466 734 Ζωπύρου
488 696 528 721 τε
555 678 642 732 ἅμα·
661 683 734 720 τοῦ
750 676 1007 734 ιΕ’ροὸοτειόυ
1030 681 1096 721 καὶ
1116 681 1290 729 Σίνωνος
1309 682 1382 721 τοῦ
1403 678 1571 734 Οὐεργι-

139 749 278 788 λιαιόὔ
297 747 612 800 ἐπιλελησμένος,
646 746 719 796 τὰς
733 751 830 796 ναῦς
847 746 1098 804 καταφλέξας
1118 747 1172 788 δι’
1194 741 1249 788 ὧν
1266 747 1335 788 τὸν
1352 744 1572 803 Εὐφράτην

141 814 400 870 παρεφέρετο,
436 812 496 864 ὡς
508 814 565 868 μὴ
587 811 788 868 δήπουθεν
806 815 986 870 Πέρσαις
1002 814 1141 857 ἄδειαν
1158 818 1231 857 τοῦ
1238 812 1478 870 χρήσασθαι
1497 813 1571 855 αὐ-

86 891 131 926 10
142 888 249 932 ταῖς,
282 882 447 938 μετρίαν
467 881 555 924 τινὰ
580 880 759 936 δαπάνην
777 883 1008 934 κομίζοντος
1032 886 1107 924 τοῦ
1130 885 1326 938 στρατοῦ,
1359 888 1444 932 τοῖς
1464 881 1572 924 ἀπα-

139 954 260 992 τῶσιν
278 948 565 1003 ἠκολούθησεν.
631 949 668 990 οἱ
692 951 736 991 δὲ
756 952 810 999 εἰς
832 949 956 1005 ’ξηρὰν
982 951 1048 991 καὶ
1072 949 1244 1006 ἄνυδρον
1266 947 1480 1005 ἀγαγόντες
1498 949 1574 990 αὐ-

137 1015 208 1058 τὸν
238 1017 482 1072 δυσχωρίαν,
516 1016 584 1058 τὸν
610 1015 728 1058 δόλον
764 1015 1049 1071 ἀπεκάλυψαν,
1084 1018 1150 1059 καὶ
1170 1017 1281 1059 αὐτοὶ
1301 1018 1375 1070 μὲν
1409 1018 1479 1071 (τί
1495 1017 1574 1073 γὰρ

135 1078 186 1138 ἦν
214 1084 384 1138 πλέονς)
418 1082 645 1135 ἀπώλοντο,
680 1083 706 1125 ὃ
736 1086 779 1126 δὲ
805 1083 1014 1139 βασιλεύς,
1046 1085 1139 1127 οὐδὲ
1164 1088 1375 1140 προελθεῖν
1396 1085 1572 1127 ἐπέκεινα

137 1151 228 1193 οὐδὲ
245 1151 492 1207 ἀναστρέψαι
511 1152 556 1194 τὸ
580 1152 723 1195 λοιπὸν
736 1151 927 1208 εὑρίσκων
935 1184 949 1205 ,
976 1155 1147 1208 οἰκτρῶς·
1162 1153 1385 1210 ἐφθείρετο.
1453 1150 1508 1202 ὥς
1528 1152 1573 1194 δὲ

82 1225 125 1262 15
137 1218 182 1261 τὸ
208 1219 309 1262 πολὺ
334 1220 456 1276 μέρος
479 1224 550 1272 τῆς
572 1224 762 1275 στρατιᾶς
781 1221 975 1271 διέπεσεν,
1010 1221 1244 1262 ἀσθενοῦντι
1267 1219 1376 1277 αὐτῷ
1394 1221 1572 1273 ἐπῆλθον

135 1287 173 1329 οἱ
200 1288 374 1343 Πέρσαι.
439 1287 726 1337 ἓλαττωθέντες
757 1288 800 1328 δὲ
828 1290 893 1329 καὶ
920 1286 1045 1337 οὕτως
1066 1282 1187 1337 αὖθις
1208 1288 1448 1329 ἐπιτίθενται
1466 1288 1571 1342 μηδὲ
1593 1301 1631 1335 p·
1656 1290 1723 1325 120

135 1353 208 1396 δύο
238 1353 440 1410 μυριάδας
468 1354 619 1408 ἔχοντι,
653 1359 711 1412 τῷ
745 1356 837 1412 πρὶν
869 1354 1132 1397 ἑπτακαίδεκα
1165 1356 1405 1413 ε’παγομένῳ.
1474 1353 1496 1396 ὅ
1529 1355 1573 1397 δὲ

130 1421 344 1471 Ἰουλιανὸς
373 1423 593 1476 ἐμαχέσατο
616 1421 774 1478 ἄριστα.
844 1420 899 1473 εἷς
918 1424 960 1464 δὲ
977 1424 1019 1464 ἒκ
1041 1428 1113 1477 τῆς
1128 1425 1332 1479 Περσικῆς
1351 1421 1571 1479 φάλαγγος,

131 1493 212 1531 τῶν
230 1489 447 1545 λεγομένων
466 1493 725 1546 Σαρακηνῶν,
751 1490 794 1531 ἐκ
817 1495 888 1544 τῆς
912 1488 1147 1547 ἆλουργίὸος
1165 1491 1335 1544 βασιλέα
1355 1489 1575 1544 ὑπολαβὼν

37 1594 42 1599 .
78 1556 323 1613 Ξοᾶνέκραγε
354 1558 530 1613 πατρίως
558 1556 762 1610 ΖΙῚαλχάν,
798 1557 914 1600 οἱονεὶ
936 1556 1148 1612 βασιλεύς,
1179 1559 1245 1599 καὶ
1269 1559 1433 1614 ἐπαφεὶς
1456 1557 1573 1616 ροιῒῳ

131 1624 204 1678 τὴν
237 1625 447 1680 λεγομένην
477 1625 680 1681 ῥομφαίαν
709 1623 897 1679 διήλασεν
928 1625 1050 1668 αὐτὸν
1074 1625 1177 1667 κατὰ
1199 1630 1274 1668 τοῦ
1294 1625 1432 1682 ἤτρου.
1499 1630 1572 1668 τοῦ

134 1692 180 1735 δὲ
205 1692 456 1750 Ὀρειβασίου
488 1694 726 1748 κομίσαντος
744 1693 863 1736 αὐτὸν
888 1695 943 1744 εἷς
963 1693 1035 1748 τὴν
1056 1693 1316 1750 παρεμβολὴν
1339 1695 1406 1735 καὶ
1429 1694 1572 1735 διαθέ-

221 1799 246 1835 3
264 1799 428 1834 τοσαῦτα
449 1799 493 1834 Ρ.
630 1799 652 1834 8
676 1797 745 1840 τοὶς
761 1810 800 1834 τε
818 1799 914 1840 ναῦς
933 1799 1078 1834 Hasius.
1215 1801 1237 1835 9
1260 1797 1421 1843 Πέρσαις
1438 1800 1572 1834 δοῦναι

221 1841 351 1880 ἄδειαν
386 1845 529 1879 Hasius.
713 1847 753 1880 11
793 1842 957 1889 ἄνυδρον
991 1845 1210 1879 Roetherus:
1253 1846 1355 1890 vulgo
1394 1841 1569 1891 ἅνυγρον.

219 1891 265 1927 13
284 1891 503 1936 προσελθεῖν
522 1889 622 1925 libri:
647 1902 725 1926 corr
746 1891 957 1926 Roetherus.
1115 1893 1161 1925 20
1186 1888 1360 1935 ἅνέκραξε
1378 1891 1422 1925 Ρ.

129 1981 318 2018 tolerabilis
349 1984 425 2017 erat
450 1981 622 2016 barbaris.
669 1981 748 2015 dolo
775 1985 888 2014 autem
912 1980 1019 2014 nihilo
1047 1979 1157 2014 minus
1190 1981 1283 2026 perit
1312 1993 1387 2016 cum
1415 1981 1572 2016 omnibns

129 2028 218 2062 adeo
239 2027 369 2073 copiis:
401 2029 468 2062 duo
490 2027 579 2060 enim
596 2027 746 2071 Persae,
768 2026 828 2069 qui
846 2026 1009 2059 mutilatis
1033 2027 1172 2059 auribus
1195 2028 1404 2072 naribusque
1427 2028 1470 2062 ad
1495 2038 1572 2061 eum

129 2080 315 2117 venerant,
338 2073 515 2118 decipiunt
532 2071 718 2116 Iuli-anum,
740 2071 825 2105 talia
842 2083 880 2105 se
899 2083 919 2104 a
936 2071 1118 2105 Persarum
1137 2083 1220 2116 rege
1238 2084 1358 2116 passos
1376 2072 1575 2117 plorantes3

128 2129 234 2163 posse
254 2123 389 2163 tamen,
412 2117 581 2162 siquidem
601 2116 696 2162 ipsos
719 2122 898 2151 secuturus
918 2121 1012 2150 esset
1030 2116 1198 2159 Iulianus,
1223 2117 1259 2151 in
1281 2117 1358 2162 ipsa
1379 2129 1455 2152 eum
1477 2119 1571 2151 Gor-

130 2175 240 2208 gone,
278 2164 378 2207 regia
405 2163 610 2206 Persarum,
648 2163 815 2197 victorem
843 2162 1004 2195 reddere.
1051 2161 1107 2195 ille
1141 2168 1252 2196 autem
1287 2165 1362 2198 fato
1396 2164 1571 2207 adigente,

130 2208 266 2253 Zopyri
287 2208 387 2242 simul
409 2207 602 2242 Herodotei
625 2215 661 2243 et.
682 2208 823 2242 Sinonis
845 2206 1029 2251 virgiliani
1053 2207 1178 2241 oblitus
1191 2233 1200 2250 ‚
1235 2208 1382 2243 navibus
1405 2209 1569 2251 incensis,

130 2255 256 2307 quibus
278 2265 342 2298 per
358 2253 574 2298 Euphratem
596 2259 716 2287 vectus
739 2259 836 2297 erat,
867 2265 911 2286 ne
932 2252 1096 2286 videlicet
1116 2251 1233 2286 Persis
1257 2254 1356 2288 daret
1374 2254 1573 2288 facultatem

130 2299 174 2333 ils
201 2299 339 2342 utendi,
370 2299 576 2333 mediocrem
599 2304 820 2333 commeatum
848 2298 1003 2332 exercitu
1026 2303 1186 2342 portante
1209 2298 1414 2342 impostores
1433 2305 1572 2332 secutus

131 2348 206 2386 θεὶς
238 2345 298 2389 qui
320 2344 381 2378 ubi
403 2356 479 2378 eum
501 2344 538 2377 in
557 2344 667 2378 locum
693 2343 868 2378 difficilem
891 2343 1023 2376 aridum
1043 2348 1078 2375 et
1100 2353 1190 2386 aqua
1215 2349 1387 2378 carentem
1416 2345 1571 2378 deduxe-

130 2394 229 2433 runt,
260 2389 374 2424 dolum
400 2395 629 2434 aperuerunt,
663 2394 699 2424 et
730 2390 799 2434 ipsi
827 2388 964 2434 quidem
997 2387 1105 2432 (quid
1138 2388 1227 2421 enim
1248 2389 1417 2434 reliquum
1438 2389 1570 2431 erat2)

130 2434 332 2480 perierunt,
358 2435 546 2480 imperator
563 2441 695 2479 autem,
724 2446 837 2478 neque
858 2435 1028 2477 quomodo
1050 2434 1318 2477 progrederetur
1340 2434 1483 2468 ulterius
1507 2445 1570 2467 ne-

131 2491 200 2524 que
230 2482 398 2525 quomodo
428 2486 665 2515 reverteretur
695 2479 839 2525 amplius
868 2478 1071 2521 inveniens,
1112 2478 1238 2512 misere
1267 2479 1472 2513 interfectus
1503 2482 1570 2513 est.

132 2525 194 2559 ubi
223 2531 337 2560 autem
363 2525 473 2560 maior
498 2537 578 2571 pars
612 2527 785 2560 exercitus
815 2524 957 2568 effugit,
991 2523 1162 2557 laboranti
1194 2523 1263 2567 ipsi
1295 2529 1573 2569 supervenerunt

131 2570 282 2614 Persae,
313 2576 350 2604 et
373 2582 566 2616 quanquam
596 2571 726 2606 devicti
746 2570 803 2604 vel
825 2570 876 2604 sic
901 2581 975 2603 eum
1005 2568 1207 2602 adoriuntur
1229 2581 1273 2602 ne
1291 2569 1417 2613 viginti
1434 2569 1572 2614 quidem

132 2615 227 2649 milia
243 2616 446 2660 habentem,
471 2628 544 2651 cum
568 2623 669 2650 antea
690 2622 824 2650 centum
849 2620 885 2648 et
903 2614 1124 2659 septuaginta
1143 2614 1236 2647 milia
1252 2614 1465 2648 adduxisset.
1512 2615 1571 2648 Iu-

132 2661 243 2694 lianus
267 2671 352 2694 vero
377 2663 551 2706 pugnabat
577 2674 705 2696 summa
724 2661 876 2701 virtute;
909 2671 998 2693 unus
1017 2666 1130 2693 autem
1160 2670 1203 2692 ex
1224 2658 1368 2694 Persica
1388 2659 1571 2706 phalange,

133 2708 383 2740 Saracenorum
409 2707 469 2750 qui
496 2707 719 2749 dicebantur,
753 2719 796 2740 ex
819 2717 972 2751 purpura
993 2705 1233 2749 imperatorem
1261 2716 1339 2738 esse
1362 2705 1570 2750 suspicatus,

133 2751 247 2796 patrio
279 2763 436 2785 sermone
465 2752 669 2786 exclamavit
697 2753 874 2793 walchan,
908 2751 934 2785 i.
963 2762 996 2784 e.
1019 2762 1101 2792 rex,
1134 2755 1171 2783 et
1197 2749 1301 2784 misso
1323 2761 1398 2784 cum
1420 2750 1571 2785 stridore

134 2809 238 2842 ense,
261 2796 323 2842 qui
345 2795 513 2842 ῥομφαία
532 2798 678 2842 dicitnr,
701 2797 841 2831 traiecit
863 2808 939 2831 eum
965 2795 1058 2830 circa
1075 2796 1256 2830 abdomen.
1301 2795 1486 2831 Oribasius
1504 2807 1568 2831 au-
