1748 3210
652 179 729 224 DE
764 179 1050 226 OSTENTIS.
1298 204 1300 206 ·
1484 181 1583 227 339

133 296 176 339 ἓν
207 290 275 353 ἦρι
304 291 331 349 ἢ
361 289 605 353 μετοπώρῳ,
638 296 728 353 περὶ
748 295 822 351 τὴν
841 292 1029 345 πλειάδος
1049 294 1118 337 καὶ
1140 289 1364 352 ἀρκτούρου
1382 293 1582 350 ἐπιτολήν.

132 364 230 407 ὅθεν
257 362 351 404 οὐδὲ
377 363 419 404 ἓν
442 365 604 423 Σκυθία
630 362 658 419 ἢ
686 361 886 407 συνελόντι
913 365 1032 407 εἰπεῖν
1060 364 1123 406 ἐπὶ
1148 363 1194 405 τὸ
1219 363 1400 422 ἀρκτῷον
1420 363 1581 420 κέντρον

130 430 347 488 κεραυνοὺς
360 429 611 485 βάλλεσθαι,
645 430 768 487 ἤγουν
790 433 853 474 ἐπὶ
872 432 917 475 τὸ
937 431 1086 483 νότιον,
1121 432 1317 489 κέκριται,
1347 430 1414 472 διὰ
1429 432 1473 474 τὸ
1492 444 1580 486 ψυ-

125 499 229 557 χρὸν
254 500 320 541 καὶ
346 499 502 557 θερμὸν
527 502 601 543 τοῦ
627 501 730 543 κατὰ
760 500 855 550 τοὺς
880 499 1041 558 χώρους
1066 501 1236 550 ἐκείνους
1261 498 1582 554 καταστήματος.

98 569 194 613 5ἕπὶ
222 568 267 610 δὲ
294 572 366 622 τῆς
392 567 563 618 Ἰταλίας
590 565 645 618 ὥς
667 566 865 622 μάλιστα·
901 567 1091 625 εὔκρατος
1107 569 1183 625 γὰρ
1205 568 1347 622 σχεδὸν
1369 567 1480 624 παρὰ
1503 572 1584 609 πᾶν

123 636 275 693 χωρίον
306 633 327 677 ὅ
360 636 452 678 κατ’
485 637 634 691 ἐκείνην
657 635 762 693 ἀήρ,
797 635 875 678 ἀπὸ
893 637 967 690 μὲν
988 634 1104 679 νότου
1125 641 1300 693 πλευρᾶς
1319 634 1508 692 ἑκατέρας
1525 640 1584 693 τῷ

125 708 261 764 βορρᾷ
289 701 428 759 ἲάπυγί
454 721 496 746 τε
529 703 648 762 κώρῳ
674 721 715 747 τε
746 705 788 755 ἓξ
812 704 990 747 Ἄλπεων
1017 705 1335 759 καταπνεομένης
1357 703 1490 759 πάσης
1511 709 1583 758 τῆς

127 770 385 826 ὕποκειμένης
406 776 462 830 τῷ
480 771 686 830 Ἀπεννίνῳ
713 774 908 826 βαθείας,
943 772 1023 814 ἀπὸ
1044 773 1088 815 δὲ
1108 778 1180 816 τοῦ
1197 772 1297 829 πρὸς
1318 774 1413 826 λίβα
1431 771 1582 825 νεύμα-

126 857 197 891 τος
222 845 278 899 τῷ
303 838 428 897 νότῳ,
464 843 531 882 καὶ
559 840 662 898 νότῳ
687 841 734 882 οὗ
760 845 820 898 τῷ
848 843 959 897 ξηρῷ
977 841 1042 882 καὶ
1063 844 1190 897 βαρεῖ
1204 840 1308 881 ἀλλὰ
1329 845 1386 896 τῷ
1407 857 1581 895 γονιμω-

75 917 120 953 10
129 906 236 966 τάτῳ
266 906 445 959 πάντων,
481 907 566 951 οἷον
585 907 681 951 εἶναι
699 912 877 951 τοιοῦτον
893 906 918 962 ἦ
935 905 1174 964 παρήκουσα
1195 907 1298 964 πρὸς
1315 906 1493 964 Γάδειρα
1517 909 1583 950 ἐπὶ

126 975 172 1018 τὸ
193 976 442 1018 Ἀτλαντικὸν
461 974 614 1031 μεγάλη
636 975 925 1032 παρασκευάζει
946 975 1162 1027 θάλασσα,
1197 980 1373 1033 κιρνῶσα
1390 983 1478 1026 ταῖς
1494 988 1581 1030 ψυ-

124 1050 245 1100 χραῖς
282 1043 578 1097 ἀναθυμιάσεσι
605 1044 678 1098 τὴν
705 1043 871 1099 ἀτμώὸη
903 1045 969 1085 καὶ
995 1044 1180 1099 λοιμικὴν
1204 1049 1275 1085 τοῦ
1303 1049 1581 1100 μεσημβρινοῦ

125 1110 243 1154 νότου
273 1110 521 1169 θερμότητα.
588 1114 655 1154 καὶ
675 1112 720 1153 τὸ
747 1112 798 1167 δὴ
815 1111 974 1155 πάντων
992 1117 1040 1168 τῇ
1056 1111 1174 1171 χώρα
1193 1116 1264 1166 τῆς
1282 1112 1496 1167 εὐκρασίας
1515 1114 1581 1153 αἶ-

125 1177 341 1231 τιώτατον,
377 1179 535 1222 ἄνωθεν
563 1184 622 1237 τῷ
645 1180 790 1237 Ἰονίῳ,
826 1179 1010 1222 κάτωθεν
1041 1181 1084 1221 δὲ
1109 1185 1166 1237 τῷ
1188 1184 1427 1237 Τυρσηνικῷ
1445 1197 1582 1235 παρα-

73 1257 116 1295 15
127 1246 307 1300 κλύζεται
323 1246 496 1302 πελάγει.
563 1246 660 1289 ὅθεν
682 1249 742 1297 δίς
762 1265 803 1290 τε
823 1249 874 1290 τὰ
893 1249 1114 1303 θρέμματα
1136 1251 1208 1289 τοῦ
1228 1246 1341 1297 ἔτους
1362 1248 1581 1303 ἀπογεννᾶν

124 1317 300 1372 πέφυκε,
333 1315 455 1372 τυρὸς
474 1315 517 1357 δὲ
534 1315 581 1357 οὗ
602 1317 722 1358 λείπει
741 1315 829 1358 οὔτ’
852 1318 893 1359 ἐν
915 1317 1027 1373 θέρει
1050 1314 1138 1357 οὔτ’
1161 1316 1202 1358 ἓν
1221 1313 1374 1373 ὀπώρῃ.
1415 1320 1583 1359 τοιαῦτα

125 1384 199 1438 μὲν
221 1382 270 1427 ἄν
289 1401 349 1433 τις
370 1385 460 1439 περὶ
478 1383 649 1434 Ἰταλίας
668 1383 783 1426 εἴποι.

261 1449 341 1497 44.
409 1449 624 1508 Λιάφορος
640 1453 682 1494 δὲ
701 1454 768 1494 καὶ
789 1450 836 1494 οὗ
853 1450 1064 1506 μονοειδὴς
1081 1449 1107 1506 ἢ
1125 1455 1205 1494 τῶν
1225 1455 1427 1509 κεραυνῶν
1447 1449 1583 1508 φύσις.

124 1519 220 1571 τούς
251 1521 324 1574 μὲν
355 1519 432 1577 γὰρ
466 1518 690 1574 ψολόεντας
718 1519 744 1575 ἦ
775 1519 996 1574 παλαιότης
1022 1524 1155 1571 καλεῖ,
1189 1520 1284 1570 τοὺς
1316 1521 1360 1563 δὲ
1392 1520 1582 1577 ἀργῆτας,

69 1601 116 1638 20
129 1587 327 1644 σκηπτούς
347 1605 388 1630 τε
409 1589 475 1630 καὶ
492 1593 738 1645 πρηστῆρας.
807 1588 901 1630 οὐδὲ
920 1588 997 1644 γὰρ
1019 1586 1162 1638 πάντες
1182 1587 1304 1630 ταύτὸ
1327 1587 1585 1645 πράττουσιν.

126 1658 200 1699 εἶσὶ
237 1657 282 1699 δὲ
313 1656 360 1698 οἱ*
385 1658 451 1699 καὶ
485 1657 781 1713 ἀναστρέφουσι
809 1655 910 1713 πρὸς
941 1656 1015 1706 τὰς
1039 1654 1169 1712 ῥήξεις
1190 1659 1270 1698 τῶν
1292 1660 1445 1714 νεφῶν,
1482 1655 1582 1698 ὅθεν

124 1726 192 1768 καὶ
230 1726 506 1780 ἓξεθλίβησαν.
575 1726 641 1766 καὶ
679 1725 716 1767 οἱ
755 1725 828 1779 μὲν
870 1721 1058 1781 διάπυροι
1092 1728 1340 1782 πρηστῆρες,
1374 1724 1414 1766 οἷ
1445 1725 1488 1766 δὲ
1520 1725 1580 1779 μὴ

212 1833 237 1868 2
262 1829 462 1867 συνελόντα
482 1833 513 1866 C
535 1843 610 1867 cum
631 1832 739 1877 Rutg.
831 1833 854 1868 3
876 1827 1008 1878 ἤγουν]
1031 1831 1144 1866 malim
1162 1827 1264 1866 ου’δέ.
1287 1830 1336 1865 Η.
1429 1832 1452 1866 7
1474 1829 1581 1877 πώρῳ

213 1889 252 1913 τε
272 1879 330 1923 H,
354 1875 458 1933 χαίρω
477 1874 516 1912 δὲ
537 1878 585 1923 C,
610 1875 712 1922 χώρα
729 1876 791 1912 καὶ
811 1878 858 1912 R.
999 1881 1043 1913 10
1065 1878 1117 1911 sic
1138 1878 1257 1911 ambo:
1280 1877 1343 1910 sed
1362 1876 1474 1910 malim
1495 1878 1581 1910 τοῦ-

212 1935 302 1967 τον,
327 1923 383 1958 vel
404 1919 450 1957 ὃν
474 1927 568 1957 εἰναι
589 1924 775 1958 τοιοῦτον.
800 1924 847 1957 Η.
997 1925 1040 1958 16
1061 1923 1173 1958 malim
1191 1922 1252 1957 τέ·
1277 1927 1312 1957 et
1330 1922 1383 1957 sic
1400 1922 1505 1958 verti.
1530 1922 1578 1957 H.

214 1970 320 2003 Hom.
345 1968 415 2003 Od.
439 1969 482 2003 12
504 1970 562 2003 76.
701 1970 744 2003 18
767 1967 830 2002 καὶ
852 1980 905 2002 om
925 1968 967 2003 C.

122 2063 305 2103 autumno,
340 2059 404 2093 sub
422 2057 644 2102 vergiliarum
663 2062 699 2093 et
717 2059 847 2093 arcturi
870 2064 995 2094 ortum.
1042 2059 1133 2093 unde
1157 2069 1271 2103 neque
1289 2058 1325 2092 in
1344 2057 1493 2102 Scythia
1516 2070 1579 2092 ne-

123 2117 215 2151 que,
248 2110 288 2140 ut
313 2103 414 2139 brevi
440 2104 572 2148 dicam,
604 2104 697 2138 circa
721 2105 955 2149 aquilonarem
985 2105 1161 2139 cardinem
1185 2117 1250 2138 nec
1269 2104 1363 2138 circa
1382 2103 1581 2148 australem,

123 2153 248 2187 cadere
278 2150 421 2185 fulmina
451 2149 638 2183 iudicatum
670 2155 743 2194 est,
782 2152 825 2184 ob
858 2151 1022 2195 frigidum
1046 2155 1150 2195 atque
1181 2150 1326 2184 calidum
1350 2161 1414 2194 per
1435 2149 1513 2183 loca
1537 2161 1581 2184 ea

123 2197 212 2232 caeli
237 2200 375 2230 statum.
422 2195 459 2228 in
479 2195 581 2229 Italia
607 2207 707 2240 quam
729 2196 954 2241 creberrime,
990 2196 1160 2241 siquidem
1180 2195 1231 2230 ibi
1252 2195 1366 2230 ubivis
1392 2196 1468 2229 fere
1490 2201 1580 2229 tem-

122 2247 266 2288 peratus
290 2242 368 2284 aet,
393 2252 487 2284 cum,
511 2241 654 2275 australi
671 2240 780 2275 latere
798 2248 964 2287 utroque,
990 2241 1099 2275 omnis
1119 2242 1299 2286 Apennino
1318 2241 1477 2275 subiecta
1494 2253 1579 2285 pro-

122 2288 278 2323 funditas
301 2286 460 2332 aquilone
481 2286 623 2320 favonio
643 2298 724 2321 coro
743 2299 787 2321 ex
807 2287 972 2332 Alpibus,
999 2287 1037 2321 in
1067 2289 1160 2322 flexu
1185 2294 1299 2321 autem
1327 2286 1471 2320 africum
1496 2298 1579 2320 ver-

124 2345 183 2369 sus
215 2338 333 2368 austro
363 2332 599 2386 perspiretur‚
639 2344 753 2377 neque
784 2339 902 2367 austro
934 2333 1027 2368 sicco
1054 2339 1090 2367 et
1115 2333 1216 2377 gravi
1238 2333 1316 2375 illo,
1345 2332 1407 2365 sed
1429 2331 1578 2366 omnium

123 2379 270 2414 maxime
292 2377 456 2422 gemtali,
482 2377 616 2423 qualem
637 2390 714 2411 eum
735 2389 828 2412 mare
849 2391 1005 2424 magnum
1022 2379 1156 2422 reddit,
1181 2379 1225 2413 ad
1242 2377 1447 2412 Atlanticum
1467 2388 1580 2422 usque

123 2437 187 2471 per
212 2425 331 2459 Gades
354 2423 555 2469 pertinens,
590 2424 782 2468 afflatuque
804 2425 1036 2469 refrigerante
1058 2431 1255 2469 temperans
1275 2423 1513 2467 vaporiferum
1537 2434 1580 2457 ae

123 2470 342 2516 pestilentem
370 2469 605 2503 meridionalis
635 2469 744 2503 austri
773 2475 918 2505 aestum.
967 2476 1003 2504 et
1034 2471 1127 2515 quod
1157 2469 1295 2513 regioni
1318 2468 1368 2501 illi
1392 2468 1580 2502 conficien—

124 2515 259 2550 tissima
281 2515 429 2549 omnium
450 2526 556 2549 causa
578 2515 760 2559 temperiei
783 2521 855 2559 est,
887 2516 1045 2562 superius
1067 2515 1188 2558 Ionio,
1218 2514 1363 2548 inferius
1388 2514 1577 2558 Tyrrheno

126 2560 264 2595 alluitur
285 2560 384 2594 mari.
431 2572 540 2606 quare
563 2566 599 2595 et
621 2561 675 2594 bis
700 2561 883 2605 quotannis
908 2563 1059 2607 pecudes
1082 2560 1240 2607 pariunt,
1274 2564 1309 2594 et
1327 2571 1449 2594 caseus
1479 2556 1578 2594 “nec

125 2605 254 2642 Bacchi
277 2605 376 2640 deest
396 2617 462 2640 nec
484 2611 641 2652 tempore
663 2603 814 2641 messis’'
840 2608 973 2651 (Hom.
996 2607 1066 2642 Od.
1088 2608 1132 2642 12
1157 2608 1240 2650 76).
1286 2605 1373 2640 haec
1396 2605 1440 2640 de
1463 2604 1577 2640 laudi-

123 2653 188 2686 bus
210 2650 348 2686 Italiae.

213 2696 269 2732 44.
314 2695 465 2731 Diversa
487 2701 599 2732 autem
618 2700 674 2733 est
693 2709 806 2743 neque
823 2697 1019 2732 uniusmodi
1041 2697 1219 2732 fulminum
1242 2699 1377 2731 natura.
1428 2696 1497 2730 alia
1519 2696 1577 2729 fu-

123 2742 215 2777 mida
245 2747 349 2776 vocat
379 2742 587 2788 antiquitas,
618 2743 686 2779 alia
721 2744 891 2787 candida,
926 2744 1115 2787 irruentia,
1149 2748 1346 2789 presteres:
1384 2754 1452 2776 non
1487 2741 1579 2775 enim

123 2788 238 2823 omnia
267 2788 357 2822 idem
390 2788 558 2823 efficiunt.
606 2795 686 2824 sunt
710 2789 813 2824 etiam
837 2802 926 2834 quae
951 2791 1097 2824 redeant
1119 2791 1163 2824 ad
1185 2788 1400 2834 diruptiones
1424 2787 1577 2831 nubium,

123 2835 214 2869 unde
233 2834 318 2870 elisa
335 2834 485 2871 fuerant.
533 2835 690 2872 ardentia
712 2842 888 2882 presteras
914 2836 1150 2883 appellantur3
1187 2847 1277 2882 quae
1299 2839 1380 2870 sunt
1402 2833 1478 2869 sine
1497 2832 1579 2879 igne
