1748 3210
176 711 213 744 p·

237 708 251 732 1
456 681 769 733 CAROLI
812 681 1268 732 BENEDICTI
1312 682 1519 732 HASE

269 783 361 839 IN
448 781 841 838 LIBRUM
935 778 1350 838 IOANNIS
1452 779 1698 836 LYDI

335 897 428 939 DE
485 894 876 939 OSTENTIS
925 894 1634 950 FRAGMENTUMQUE

711 972 803 1014 DE
868 972 1251 1015 MENSIBUS

537 1063 1430 1133 PRAEFATIO.

381 1356 902 1406 ARGUMENTA
955 1355 1593 1406 PRAEFATIONIS.

361 1477 395 1511 1.
420 1477 616 1510 Institutum
637 1475 805 1510 editionis.
861 1476 896 1510 2.
921 1476 1021 1510 codes
1041 1476 1256 1520 Cmeolims,
1275 1489 1364 1512 nunc
1377 1478 1521 1522 Regim-
1571 1476 1606 1511 3.
1629 1474 1700 1510 eius

271 1521 420 1556 condicio
448 1521 621 1554 hodierna.
689 1520 723 1554 4.
748 1520 870 1553 codicis
886 1521 999 1564 prima
1009 1522 1104 1564 solia
1122 1523 1236 1556 lacera
1254 1527 1286 1556 et
1304 1534 1450 1557 corrosa.
1517 1520 1552 1556 5.
1576 1521 1702 1565 pagel-

272 1568 385 1601 larum
403 1566 538 1610 effigies
558 1576 617 1598 cur
631 1565 758 1608 passim
775 1565 821 1598 sit
837 1565 1023 1609 proposita.
1108 1568 1140 1600 6.
1164 1568 1315 1602 subsidia
1330 1568 1447 1611 quibus
1463 1566 1518 1600 nm*
1535 1577 1648 1600 tumus
1663 1565 1702 1598 in

271 1611 439 1665 PY⁵⁷Z⁶²⁸P⁸⁸⁰
465 1610 543 1643 libri
571 1610 785 1663 ζεεειίιικῆπάοΖ
832 1653 840 1663 .
872 1610 911 1686 Ξ.
937 1622 1023 1663 quae
1038 1611 1233 1665 adzymento
1247 1614 1381 1655 fuerint
1397 1614 1434 1646 in
1449 1611 1582 1655 reliqua
1600 1614 1702 1664 poste

273 1657 366 1733 {25:222
451 1654 1019 1742 ²31,.d²‚;?‡3{³122²“3‘332510„3“235
1034 1657 1579 1736 sszss'zfiaosszsskfflffltfzfflx
1595 1665 1702 1745 ‘33:125

276 1745 332 1779 11.
349 1746 589 1788 fragmentum
607 1743 686 1777 libri
699 1744 749 1778 De
762 1743 938 1778 memibue.
1032 1746 1087 1780 12.
1116 1746 1157 1781 de
1178 1747 1311 1781 ratione
1329 1747 1596 1782 annotationum.

230 1972 253 2011 1
281 1939 424 2027 Quod
447 1986 667 2024 receperam
689 1974 731 2011 in
751 1976 990 2025 praefatione
1012 1978 1103 2015 libri
1123 1978 1278 2016 Ioannis
1299 1975 1402 2029 Lydi
1425 1976 1474 2015 de
1494 1976 1702 2027 magistra-

276 2053 380 2090 tibus
407 2051 613 2097 Romanis,
643 2050 875 2089 collaturum
899 2066 963 2090 me
994 2056 1168 2092 animum
1201 2054 1252 2092 ad
1279 2054 1489 2093 editionem
1516 2060 1699 2092 tractatus

277 2131 336 2166 De
355 2128 516 2166 ostentis
529 2155 539 2175 ,
570 2125 745 2164 eiusdem
761 2131 946 2179 auctoris,
975 2130 1018 2168 id
1039 2131 1281 2184 aliquamdiu
1295 2145 1346 2169 ne
1366 2132 1559 2170 efficerem
1577 2133 1700 2168 inter-

279 2205 427 2243 dictum
455 2202 554 2240 mihi
581 2204 728 2253 putavi.
785 2208 930 2244 etenim
954 2210 1082 2246 evenit
1109 2216 1174 2256 ut,
1214 2216 1400 2261 quantam
1428 2216 1541 2246 antea
1567 2214 1699 2259 optare

278 2284 349 2322 vix
375 2294 501 2320 essem
525 2293 639 2318 ausus
651 2309 661 2328 ,
690 2287 798 2318 tanta
814 2296 888 2320 nec
906 2285 1080 2335 opinanti
1100 2286 1301 2324 offerretur
1318 2287 1481 2324 facultas
1499 2282 1699 2334 vulganffl,

279 2374 380 2414 quae
409 2360 532 2411 spissa
557 2370 650 2395 saue
677 2355 727 2394 ad
752 2357 956 2398 historiam
981 2363 1238 2413 Byzantinam
1261 2361 1531 2401 illustrandam
1551 2359 1700 2398 dudum

275 2437 463 2475 haberem
493 2441 742 2485 comportata.
798 2448 876 2487 qua
902 2450 944 2473 re
969 2439 1091 2475 semel
1111 2439 1286 2477 instituta
1306 2440 1467 2478 verebar
1482 2452 1533 2476 ne
1551 2440 1700 2490 reperi-

279 2522 411 2552 rentur
433 2515 534 2551 inter
559 2513 728 2550 fautores
755 2512 970 2550 studiorum
988 2527 1185 2564 meorum,
1214 2516 1562 2567 praestantissimos
1583 2522 1706 2567 atque

277 2594 538 2644 amplissimos
568 2590 691 2638 viros,
722 2590 790 2641 qui
819 2600 1019 2630 censerent
1046 2604 1126 2631 non
1149 2605 1233 2630 esse
1254 2592 1448 2643 eiusdem,
1479 2595 1586 2632 cuius
1607 2592 1699 2630 fidei

277 2671 427 2708 lentum
463 2672 514 2708 sit
555 2668 805 2705 commissum
837 2670 1038 2718 negotium
1051 2697 1062 2718 ,
1106 2676 1314 2722 antequam
1346 2669 1389 2707 id
1424 2671 1698 2709 conclusissem

277 2744 409 2797 (quod
439 2748 587 2785 utinam
617 2754 718 2785 recte
747 2744 951 2798 possem),
979 2759 1080 2786 novo
1102 2760 1166 2784 me
1187 2748 1401 2798 implicare.
1457 2754 1497 2786 et
1524 2748 1697 2800 profecto
