1748 3210
391 193 467 236 DE
500 185 945 235 MAGISTRATIBUS
978 190 1023 232 P.
1051 189 1104 232 R.
1137 188 1242 232 LIB.
1266 189 1342 232 111.
1495 189 1592 234 253

146 297 220 362 τῆς
237 303 438 356 ἐπαύλεως
458 310 538 349 τῶν
555 302 730 361 ἡμιόνων
742 318 754 330 ·
789 303 964 359 στάβλον
983 303 1104 347 αὐτὸν
1120 302 1262 346 Ἰταλοὶ
1286 302 1479 358 λέγουσιν.
1547 296 1595 344 οὗ

148 375 200 431 δὴ
217 375 467 430 γνωσθέντος

150 461 156 466 ·
348 438 453 500 ὦρτο
473 441 588 492 πόλις
606 439 791 497 πτήξασα
809 442 875 483 καὶ
898 439 1051 495 ὄμμασι
1071 437 1223 494 πήξατο
1242 444 1392 495 χεῖρας,

145 508 344 553 ἅνεκῶκυέ
365 529 407 554 τε
438 509 459 553 ὃ
480 514 627 566 δῆμος,
656 513 824 564 βοηθεῖν
843 513 901 566 τῷ
922 509 1184 565 ὁιασπωμένῳ
1203 508 1304 562 μηδὲ
1325 508 1477 549 πείθειν
1498 509 1593 548 τολ-

111 589 134 626 6
145 583 234 634 μῶν
253 579 323 621 τὸν
345 579 562 636 ἀλάστορα.
631 577 655 620 ὅ
674 595 717 634 γε
732 578 813 632 μὴν
830 578 903 632 τὴν
919 576 1032 619 πόλιν
1050 578 1274 619 ἐπισκοπῶν
1290 575 1362 618 σὺν
1378 582 1460 624 τοῖς
1478 574 1594 630 ἱερω-

143 648 278 702 μένοις
297 646 466 700 ἅπασιν,
510 646 724 700 ἀναλαβών
741 648 808 688 καὶ
831 646 882 688 τὰ
903 650 999 687 θεῖα
1020 644 1157 701 λόγια,
1193 645 1362 701 ἔδραμεν
1384 642 1438 693 ὡς
1458 641 1593 694 αὐτόν,

145 717 296 758 πείθειν
318 717 375 758 δι’
399 717 531 759 αὐτῶν
551 714 763 770 ἐννοήσας·
799 712 820 757 ὃ
842 716 886 756 δὲ
907 714 1149 767 Σαλμωνεὺς
1166 715 1221 763 εἷς
1241 713 1335 762 τοὺς
1355 710 1596 768 ἀνθρώπους

145 786 212 825 καὶ
234 784 332 827 θεὸν
352 782 457 842 δρῶν
474 785 671 827 ἐκέλευσεν
692 785 753 825 ἐπὶ
776 787 920 838 σκηνῆς
941 780 1137 832 ἐλθόντας
1155 780 1342 838 πράττειν
1359 780 1409 822 τὰ
1430 779 1596 831 ἑαυτῶν,

143 853 270 907 μηδὲν
288 851 625 907 ὑποστελλόμενος
644 856 724 894 τῶν
743 851 819 894 ὅσα
846 853 887 893 ἐν
914 852 1108 907 πορνειόις
1127 851 1379 904 κεκλημένοις
1395 855 1478 898 τοῖς
1499 848 1597 889 ἀκοή

90 934 134 968 10
145 920 308 971 λάστοις
338 920 470 976 λόγοις
498 921 815 976 ἅσελγαίνεσθαι.
882 920 950 960 καὶ
989 918 1142 972 ἀσκεπῆ
1177 920 1244 960 καὶ
1280 922 1380 958 πᾶσι
1417 915 1596 958 κάτοπτα

143 994 276 1046 παρῆν
299 989 350 1031 τὰ
369 993 470 1031 θεοῦ
487 991 764 1045 γνωρίσματα,
800 988 867 1029 καὶ
888 985 908 1028 ὃ
928 986 1054 1043 ἱερεὺς
1072 985 1165 1040 μετ’
1189 986 1321 1028 αὐτῶν
1337 983 1596 1042 ὑβριζόμενος

144 1056 305 1114 ἐθρήνει
325 1061 497 1114 πικρῶς,
528 1055 655 1107 οὕτως
677 1054 782 1113 δρῶν
801 1056 846 1098 τὸ
867 1059 980 1097 θεῖον
998 1053 1289 1112 περιορώμενον
1308 1053 1470 1107 ἀτίμως.
1506 1051 1528 1094 ὃ
1553 1053 1597 1094 δὲ

140 1123 371 1181 Πετρώνιος
391 1129 463 1179 τῆς
487 1126 633 1175 οἰκείας
648 1125 878 1181 περιουσίας
899 1129 1056 1179 πρῶτον
1078 1121 1182 1179 δρῶν
1201 1123 1270 1165 τὸν
1290 1121 1403 1173 θεόν,
1429 1122 1597 1175 πέμψας

143 1193 199 1242 εἷς
219 1190 338 1245 οἶκον,
363 1192 494 1235 πάντα
513 1192 588 1235 ὅσα
610 1187 659 1247 ἦν
680 1191 788 1248 αὐτῷ
808 1193 882 1234 σὺν
902 1194 967 1233 καὶ
987 1198 1074 1240 ταῖς
1095 1193 1226 1242 λίθοις
1247 1191 1410 1239 ἐκείναις
1431 1190 1596 1245 ἐνεγκὼν

88 1271 131 1306 15
143 1259 307 1317 ἔρριψεν
329 1263 390 1303 ἐπὶ
412 1261 570 1303 αὐλείου
595 1265 669 1304 τοῦ
686 1258 921 1310 Κύκλωπος.
990 1261 1077 1301 καὶ.
1091 1290 1123 1301 ..
1150 1258 1196 1301 τό
1213 1277 1255 1302 τε
1273 1258 1440 1315 χρυσίον
1458 1256 1595 1311 λαβὼν

139 1330 203 1370 ἐπὶ
234 1327 339 1386 τόκῳ
369 1330 589 1384 κατέθηκεν
619 1329 681 1370 ἐπὶ
712 1329 806 1378 τοὺς
831 1327 1051 1383 τιμωρούς,
1088 1326 1143 1378 ὥς
1174 1328 1225 1382 δὴ
1257 1325 1503 1380 κεκμηκότας
1525 1325 1592 1367 ἐπ’

141 1397 251 1454 αὐτῷ
260 1429 273 1448 ,
312 1396 570 1454 σπορτούλων
590 1398 723 1440 ἕνεκα·
766 1397 870 1440 οὕτω
893 1397 936 1439 δὲ
954 1396 1022 1439 τὸν
1040 1397 1180 1453 ἔρανον
1201 1396 1238 1438 οῖ
1255 1395 1444 1450 Ῥωμαῖοι
1467 1411 1595 1452 προσ-

139 1463 407 1522 αγορεῦουσιν.

276 1532 354 1578 60.
389 1533 574 1591 Μετρίου
593 1533 638 1574 δὲ
653 1530 796 1575 τούτου
818 1530 1008 1583 δόξαντος
1028 1530 1138 1584 εἶναι,
1159 1533 1335 1576 συνεῖδεν
1354 1529 1595 1588 ὅΚίρβερος

83 1610 130 1647 20
141 1602 207 1643 καὶ
218 1603 454 1658 μιαιφονίας
472 1600 739 1659 ἐργάσασθαι.
774 1599 964 1658 Πρόκλον
982 1595 1052 1642 οὖν
1069 1601 1172 1652 τινά,
1195 1599 1404 1654 ἀπόμαχον
1421 1605 1494 1654 τῆς
1509 1601 1595 1641 ἐπι-

137 1670 288 1726 χωρίου
307 1675 511 1726 στρατιᾶς,
537 1669 658 1713 εἴκοσι
674 1671 892 1726 χρυσίνους
916 1669 1095 1712 ἀπαιτῶν
1116 1670 1311 1726 εἰσφέρειν
1335 1669 1445 1726 αὐτῷ
1466 1667 1595 1710 συνώ-

139 1741 207 1779 θει
227 1737 299 1780 οὐκ
319 1737 473 1791 ἔχοντα,
509 1740 575 1780 καὶ
593 1736 723 1779 πάντα
743 1738 793 1780 τὰ
815 1742 894 1779 τῶν
914 1742 1059 1780 ποινιῦν
1080 1736 1230 1794 ὄργανα
1252 1735 1486 1791 ἀπήμβλυνε
1511 1744 1595 1786 τοῖς

138 1804 293 1863 νεύροις
310 1811 382 1848 τοῦ
403 1807 548 1849 ἀθλίου
566 1807 750 1861 πένητος·
771 1805 815 1855 ὃς
831 1807 875 1848 τὸ
895 1806 1033 1848 λοιπὸν
1051 1808 1155 1862 μηδὲ
1175 1808 1245 1861 ζῆν
1264 1804 1472 1860 ὑπομένων
1490 1806 1594 1860 μηδὲ

229 1946 252 1982 4
276 1946 354 1991 lego
372 1945 468 2026 ἒιηδὲ
490 1947 658 1992 βοηθεῖν.
684 1947 729 1982 F.
781 1988 791 2001 ,
866 1947 888 1981 9
909 1943 1244 1990 ὑποστελλομένονς
1266 1946 1309 1981 C.
1449 1945 1493 1981 14
1513 1947 1594 1986 τοῖς
1617 1994 1621 1998 .

228 1991 350 2032 λίθοις
389 1994 522 2032 κείνοις
546 1994 589 2026 C.
699 1993 742 2026 15
766 1990 873 2025 αλίου
899 1992 941 2026 C.

139 2116 195 2159 (ut
212 2115 359 2150 Romani
377 2115 514 2159 dicunt)
538 2114 718 2149 inclusum.
743 2126 810 2160 qua
833 2127 872 2150 re
896 2116 1048 2160 cognita,
1074 2114 1188 2150 excita
1211 2115 1337 2150 civitas
1359 2120 1592 2161 consternata,

138 2166 176 2195 et
210 2161 318 2195 oculis
346 2162 500 2195 admovit
533 2173 670 2195 manus:
705 2161 938 2206 ingemuitque
970 2161 1134 2207 populus,
1169 2173 1282 2206 neque
1303 2163 1468 2197 adiuvare
1490 2175 1592 2208 quem

137 2206 332 2249 lacerabat,
369 2218 482 2251 neque
510 2208 721 2251 persuadere
750 2209 931 2242 nefandum
960 2209 1103 2242 audens.
1150 2208 1333 2254 episcopus
1357 2214 1472 2243 tamen
1495 2209 1592 2243 urbis

139 2263 214 2285 cum
237 2252 393 2285 omnibus
417 2252 666 2296 sacerdotibus,
690 2254 873 2298 assumptis
898 2253 999 2287 etiam
1020 2253 1128 2287 sacris
1145 2253 1277 2298 literis,
1303 2255 1346 2288 ad
1371 2266 1445 2288 eum
1469 2266 1591 2289 accur-

138 2297 197 2342 rit,
222 2297 276 2331 his
300 2308 440 2332 movere
463 2298 662 2331 meditatus:
688 2304 724 2332 at
742 2299 941 2333 Salmoneus
961 2299 1018 2333 ille
1037 2299 1073 2332 in
1092 2300 1247 2333 homines
1269 2306 1305 2334 et
1322 2301 1421 2334 deum
1439 2300 1591 2346 intuens,

135 2342 174 2376 in
195 2354 332 2377 scenam
354 2354 558 2388 progressos
583 2355 646 2378 sua
664 2356 768 2388 agere
787 2346 900 2389 iussit,
926 2345 1011 2378 nihil
1032 2357 1149 2380 eorum
1170 2357 1259 2390 quae
1277 2346 1313 2380 in
1331 2346 1449 2380 lustris
1471 2347 1593 2385 audire

136 2388 218 2422 licet
240 2400 399 2433 promere
425 2395 591 2434 proterva
622 2389 738 2434 lingua
766 2392 911 2425 veritus.
961 2397 995 2424 et
1020 2391 1151 2425 intecta
1179 2392 1381 2436 cunctisque
1404 2393 1592 2437 conspicua

137 2435 283 2469 aderant
305 2435 425 2468 divina
443 2435 563 2479 signa,
604 2440 640 2469 et
661 2437 822 2471 sacerdos
842 2449 914 2471 cum
936 2437 980 2470 iis
1003 2436 1153 2471 ludibrio
1177 2437 1313 2471 habitus
1334 2449 1449 2472 amare
1471 2439 1591 2483 flebat,

137 2491 262 2514 numen
284 2484 353 2514 tam
376 2480 605 2525 ignominiose
629 2486 856 2527 contemptum
882 2495 1039 2517 cernens.
1085 2483 1269 2517 Petronius
1294 2488 1420 2527 autem,
1443 2484 1592 2518 faculta-

137 2529 208 2560 tum
231 2537 369 2560 suarum
389 2527 534 2571 primum
559 2527 679 2562 videns
699 2529 818 2573 deum,
845 2535 1027 2574 postquam
1058 2529 1193 2562 domum
1215 2529 1328 2571 misit,
1364 2530 1478 2564 omnia
1501 2541 1591 2576 quae

138 2570 173 2604 ei
194 2576 294 2606 erant
311 2582 379 2606 una
403 2584 478 2607 cum
497 2574 638 2618 gemmis
662 2573 728 2607 illis
752 2575 882 2618 ferens,
906 2580 986 2609 ante
1010 2574 1217 2608 vestibulum
1237 2575 1403 2621 Cyclopis
1427 2576 1588 2622 proiecit.

138 2620 175 2651 et
194 2641 204 2650 .
219 2641 249 2651 ..
275 2628 462 2663 aurumque
490 2619 710 2664 vindicibus,
752 2626 873 2665 utpote
905 2632 988 2655 sane
1019 2620 1056 2654 in
1079 2632 1120 2654 eo
1145 2621 1324 2665 fatigatis,
1358 2622 1589 2667 sportularum

138 2661 206 2705 (sic
224 2663 371 2696 Romani
394 2665 512 2699 dicunt
535 2667 708 2699 Graecum
733 2663 879 2709 ἔρανος)
905 2677 1007 2700 causa
1027 2666 1064 2700 in
1082 2667 1203 2700 fenere
1227 2667 1356 2712 posuit.

227 2709 284 2742 60.
332 2709 435 2750 Quod
458 2722 532 2744 cum
556 2712 589 2746 ei
613 2723 733 2756 parurn
757 2713 946 2755 videretur,
972 2714 1097 2747 caedes
1121 2713 1223 2746 etiam
1249 2718 1390 2758 patrare
1413 2713 1587 2748 Cerberus

136 2753 336 2796 constituit3
359 2754 469 2790 veluti
490 2757 648 2792 Proclum
672 2759 853 2803 quendam,
878 2758 1055 2793 emeritum
1077 2759 1233 2803 indigeni
1257 2759 1441 2804 exercitus,
1461 2760 1586 2804 viginti

135 2810 259 2833 aureos
278 2811 425 2845 poscens
449 2803 542 2837 ferre
564 2816 633 2838 non
656 2805 840 2838 habentem
864 2805 1021 2849 cogebat,
1046 2808 1082 2839 et
1103 2810 1226 2840 cuncta
1247 2817 1434 2850 poenarum
1456 2806 1587 2840 instru-

134 2850 251 2880 menta
275 2846 393 2882 nervis
413 2848 531 2883 miseri
550 2851 714 2896 pauperis
739 2851 971 2895 obtundebat3
994 2851 1054 2898 qui
1076 2851 1220 2899 deinde,
1245 2863 1358 2898 neque
1383 2852 1504 2888 vivere
1524 2864 1584 2887 su-
