1748 3210
657 173 733 217 DE
767 172 944 218 OSTEN
950 171 1052 216 TIS.
1487 174 1584 219 303

148 290 282 348 ἀῧτῆς,
312 288 393 333 zm}
412 288 480 332 καὶ
500 286 766 346 μαλακώτερα
783 289 834 332 τὰ
854 287 952 344 ἔθνη
962 321 976 341 ,
1010 286 1071 332 ὅτι
1089 291 1197 344 θῆλυ
1218 284 1359 347 ζῴδιον
1381 285 1401 330 ὅ
1423 291 1586 345 ταῦρος.

146 359 269 416 ταύτῃ
287 358 364 415 γὰρ
385 362 451 400 καὶ
472 362 619 415 ταῦρος
639 357 838 414 Εὐρώπης
857 360 1079 414 ἐρασθῆναι
1103 358 1276 412 λέγεται,
1309 356 1370 400 ὅτι
1391 361 1465 399 τοῦ
1484 357 1586 398 ἀνα-

145 431 303 481 τολικοῦ
325 428 485 484 κέντρου
505 431 626 485 κριῷ,
668 426 750 469 ἔστι
772 427 816 468 δ’
841 426 940 469 ὅπου
963 428 1030 468 καὶ
1048 426 1124 483 πρὸ
1147 425 1292 477 αὐτοῦ,
1325 425 1437 475 νέους
1457 423 1585 482 ὁρῶν-

144 513 213 546 τος
230 495 409 553 καρποὺς
426 494 543 549 μόλις
560 494 736 552 Εὐρώπη
757 493 835 537 ὗπὸ
856 499 913 552 τῷ
933 493 1068 552 ταύρῳ
1086 496 1235 549 βλέπει.

109 573 133 611 5
277 565 420 618 Μηνὶ
448 564 483 606 'I
488 565 601 606 ουνί
606 581 651 621 ῳ.
719 567 753 606 εἰ
782 564 823 606 ἓν
851 562 1034 617 διδύμοις
1055 561 1167 618 ἡλίου
1192 561 1306 612 ὄντος
1327 559 1500 618 βροντὴν
1519 576 1587 616 γε·-

140 632 286 676 νέσθαι
309 634 509 686 συμβαίη,
549 630 681 688 ὑγρῶν
704 633 777 685 μὲν
808 634 872 674 καὶ
903 634 1034 688 ξηρῶν
1061 636 1225 689 καρπῶν
1251 631 1455 688 ἀφθονίαν
1475 629 1587 670 ἔλπι-

141 701 277 753 στέον,
313 699 459 757 ἀνδρὸς
486 701 529 742 δὲ
557 703 730 742 δυνατοῦ
753 699 913 758 ἀθρόαν
934 698 1177 743 ἀπόπτωσιν.
1238 697 1438 756 ιΥρκανία
1457 699 1499 740 δὲ
1519 698 1588 739 καὶ

134 768 336 825 Ἅρμενίαι
359 767 446 820 δύο,
473 767 717 823 Ἀμαὸιανή,
746 768 1027 827 Μαρμαρική,
1052 766 1305 824 Αἴγυπτοςῆ
1327 766 1449 818 κάτω,
1474 765 1586 824 παρὰ

139 837 214 887 τὰς
245 837 370 887 ἄλλας
394 835 533 893 χώρας
563 836 830 892 ἅτυχήσουσι,
874 840 940 879 καὶ
964 835 1234 894 διαφερόντως
1266 839 1355 894 περὶ
1387 837 1482 886 τοὺς
1513 835 1605 889 (ἵν-θ,

87 914 131 950 10
143 906 265 963 δρας·
300 907 366 948 καὶ
387 905 463 963 γὰρ
487 905 692 963 ἀρσενικὸν
713 904 853 964 ζῴδιον
877 906 915 946 οἶ
936 907 1096 957 δίδυμοι
1117 907 1184 947 καὶ
1205 905 1501 961 ἀνθρωποειὸἐς
1517 905 1586 946 καὶ

140 975 286 1030 φίλιον.

273 1041 350 1087 25.
417 1043 560 1096 Μηνὶ
590 1041 795 1099 Ἰουλίῳ.
867 1038 927 1082 ὅτι
959 1041 1032 1094 μὲν
1055 1037 1076 1082 ὅ
1096 1039 1178 1094 μὴν
1198 1041 1451 1091 Κουΐντίλιος
1472 1035 1589 1092 οὗτος

135 1103 186 1152 τὸ
201 1111 294 1163 πρὶν
317 1108 539 1159 ὠνομάζετο
550 1138 563 1156 ,
599 1109 700 1162 πρὸς
721 1111 763 1149 δὲ
789 1114 906 1162 τιμῆς
927 1109 1093 1149 Ἰουλίου
1122 1110 1331 1163 Καίσαρος
1354 1112 1409 1158 εἷς
1433 1108 1584 1164 ταύτην

133 1176 326 1230 μετετέθη
351 1175 423 1228 τὴν
446 1176 737 1231 προσηγορίαν,
781 1178 837 1225 εἷς
866 1173 1015 1225 πλάτος
1044 1174 1141 1230 ἡμῖν
1169 1176 1320 1232 εἴρηται
1349 1177 1392 1217 ἓν
1415 1180 1467 1232 τῇ
1493 1181 1584 1232 περὶ

82 1250 125 1286 15
136 1246 294 1298 Μηνῶν
316 1244 578 1301 πραγματείᾳ.
647 1246 681 1284 εἰ
713 1245 844 1285 τοίνυν
870 1245 1043 1300 καρκίνῳ
1071 1242 1186 1298 ἡλίου
1219 1244 1429 1299 γενομένου
1458 1248 1584 1301 βρον-

133 1311 207 1366 τὴν
226 1311 411 1367 γενέσθαι
431 1312 634 1364 συμβαίη,
681 1311 787 1353 οἴνου
814 1313 887 1365 μὲν
917 1314 1128 1366 δαψίλεια,
1163 1316 1236 1354 τοῦ
1252 1313 1295 1353 δὲ
1320 1311 1437 1368 ἀέρος
1458 1312 1582 1368 ξηρό-

133 1396 206 1433 της
226 1379 348 1422 ἴσται.
413 1377 522 1420 νόσοι
545 1396 586 1421 τε
608 1378 821 1435 φρικώδεις
833 1380 905 1422 ’καὶ
925 1382 1152 1437 πυρεκτικοὶ
1173 1382 1238 1422 καὶ
1255 1379 1449 1422 κινδύνων
1467 1381 1582 1436 ἐγγὺς

134 1448 202 1490 {nl
218 1464 259 1490 τε
280 1448 480 1496 Βιθυνίας
503 1449 568 1488 καὶ
595 1450 774 1503 Φρυγίας
792 1448 906 1503 ὅλης,
938 1451 1159 1504 Κολχικῆς,
1186 1450 1433 1502 Νουμιδιάς,
1461 1451 1582 1506 Καρ-

133 1513 271 1558 τάπων
297 1517 363 1558 καὶ
395 1515 587 1572 Ἀφρικῆς
613 1523 700 1566 ταῖς
731 1519 914 1571 θηλείαις
947 1517 1217 1574 διαφερόντως
1248 1522 1582 1574 προσπεσοῦνται.

77 1582 419 1640 Ξθφθαρήσονται
450 1584 493 1625 δὲ
520 1585 585 1625 καὶ
613 1583 664 1625 τὰ
685 1583 820 1626 ἐνάλια
843 1586 894 1628 τὰ
919 1584 1156 1642 ὀστρακώδη
1176 1584 1376 1640 μάλιστα·
1411 1588 1478 1628 καὶ
1500 1587 1579 1643 γὰρ

132 1655 240 1706 θῆλυ
259 1651 400 1711 ζῴδιον
420 1653 488 1694 καὶ
505 1649 671 1707 σελήνης
693 1651 799 1704 οἶκος
818 1651 839 1696 ὅ
859 1656 1056 1711 καρκίνος.

219 1803 244 1839 4
263 1799 336 1850 δρᾷ
354 1804 400 1839 R.
536 1806 559 1840 9
581 1799 713 1850 ἄλλοις]
730 1800 846 1850 ἄκρας
869 1806 914 1840 V.
1052 1803 1100 1839 20
1121 1798 1170 1838 τὰ
1192 1798 1364 1850 dorcam]
1387 1800 1434 1837 τὰ
1458 1814 1512 1838 om
1531 1804 1574 1839 C.

127 1936 292 1981 Mediam,
315 1936 469 1972 Persiam
489 1939 620 1983 ipsam,
646 1939 728 1985 quia
750 1938 922 1973 molliores
946 1942 1067 1984 gentes
1088 1938 1169 1974 illae
1193 1942 1230 1973 et
1250 1942 1370 1974 taurus
1390 1939 1577 1974 femineum

128 1984 262 2027 signum
287 1988 352 2017 est.
399 1984 478 2018 ideo
512 1996 648 2029 quoque
675 1992 793 2019 taurus
817 1986 983 2031 Europae
1013 1996 1129 2019 amore
1163 1991 1282 2029 captus
1314 1997 1390 2019 esse
1416 1986 1579 2028 traditur,

129 2029 234 2073 quod,
259 2039 333 2061 cum
351 2028 527 2063 orientalis
553 2031 656 2064 cardo
676 2032 739 2064 sub
759 2030 869 2064 ariete
895 2031 977 2076 [hoc
1000 2036 1055 2064 est
1075 2042 1192 2064 mense
1214 2030 1339 2076 Aprili]
1365 2036 1468 2076 atque
1491 2032 1578 2065 adeo

128 2073 226 2127 prius
243 2083 478 2119 nonnusquam
504 2076 621 2120 fruges
645 2087 754 2110 novas
772 2075 910 2121 videat,
946 2077 1090 2121 Europa
1112 2076 1174 2111 vix
1197 2078 1260 2111 sub
1283 2081 1384 2111 tauro
1409 2088 1467 2111 eas
1491 2089 1577 2111 con-

128 2124 246 2164 spicit.

219 2199 342 2233 Mense
358 2199 472 2233 Iunio.
519 2199 592 2233 sole
620 2199 657 2233 in
685 2200 829 2244 geminis
853 2204 1084 2237 commorante
1105 2200 1136 2235 si
1157 2202 1250 2235 forte
1272 2201 1422 2235 tonitrus
1446 2201 1574 2246 editur,

129 2245 271 2279 udarum
305 2245 540 2291 siccarumque
570 2246 706 2289 frugum
735 2247 836 2291 copia
870 2248 1123 2292 exspectanda,
1158 2247 1310 2291 itemque
1332 2247 1402 2281 viri
1423 2248 1576 2291 potentis

128 2291 244 2324 subita
260 2291 372 2324 ruina.
419 2290 618 2336 Hyrcania,
645 2292 826 2326 Armeniae
850 2295 988 2337 ambae,
1011 2293 1222 2336 Amadiana,
1247 2293 1473 2337 Marmarica,
1503 2294 1575 2327 Ae-

127 2342 257 2381 gyptus
275 2337 421 2370 inferior
442 2343 583 2383 praeter
603 2342 736 2371 ceteras
761 2339 922 2382 regiones
945 2340 1173 2382 vexabuntur,
1198 2339 1386 2384 praecipue
1409 2338 1446 2372 in
1466 2339 1575 2372 viris:

127 2382 253 2416 etenim
284 2383 418 2428 signum
446 2382 630 2418 masculum
662 2387 742 2417 sunt
772 2385 918 2431 gemini,
949 2385 1068 2430 specie
1100 2385 1249 2420 humana
1272 2389 1308 2419 et
1330 2384 1576 2419 benevolentia

124 2428 288 2474 praediti.

215 2507 274 2542 25.
320 2507 442 2542 Mense
464 2506 566 2543 Iulio.
613 2518 763 2543 mensem
806 2508 896 2544 hunc
935 2507 1033 2555 prius
1066 2509 1258 2551 Quintilem
1297 2508 1506 2554 appellatum
1538 2508 1577 2542 in

126 2552 289 2587 honorem
308 2554 391 2588 Divi
410 2555 490 2588 Iulii
508 2555 545 2589 id
568 2553 679 2600 ipsum
704 2566 827 2589 nomen
846 2556 1034 2600 invenisse,
1057 2556 1093 2590 in
1111 2567 1218 2600 opere
1234 2555 1288 2589 De
1306 2555 1480 2589 mensibus
1498 2555 1577 2588 fuse

125 2598 393 2634 demonstratum
426 2612 447 2634 a
473 2601 573 2635 nobis
602 2606 668 2634 est.
717 2601 768 2634 ibi
801 2602 832 2635 si
858 2601 933 2636 sole
957 2612 1115 2635 cancrum
1138 2601 1296 2646 ingresso
1324 2601 1460 2634 accidat
1482 2600 1575 2634 toni-

124 2649 239 2679 truum
262 2644 352 2687 fieri,
375 2645 448 2679 vini
472 2647 683 2681 abundantia
704 2646 864 2692 ael-isque
887 2648 1027 2681 siccitas
1053 2648 1134 2682 erit.
1180 2646 1291 2680 morbi
1315 2645 1490 2688 horrendi,
1519 2646 1576 2679 fe-

125 2690 310 2733 briculosi,
332 2691 523 2736 ancipites,
547 2704 610 2738 per
630 2692 830 2735 Bithyniam
855 2698 891 2726 et
913 2692 1101 2737 Phrygiam
1118 2696 1247 2735 totam,
1272 2703 1336 2736 per
1358 2691 1572 2736 Colchidem,

125 2734 344 2780 Numidiam,
378 2737 621 2783 Carthaginem
635 2765 644 2782 ,
675 2738 848 2782 Africam,
883 2739 1086 2772 feminarum
1107 2738 1312 2784 praesertim
1334 2748 1452 2771 sexum
1470 2737 1572 2771 inva-

124 2781 220 2816 dent.
268 2783 432 2826 peribunt
454 2783 535 2818 item
559 2785 745 2829 praecipue
765 2797 808 2818 ex
826 2784 1027 2819 animalibus
1047 2785 1188 2819 marinis
1210 2795 1300 2828 quae
1321 2788 1403 2817 sunt
1424 2782 1574 2819 testacei

123 2828 342 2871 operimenti.
390 2829 516 2864 etenim
540 2831 723 2866 femineum
747 2830 882 2875 signum
906 2835 961 2866 est
983 2843 1118 2876 cancer,
1141 2836 1178 2866 et
1194 2830 1313 2865 domus
1334 2828 1448 2864 lunae.
