1748 3210
621 169 950 213 PRAEFATIO.
1405 181 1513 214 xmx

168 296 234 340 Ad
250 298 475 340 versionem
491 306 624 339 autem
640 301 748 355 quod
765 303 926 352 attinet,
955 301 1084 339 fateor
1097 313 1163 339 me
1173 329 1184 351 ,
1213 301 1394 355 quamvis
1409 300 1514 340 nihil

54 377 137 406 non
164 368 328 406 fecerim
357 369 501 406 necubi
527 382 592 406 me
621 371 789 409 auctoris
811 370 1004 408 sententia
1023 370 1198 421 fugeret,
1227 371 1355 407 vereri
1378 377 1513 407 tamen

54 448 108 474 ne
126 436 332 490 aliquoties
351 448 374 472 a
391 449 484 474 vero
503 436 779 475 aberraverim.
839 439 986 476 etenim
1003 451 1083 476 non
1099 451 1223 490 pauca
1243 438 1512 486 occurrebant,

55 515 158 556 quae
187 502 386 557 quomodo
418 504 670 555 potissimum
700 512 898 543 verterem
921 505 1109 543 dubitavi.
1168 506 1416 544 obscuritatis
1438 517 1512 542 au-

53 577 138 608 tem
157 571 274 622 culpa
294 573 440 623 partim
456 573 553 623 ipsis
569 573 684 610 rebus
702 574 848 624 partim
867 575 1016 612 auctori
1031 572 1261 622 tribuenda,
1292 574 1401 611 cuius
1421 585 1514 610 ora-

53 639 110 678 fio
125 641 404 691 perspicuitate
418 640 583 677 minime
599 640 911 679 commendatur.
968 654 1064 678 nam
1079 648 1118 679 et
1134 641 1254 679 verba
1273 639 1513 692 quandoque

53 719 195 758 parum
218 708 362 745 usitata
380 714 448 744 aut
464 707 732 756 insolentiori,
762 714 806 744 ut
826 706 927 745 mihi
945 708 1109 761 quidem
1126 708 1334 747 videbatur
1345 737 1355 756 ,
1386 708 1514 758 signi-

53 773 234 812 ficatione
252 775 478 827 usurpavit3
509 781 552 812 ut
569 787 858 827 nonnunquam
874 777 916 812 in
931 775 1119 814 vertendo
1136 778 1268 827 potius
1286 788 1371 812 rem
1383 776 1515 826 ipsam

54 855 177 895 quam
207 843 364 881 solitam
392 843 604 881 verborum
634 843 717 880 vim
748 842 1037 895 respiciendam
1075 844 1311 895 putaverim.
1369 840 1516 879 horum

52 909 264 948 verborum
280 910 470 963 pleraque
489 911 532 947 in
551 909 683 947 indice
704 924 837 948 rerum
856 912 1010 960 notavi,
1043 910 1205 949 adiectis
1232 911 1320 948 aliis
1338 911 1516 948 nonnul-

53 977 126 1026 lis,
156 990 257 1030 quae
287 978 354 1016 vel
379 979 423 1015 in
444 979 586 1016 lexicis
604 991 684 1016 non
704 979 935 1015 inveneram
955 979 1021 1016 vel
1043 980 1164 1016 aliam
1185 978 1234 1015 ob
1255 991 1416 1015 causam
1435 991 1512 1016 no-
1527 994 1564 1030 p.
1575 991 1734 1017 Lxxxvu

52 1043 174 1082 tanda
204 1045 431 1084 arbitrabar.
489 1053 664 1084 ceterum
688 1047 817 1084 versio
849 1059 894 1083 eo
922 1048 1051 1098 magis
1083 1045 1268 1083 addenda
1292 1044 1513 1095 videbatur,

53 1110 163 1164 quod
185 1102 287 1165 quae
309 1113 416 1151 lectu
434 1112 555 1166 digna
574 1114 810 1165 opusculum
833 1115 1071 1162 contineret,
1102 1111 1153 1150 ad
1174 1126 1241 1152 eos
1262 1115 1516 1166 potissimum

51 1180 248 1231 pertinere
277 1187 459 1233 apertum
485 1188 570 1219 erat
599 1183 711 1234 queis
744 1183 869 1219 rarius
900 1195 1016 1219 curae
1042 1187 1100 1219 est
1120 1182 1360 1219 Graecarum
1376 1182 1517 1219 litera-

52 1259 142 1284 rum
161 1245 350 1286 studium.
408 1248 550 1286 eadem
566 1256 611 1286 ut
628 1249 707 1287 fida
725 1251 854 1301 magis
875 1262 997 1301 quam
1015 1255 1060 1285 ut
1081 1249 1242 1298 elegans
1264 1255 1386 1297 esset,
1417 1262 1516 1300 ope-

51 1326 139 1352 ram
163 1313 276 1364 dedi,
315 1322 355 1353 et
381 1316 425 1352 in
454 1315 635 1366 legendis
663 1317 814 1367 verbis,
852 1330 943 1354 cum
970 1322 1183 1368 utrumque
1211 1323 1410 1368 praestare
1434 1329 1517 1354 non

51 1395 234 1434 possem,
262 1383 533 1434 perspicuitati
554 1383 680 1420 malui
702 1396 823 1435 quam
848 1382 1030 1421 dictionis
1052 1383 1221 1420 castitati
1239 1383 1459 1420 consulere.

163 1451 347 1501 Exposui
369 1449 543 1488 breviter
568 1462 668 1502 quae
690 1450 837 1488 laboris
858 1462 972 1489 meae
994 1451 1092 1487 ratio
1117 1449 1260 1496 fuerit,
1291 1449 1516 1502 quibusque

53 1514 104 1556 de
120 1515 234 1570 Lydo
256 1517 358 1555 bene
374 1517 520 1554 mereri
537 1515 772 1555 studuerim.
830 1515 1019 1569 equidem
1042 1515 1292 1568 diligentiam
1311 1515 1413 1554 mihi
1432 1530 1516 1555 non

51 1583 227 1624 defuisse
248 1585 353 1623 scio:
383 1597 462 1638 qua
491 1597 543 1622 an
570 1596 712 1636 operae
742 1584 915 1636 pretium
938 1584 1125 1633 fecerim,
1155 1584 1326 1621 aliorum
1348 1584 1426 1623 fuit
1447 1585 1515 1624 iu-

51 1650 207 1703 dicare,
237 1653 381 1706 quibus
402 1652 581 1691 laborem
602 1665 739 1690 meum
758 1652 909 1704 publici
928 1651 1026 1689 iuris
1046 1651 1132 1688 fieri
1154 1651 1318 1703 placuit.

162 1721 394 1761 Scribebam
411 1721 616 1772 Lutetiae,
644 1721 761 1760 nonis
782 1721 884 1772 1u1.,
913 1732 1018 1758 enno
1045 1720 1165 1762 1811.

114 2866 260 2904 loannes
286 2865 416 2913 Lydus.
1160 2854 1238 2877 Μ’*
