1748 3210
555 195 1014 243 COMMENTARIUS.
1364 210 1518 241 xxxvu

61 337 211 371 memet
250 329 385 382 ipsum
422 327 492 369 hic
532 330 749 370 consistere
787 330 935 383 patitur
973 328 1229 382 praefationis
1267 328 1516 368 institutum:

61 411 183 453 quare
207 398 243 438 si
273 411 353 452 qua
386 405 480 438 sunt
506 405 709 451 praeterea
742 401 886 452 quibus
913 396 1033 438 editio
1053 395 1290 437 Schowiana
1315 396 1519 435 emendari

60 467 207 520 possit,
245 467 349 505 sicut
365 457 478 518 sunt,
521 480 569 506 ea
590 467 835 507 commodius
853 469 896 506 in
914 468 1019 506 notis
1041 465 1092 504 ad
1106 466 1254 505 librum
1273 464 1322 504 de
1345 467 1518 504 Ostentis

61 541 312 588 exponentur
326 530 379 587 ¹⁸¹).

171 601 254 642 Sed
275 602 413 641 illuxit
427 599 588 640 tandem
607 601 821 656 aliquando
836 603 976 642 laetior
996 600 1110 655 Lydo
1128 600 1212 641 dies
1228 614 1264 640 a.
1281 598 1402 650 1784,
1425 613 1516 638 cum
1543 595 1598 636 28

60 670 178 724 epuli
199 677 334 722 ageret
351 669 677 709 Christianissimi
705 670 810 721 regis
842 670 893 708 ad
914 677 1071 722 portam
1090 668 1357 709 Othomanam
1381 669 1520 720 splen-

61 737 180 778 didus
197 740 376 792 legatus,
408 738 569 776 Gabriel
588 739 792 791 Augustus
818 737 867 776 de
891 737 1307 787 Choiseul-Gouffier‚
1335 736 1520 788 publica-

59 820 151 846 rum
171 821 304 846 rerum
326 807 490 846 scientia
509 819 590 844 non
617 808 749 845 minus
773 819 894 859 quam
917 807 1044 859 gloria
1069 807 1267 844 maiorum
1289 805 1440 852 clarus,
1483 809 1522 841 et

60 875 106 914 in
126 882 336 928 utramque
358 872 605 912 academiam
626 875 698 912 illo
717 876 799 913 iam
818 882 997 925 tempore
1019 879 1236 925 cooptatus,
1266 874 1414 910 cumin
1430 884 1522 909 eam

17 935 21 942 “
62 955 166 995 quae
183 942 490 994 Inscriptionum
505 943 729 993 vocabatur,
753 941 1029 980 eruditissimis
1049 941 1364 993 acutissimisque
1383 938 1520 978 hom-i-

59 1010 178 1048 nibus
211 1010 388 1048 maxime
420 1017 515 1048 tunc
541 1011 765 1060 florentem,
812 1018 900 1049 tum
918 1011 960 1047 in
985 1010 1172 1058 alteram,
1210 1009 1320 1046 cuius
1345 1008 1519 1058 glorioso

59 1077 196 1115 labore
226 1083 266 1116 et
288 1079 530 1117 Francorum
556 1079 695 1116 literae
722 1079 1001 1117 immortaliter
1025 1077 1244 1114 illustratae
1267 1082 1360 1113 sunt
1387 1082 1426 1112 et
1453 1076 1521 1112 in-

59 1151 242 1198 corrupta
264 1152 325 1184 est
345 1147 538 1185 sermonis
561 1147 686 1185 nostri
707 1147 913 1199 integritas
936 1151 1161 1185 constanter
1183 1149 1426 1182 conservata.
1483 1143 1519 1180 is

58 1213 330 1252 nobilissimus
346 1214 426 1262 vir,
471 1213 699 1252 liberalium
725 1216 868 1252 artium
891 1216 1101 1266 omnisque
1121 1211 1381 1250 humanitatis
1399 1208 1520 1248 laude

61 1279 383 1330 commendatus,
423 1294 513 1318 cum
537 1283 579 1318 in
605 1283 733 1332 primo
751 1283 969 1320 iuventutis
990 1282 1086 1320 flore
1106 1286 1145 1318 et
1161 1280 1432 1317 maximarum
1455 1291 1521 1315 re-

61 1361 150 1386 rum
169 1361 286 1386 cursu
305 1353 419 1395 esset,
450 1348 531 1383 iam
549 1354 644 1384 tunc
660 1361 755 1398 prae
776 1347 976 1386 doctrinae
996 1346 1127 1386 studio
1150 1345 1312 1384 delicias
1332 1357 1523 1397 asperna-

62 1422 125 1454 tus
145 1416 352 1453 Graeciam
371 1415 539 1452 lustrare
558 1421 747 1452 statuerat
759 1445 768 1463 ‚
811 1422 850 1452 et
873 1417 1127 1467 antiquorum
1153 1412 1364 1451 hominum
1382 1425 1522 1451 manes

61 1496 108 1520 ac
125 1482 277 1534 species
295 1483 557 1533 interrogare,
595 1495 669 1532 per
687 1488 746 1519 tot
764 1482 924 1519 urbium
935 1511 945 1530 ‚
984 1480 1313 1532 Athenarumque
1330 1482 1521 1532 ipsarum,

61 1563 177 1588 caeca
196 1550 364 1602 vestigia
383 1551 534 1601 passim
554 1555 743 1587 errantes.
802 1561 881 1601 qua
901 1549 942 1585 in
961 1549 1280 1599 peregrinatione
1303 1562 1425 1601 quam
1450 1563 1521 1587 cu-
1543 1559 1580 1594 p.
1604 1556 1684 1581 an

59 1619 209 1656 riosum
228 1631 315 1656 sese
335 1615 563 1656 exhibuerit
582 1617 845 1668 politissimae
868 1617 1074 1654 vetustatis
1093 1614 1390 1666 indagatorem,
1427 1617 1521 1654 lite-

60 1692 166 1723 ratus
189 1683 310 1724 homo
332 1686 375 1723 in
397 1687 557 1737 Europa
575 1697 694 1722 nemo
727 1690 785 1722 est
817 1684 885 1736 qui
914 1684 1080 1724 nesciat.
1137 1684 1397 1736 quamobrem
1419 1682 1520 1721 mihi

61 1751 226 1806 quidem
249 1750 393 1804 dignus
421 1753 597 1805 profecto
623 1751 781 1791 videtur
807 1751 931 1789 fuisse
953 1751 1021 1804 qui
1042 1764 1123 1788 non
1141 1750 1306 1804 Lydmn
1324 1758 1518 1801 nostrum,

60 1819 133 1859 sed
151 1822 372 1873 principem
391 1822 567 1874 aliquem
594 1833 647 1858 ex
667 1821 828 1858 Graecis
856 1819 1136 1870 scriptoribus,
1179 1821 1358 1857 maxime
1385 1827 1519 1858 autem

61 1902 84 1927 e
103 1890 244 1941 poetis,
274 1890 344 1942 qui
364 1890 579 1941 perierunt,
612 1888 660 1925 ab
681 1888 820 1925 inferis
842 1887 1055 1936 excitaret,
1087 1887 1356 1925 Menandrum
1373 1887 1520 1925 videli-

61 1962 126 1995 eet
143 1963 183 1995 et
201 1955 475 2009 Sophronem,
515 1957 582 1995 vel
599 1954 842 2008 Sophoclem
859 1962 925 1992 aut
946 1953 1166 1993 Pindarum
1186 1968 1239 1993 ex
1260 1954 1324 1994 his
1350 1968 1521 2008 quorum

61 2025 206 2077 scripta
236 2037 319 2063 non
341 2038 483 2078 parum
510 2026 625 2076 plura
656 2025 799 2062 amissa
835 2036 956 2076 quam
986 2030 1138 2061 retenta
1160 2030 1267 2062 sunt.
1324 2022 1376 2061 ad
1397 2036 1519 2076 quem

63 2094 171 2130 enim
191 2093 324 2144 potius
344 2091 542 2131 eiusmodi
561 2092 832 2130 inventionem
852 2092 1052 2142 pertinere
1072 2090 1272 2140 dicamus,
1317 2103 1438 2144 quam
1467 2090 1518 2128 ad

63 2173 156 2198 eum
182 2161 253 2212 qui
277 2173 358 2198 non
385 2161 530 2198 minori
555 2157 714 2197 dicendi
734 2159 897 2196 artificio
925 2171 1049 2211 quam
1070 2157 1336 2210 cognoscendi
1361 2159 1518 2210 peritia,

66 2240 326 2280 quaecunque
358 2228 436 2266 sibi
455 2229 662 2266 Graeciam
689 2227 917 2279 peragranti
944 2232 1192 2265 occurrerant
1206 2255 1216 2275 ,
1258 2233 1343 2264 tam
1372 2225 1518 2264 vividis

65 2295 259 2334 coloribus
281 2297 489 2348 expressit,
522 2303 566 2334 ut
582 2308 718 2335 omnes
735 2296 1004 2346 intelligerent
1023 2292 1127 2331 nihil
1145 2307 1230 2332 esse
1248 2307 1329 2332 non
1347 2294 1517 2334 oratoria

64 2369 220 2401 tantum
247 2364 333 2402 eius
357 2362 430 2403 sed
459 2365 614 2417 poetica
648 2365 770 2402 etiam
803 2363 993 2402 facultate
1028 2363 1307 2415 praestantius.
1378 2372 1518 2399 verum

155 2573 191 2619 ¹⁸¹)
212 2575 268 2610 De
283 2575 464 2612 Mensibus
485 2580 652 2622 excerpta
673 2580 754 2622 post
771 2575 970 2611 Schowium
986 2574 1083 2610 Guil.
1101 2574 1303 2610 Roetherus
1317 2571 1519 2618 recognovit

71 2625 175 2664 atque
195 2623 407 2664 emandavit,
429 2634 448 2657 e
467 2623 601 2657 Graeco
623 2623 661 2657 in
684 2624 851 2657 Latinum
873 2623 1040 2657 convertit
1063 2627 1097 2656 et
1118 2625 1288 2666 perpetua
1310 2630 1384 2653 cum
1405 2630 1468 2652 sua
1483 2622 1518 2652 et

70 2666 220 2700 Schowii
241 2672 313 2701 tum
333 2668 436 2703 Hasii
458 2674 493 2704 et
517 2669 678 2703 Creuzeri
709 2670 918 2714 aliorumque
947 2668 1175 2703 adnotatione
1204 2665 1384 2707 instruxit,
1409 2664 1516 2718 ‘indi—

70 2713 1136 2796 {i'i'ffessffiffssis‘ffiiossdssiffitosssspiffifisssstssaffiffii’
1160 2710 1519 2791 ³11÷¹21²231203⁰2ss351225

69 2790 191 2884 watg‘tei
222 2804 419 2849 argumenti
448 2786 542 2838 loco-⁴2⁷
568 2806 839 2851 ingeniosissime
864 2807 998 2852 partim
1028 2768 1224 2840 emeniiiivit
1242 2803 1376 2849 partim
1398 2802 1518 2848 expla-

66 2859 147 2882 ηαυι
167 2873 177 2883 .
