1748 3210
570 159 646 204 DE
678 157 953 204 MENSIBUS
983 157 1062 202 IV.
1478 154 1509 201 7
1514 155 1543 201 3

105 275 299 327 κατέδειξε
314 271 555 332 τριετηρίδα.
621 275 688 317 καὶ
706 279 833 318 ταῦτα
853 274 925 329 μὲν
945 271 982 316 οἳ
995 270 1193 326 Ἕλληνες.
1260 269 1299 312 οἳ
1321 268 1370 312 δέ
1384 285 1428 325 γε
1440 266 1543 311 Ῥω-

101 351 212 400 μαῖοι
242 343 311 387 τὸν
341 341 541 385 Διόνυσον
568 343 791 397 βακχευτὴν
825 346 898 385 τοῦ
934 337 1195 397 Κιθαιρῶνός
1231 355 1376 395 φασιν,
1425 338 1543 379 οἱονεὶ

100 411 321 467 βακχευτὴν
337 412 404 453 καὶ
424 410 688 467 ἀνατρέχοντα
708 410 786 452 ἀνὰ
803 411 874 453 τὸν
903 406 1074 467 οὐρανόν
1081 439 1095 459 ,
1131 406 1175 450 ὃν
1194 407 1237 448 ἔκ
1256 410 1327 459 τῆς
1343 410 1422 448 τῶν
1443 404 1542 448 ἔπτὰ

99 481 335 536 συμφωνίας
355 479 531 535 ἀστέρων
558 477 787 535 Κιθάρωνα
816 476 1052 531 ὠνόμασαν·
1082 475 1178 518 ὅθεν
1192 472 1344 531 Ἑρμῆς
1366 472 1543 530 κιθάραν

67 549 241 593 summm
256 551 442 601 μυθικῶς
453 544 742 604 τῷἈπόλλωνι,
767 542 851 588 οἷον
871 543 891 587 ὃ
908 544 1052 600 Λόγος
1068 548 1124 601 τῷ
1141 541 1238 600 ἡλίῳ
1257 542 1329 596 τὴν
1351 546 1422 585 τοῦ
1441 559 1543 585 παν-

97 615 168 665 τὸς
185 613 390 671 ἁρμονίαν.
441 616 483 656 ἓν
503 612 716 671 ἀπορρήτῳ
741 614 786 656 δὲ
802 617 858 671 τῷ
876 612 1065 669 Διονύσῳ
1087 612 1138 654 τὰ
1155 609 1357 667 μυστήρια
1379 612 1543 652 ἐτελεῖτο

97 682 168 725 διὰ
189 683 234 725 τὸ
253 687 373 725 πᾶσιν
394 680 628 739 ἀπόκρυφον
645 680 741 723 εἶναι
769 680 842 735 τὴν
867 686 938 723 τοῦ
961 678 1074 734 ἡλίου
1094 679 1195 735 πρὸς
1213 678 1285 733 τὴν
1304 683 1374 721 τοῦ
1396 679 1544 727 παντὸς

98 748 220 808 φύσιν
237 752 452 792 κοινωνίαν.
517 751 583 791 καὶ
603 749 783 806 φαλλοὺς
793 750 834 791 ἕν
851 755 934 798 τοῖς
953 749 1073 805 ἱεροῖς
1095 747 1219 789 αὐτοῦ
1231 746 1542 803 παρελάμβανον

99 818 215 861 οἱονεὶ
234 818 285 861 τὰ
307 817 510 874 γεννητικὰ
534 816 683 874 ὄργανα
692 848 706 868 ,
752 818 819 859 καὶ
846 815 1038 873 ἔσοπτρον
1064 816 1181 857 οἱονεὶ
1209 814 1279 856 τὸν
1300 816 1445 870 διαυγῆ
1471 814 1542 856 οὗ-

43 895 88 932 10
98 884 238 943 ρανόν,
272 893 450 944 σφαῖραν
475 886 519 927 δὲ
539 885 655 928 οἱονεὶ
681 885 753 939 τὴν
771 889 866 940 γῆν·
901 882 1018 940 ὁγὰρ
1037 882 1215 924 Πλάτων
1235 883 1276 924 ἓν
1296 887 1352 940 τῷ
1376 884 1536 940 Τιμαίῳ
1561 902 1598 937 p.
1625 893 1670 928 83

96 956 218 1011 φησὶν
230 951 299 994 “I'
295 958 321 1011 ᾖ
339 955 412 1008 μὲν
427 953 472 997 τὸ
494 952 707 1010 σφαιρικὸν
729 951 869 1002 εἶδος.”
940 952 1001 993 διὸ
1022 950 1071 1005 δὴ
1094 952 1160 992 καὶ
1183 949 1203 992 ὃ
1223 949 1481 1007 Πυθαγόρας
1504 952 1545 992 ἓν

94 1028 181 1078 ταῖς
198 1022 294 1064 δέκα
310 1023 499 1079 σφαίραις
520 1021 646 1071 οὕτως
664 1022 732 1062 καὶ
753 1021 877 1075 αὐτῆς
898 1019 1036 1074 ψυχὰς
1053 1017 1298 1075 ἓνεσπάρθαι
1318 1021 1431 1074 φησί.
1465 1037 1543 1060 πυ-

94 1090 246 1146 ριγενέα
267 1090 312 1132 δὲ
330 1089 450 1132 αὐτὸν
470 1091 536 1131 καὶ
555 1093 763 1145 παγκρατῆ
785 1090 825 1132 ἓν
844 1095 927 1138 τοῖς
947 1088 1066 1144 ἱεροῖς
1088 1085 1266 1137 ἐκάλουν,
1299 1085 1359 1128 ὅτι
1379 1087 1450 1141 τὴν
1469 1087 1543 1140 μὲν

93 1155 216 1213 φύσιν
243 1156 434 1214 πυρώδης
461 1157 566 1200 ἐστὶν
592 1155 612 1199 ὁ
634 1157 768 1211 ἥλιος,
802 1161 873 1199 τοῦ
894 1157 937 1198 δὲ
956 1155 1104 1204 παντὸς
1123 1153 1285 1211 ε’πάρχει
1307 1156 1373 1196 καὶ
1390 1160 1541 1211 κρατεΐῖ.

40 1228 82 1266 15
93 1225 159 1266 καὶ
178 1221 372 1282 πάνθ-ηρα
389 1227 433 1267 δὲ
450 1225 552 1281 παρ’
574 1225 696 1267 αὐτοῦ
714 1222 888 1278 τοῦνομα
905 1228 1085 1266 ποιοῦσιν
1096 1221 1399 1276 ἀποδεχόμενον,
1424 1223 1542 1264 οἱονεὶ

88 1291 162 1345 τὴν
181 1291 391 1350 πάνθηρον
402 1297 475 1348 γῆν
495 1295 536 1343 ἐξ
557 1293 679 1334 αὐτοῦ
691 1290 975 1346 λαμβάνουσαν
991 1291 1063 1344 τὴν
1076 1290 1267 1342 ζωοποιὸν
1281 1291 1346 1331 καὶ
1364 1291 1539 1347 εὐφραν-

89 1360 203 1415 τικὴν
220 1358 387 1417 τροφήν.
454 1362 520 1401 καὶ
548 1359 713 1414 Βάκχας
733 1360 842 1417 αὐτῷ
868 1361 932 1401 καὶ
955 1357 1158 1415 Νύμφας,
1188 1358 1303 1399 οἱονεὶ
1322 1359 1372 1399 τὰ
1394 1358 1540 1409 ὕδατα,

90 1433 248 1470 ποιοῦσι
268 1432 586 1484 πειθαρχοῦντα,
620 1433 670 1484 τῇ
692 1429 734 1469 δὲ
752 1432 822 1470 τοῦ
840 1425 952 1481 ἡλίου
974 1426 1123 1482 κινήσει
1144 1424 1169 1480 ἢ
1188 1430 1267 1468 τῶν
1282 1423 1441 1468 ὑδάτων
1461 1424 1542 1483 φύ-

90 1511 154 1545 σις
180 1497 446 1550 ζωογονεῖται·
481 1495 670 1550 κύμβαλα
697 1496 741 1536 δὲ
771 1496 838 1536 καὶ
867 1492 1051 1550 θύρσους
1079 1493 1217 1543 αὐταῖς
1245 1492 1428 1545 διδόασι,
1470 1495 1541 1536 τὸν

33 1567 170 1612 ωτῶν
184 1561 343 1606 ὖδάτων
364 1558 481 1618 ἦχον·
516 1565 582 1606 καὶ
605 1561 681 1605 ὑπὸ
713 1561 907 1619 Σατύρων
928 1562 1190 1614 ἓλαυνομὲνας
1210 1561 1284 1610 τὰς
1305 1561 1540 1613 Μαινάδας,

89 1627 173 1673 οἷον
190 1629 268 1673 ὕπὸ
285 1635 364 1673 τῶν
383 1631 538 1685 ἀνέμων
557 1631 792 1685 ὥθόυμένης
817 1634 889 1684 τῆς
910 1634 988 1673 τῶν
1008 1627 1167 1671 ὑδάτων
1190 1627 1351 1685 φύσεως
1367 1630 1543 1686 βροντὰς

87 1699 152 1740 καὶ
180 1697 354 1749 κτύπους
377 1699 672 1742 ἀποτελεῖσθαι.
758 1696 959 1741 Διόνυσον
985 1698 1029 1739 δὲ
1063 1695 1204 1739 ὡσανεὶ
1235 1697 1305 1739 τὸν
1340 1702 1413 1740 τοῦ
1441 1698 1544 1748 Διὸς

175 1827 200 1862 3
223 1822 269 1862 ὃν
291 1827 358 1862 add
381 1827 590 1862 Roetherus.
742 1828 785 1863 10
813 1826 969 1872 Τιμαίῳ]
992 1837 1031 1881 p.
1058 1825 1131 1861 55?
1270 1825 1313 1861 15
1337 1800 1541 1871 πάνθηρον

175 1873 269 1918 apud
285 1873 330 1907 S:
353 1884 432 1908 corr
452 1874 663 1909 Roetherus.
800 1874 846 1909 20
868 1870 1110 1916 ἐλαυνομενος
1131 1871 1209 1908 PV.

84 1994 108 2018 a
132 1994 200 2029 quo
224 1985 442 2020 Trieterides
468 1986 676 2020 constitutae
706 1988 798 2019 sunt.
855 1989 892 2018 et
915 1984 1003 2019 haec
1032 1985 1170 2030 quidem
1202 1981 1345 2019 Graeci.
1390 1982 1538 2017 Romani

85 2034 199 2064 autem
219 2030 410 2074 Dionysum
428 2032 658 2065 Bacchantem
678 2030 899 2064 Cithaeronis
918 2030 1048 2073 dicunt,
1069 2030 1166 2064 velut
1181 2031 1406 2064 bacchantem
1426 2035 1462 2062 et
1478 2041 1536 2063 sa-

84 2074 224 2110 lientem
245 2088 310 2120 per
328 2077 469 2119 caelum,
495 2078 586 2122 quod
614 2089 656 2110 ex
679 2082 812 2120 septem
839 2081 1007 2109 concentu
1030 2075 1204 2109 stellarum
1230 2075 1453 2109 Citharonem
1472 2087 1536 2108 no-

83 2121 321 2162 minaverunt3
346 2123 437 2156 unde
460 2122 654 2156 Mercurius
679 2122 843 2155 citharam
871 2122 930 2155 dat
957 2133 1000 2155 ex
1025 2121 1143 2154 fabula
1165 2120 1338 2166 Apollini,
1371 2126 1534 2164 tanquam

83 2165 174 2199 ratio
192 2166 274 2200 vsoli
300 2167 455 2201 universi
486 2167 708 2201 harmoniam.
765 2167 803 2200 in
836 2166 968 2200 occulto
994 2172 1107 2200 autem
1131 2167 1260 2200 Bacchi
1283 2165 1449 2209 mysteria
1474 2178 1534 2199 ce-

84 2210 319 2255 lebrabantur,
345 2218 534 2258 propterea
558 2214 651 2257 quod
676 2212 831 2246 omnibus
857 2212 990 2245 occulta
1014 2216 1068 2244 est
1092 2211 1174 2246 solis
1200 2223 1274 2245 cum
1299 2211 1454 2244 universi
1473 2223 1536 2245 na-

84 2260 164 2290 tura.
182 2251 385 2309 cofiwnio.
432 2263 468 2292 et
487 2258 618 2303 phallos
639 2258 676 2291 in
696 2258 804 2291 sacris
831 2258 904 2291 eius
927 2258 1160 2299 assumebant,
1186 2257 1282 2291 velut
1299 2258 1452 2290 membra
1473 2268 1536 2300 ge-

84 2300 216 2344 nitalia,
242 2307 278 2335 et
293 2302 481 2346 speculum,
502 2310 664 2348 tanquam
685 2303 890 2347 pellucidum
914 2302 1055 2344 caelum,
1081 2302 1217 2346 globum
1242 2307 1355 2336 autem
1374 2307 1537 2345 tanquam

83 2345 259 2381 tellurem:
282 2347 383 2381 Plato
405 2349 495 2382 enim
513 2349 550 2383 in
575 2349 721 2383 Timaeo
746 2349 796 2382 ait
817 2345 965 2382 “terrae
991 2347 1167 2391 globosam
1188 2347 1339 2392 speciem
1362 2347 1536 2389 (assigne-

84 2388 212 2435 mus).'’
259 2394 350 2427 unde
380 2394 544 2428 videlicet
575 2400 611 2428 et
641 2394 859 2439 Pythagoras
883 2394 920 2427 in
942 2395 1060 2427 decem
1084 2393 1241 2445 sphaeris
1265 2393 1315 2426 ita
1336 2393 1439 2426 etiam
1462 2392 1537 2425 eius

84 2436 214 2471 animas
235 2437 333 2482 [sic]
359 2439 481 2474 insitas
505 2440 603 2474 dicit.
662 2452 705 2474 ex
728 2440 810 2484 igne
835 2445 948 2473 autem
971 2444 1189 2483 progenitum
1211 2443 1247 2472 et
1267 2437 1537 2481 omnipotentem

82 2483 120 2515 iu
136 2482 244 2516 sacris
259 2485 444 2528 vocabant,
463 2487 556 2530 quod
569 2486 691 2530 igneus
709 2492 832 2520 natura
847 2485 898 2519 sol
916 2490 981 2527 est,
1004 2490 1041 2517 et
1058 2484 1254 2517 universum
1273 2483 1366 2525 regit
1384 2494 1424 2515 ac
1443 2494 1537 2515 com-

83 2526 282 2571 prehendit.
329 2536 366 2563 et
382 2531 552 2575 panthera
572 2533 616 2566 ab
636 2543 677 2564 eo
700 2543 823 2564 nomen
842 2531 983 2565 trahere
1006 2529 1149 2572 faciunt,
1169 2527 1269 2573 quasi
1287 2533 1427 2569 terram,
1447 2539 1538 2571 quae

84 2582 205 2615 omues
226 2573 319 2607 feras
344 2576 455 2620 capit,
488 2579 532 2610 ab
558 2589 599 2610 eo
623 2576 850 2621 accipientem
874 2575 1118 2609 nutrimentum
1142 2573 1324 2607 recreandi
1349 2578 1385 2606 et
1406 2572 1533 2606 laetifi-

83 2617 185 2651 candi
209 2617 278 2651 yim
300 2619 444 2654 habens.
491 2627 528 2656 et
548 2622 703 2656 Bacchas
729 2623 762 2656 ei
786 2622 1049 2665 Nymphasque,
1072 2626 1235 2664 tanquam
1257 2630 1376 2662 aquas,
1402 2618 1536 2653 faciunt

83 2663 237 2704 εει-νῖκος
256 2663 338 2697 solis
357 2670 470 2699 autem
487 2673 581 2701 motu
599 2679 763 2712 aquarum
785 2674 908 2700 natura
926 2667 1144 2699 secundatur.
1192 2663 1349 2707 cymbala
1367 2670 1479 2696 autem
1499 2667 1536 2697 et

82 2707 223 2750 thyrsos
247 2708 281 2741 ei
302 2710 396 2753 dant,
420 2712 613 2756 (tanquam)
641 2724 805 2757 aquarum
825 2711 1018 2752 fre1nitum3
1044 2716 1080 2744 et
1101 2710 1291 2744 Maenades
1313 2721 1343 2742 s.
1366 2709 1533 2752 Bacchas,

83 2763 173 2797 quae
191 2765 212 2786 a
230 2754 367 2796 Satyris
387 2756 572 2800 agitantur,
594 2758 703 2802 velut,
727 2770 801 2792 cum
827 2770 847 2792 a
865 2756 979 2790 ventis
999 2767 1162 2801 aquarum
1184 2760 1307 2788 natura
1327 2753 1532 2797 impellatur,

83 2798 237 2834 tonitrua
254 2804 292 2834 et
308 2801 475 2846 strepitus
495 2802 602 2839 effici.
647 2803 839 2848 Dionysum
858 2809 971 2838 autem
991 2802 1084 2846 (eum
1102 2801 1305 2844 vocabant),
1327 2799 1421 2834 velut
1436 2799 1531 2834 Iovis
