1748 3210
243 152 336 200 314
752 157 968 201 IOANNIS
1010 159 1155 202 LYD1-.

371 266 412 310 ε’.
445 268 513 311 ἐὰν
535 266 754 325 βροντήσῃ,
786 273 931 325 κριθῆς
956 269 1027 323 μὲν
1056 269 1252 326 ἀφθονίαν
1280 254 1388 316 σίτου
1411 275 1454 316 δὲ
1475 270 1645 318 ἐλάττω-

211 348 214 350 ’
241 350 302 376 σιν
321 336 444 389 δηλοῖ.

374 400 421 450 ς’.
455 401 522 442 ἐὰν
550 398 770 456 βροντήσῃ,
814 399 977 455 δύναμις
1006 401 1113 445 ἔσται
1139 409 1226 453 ταῖς
1245 407 1395 459 γυναιξὶ
1416 408 1596 464 κρείττων
1618 406 1645 462 ἢ

241 469 330 510 κατ’
360 465 493 514 αὐτάς.

371 531 418 583 ζ’.
453 533 520 574 ἐὰν
549 530 770 589 βροντήσῃ,
813 532 930 578 νόσον
945 537 1011 577 καὶ
1033 540 1180 579 πτῶσιν
1199 540 1256 595 τῷ·
1277 538 1445 595 δουλικῷ
1467 539 1511 589 ἐξ
1524 538 1676 593 αὖτῆς5

238 600 396 640 ἀπειλεῖ.

368 663 419 719 η’.
454 666 521 707 ἐὰν
550 664 748 723 βροντῆσῃ
762 698 774 718 ,
808 668 900 718 τοὺς
917 667 1089 721 μάλιστα
1112 669 1302 719 δυνατοὺς
1320 674 1392 712 τοῦ
1411 667 1645 724 πολιτεύμα-

239 748 306 782 τος
326 733 463 774 σκολιὰ
487 734 637 783 ἐννοεῖν,
667 734 950 784 ἀποτεύξεσθαι
970 737 1012 776 δὲ
1030 741 1108 777 τῶν
1127 738 1318 789 ἐσομένων
1335 743 1551 793 κατηγορεῖ.

369 798 429 840 θ’.
462 800 530 840 ἐὰν
548 799 746 855 βροντήσῃ
756 830 768 851 ,
805 801 946 854 ἄνεμον
964 806 1126 844 πνεῦσαι
1146 804 1323 846 ἐπίνοσον
1343 804 1500 845 ἀπειλεῖ.
1566 846 1570 848 ,

368 864 407 906 ι’.
441 866 508 906 ἐὰν
537 865 759 922 βροντήσῃ,
814 867 894 924 ἔρις
927 867 1034 911 ἔσται
1065 874 1121 927 τῷ
1152 868 1259 928 τόπῳ
1288 871 1358 926 ἐφ’
1393 865 1440 912 οὗ
1469 868 1647 927 ῥήγνυτο,
1660 880 1702 914 10

237 931 336 987 πρὸς
352 932 479 987 ἕτερον
497 933 567 974 οὐκ
588 932 741 987 ἄλογος.

370 998 436 1040 ια’.
471 999 537 1041 ἐὰν
555 999 768 1056 βροντὴσῃ,
802 1001 840 1042 οἱ
859 999 1082 1052 ὖπεξούσιοι
1098 1007 1175 1046 τῶν
1196 1002 1360 1058 εὐγενῶν
1376 1002 1592 1058 σκέψονταί
1610 1019 1649 1044 τι

238 1065 371 1107 καινὸν
391 1067 431 1107 ἓν
450 1073 531 1115 τοῖς
549 1074 701 1115 κοινοῖς.

290 1130 293 1133 ’
371 1131 436 1185 ιβ’.
471 1133 537 1174 ἐὰν
553 1133 774 1189 βροντήσῃ,
811 1132 1023 1190 ἓπόμβριον
1049 1135 1116 1177 τὸν
1141 1140 1214 1178 τοῦ
1237 1135 1391 1191 ἀμητοῦ
1422 1135 1557 1191 καιρὸν
1582 1135 1649 1176 καὶ
1693 1144 1695 1148 “

237 1198 352 1250 λιμὸν
371 1198 533 1240 ἔσεσθαι
553 1200 664 1252 λέγει.
1660 1210 1703 1245 15

370 1264 434 1319 ιγ’.
467 1265 535 1306 ἐὰν
553 1261 764 1320 βροντῆσῃ,
794 1264 908 1317 λιμὸν
924 1264 1053 1320 βαρὺν
1073 1264 1232 1308 ἀπειλεῖ.

369 1330 434 1373 ιδ’.
469 1333 536 1373 ἐὰν
551 1331 772 1387 βροντήσῃ,
797 1330 938 1381 νόσους
961 1332 1120 1374 ἀπειλεῖ.

367 1398 425 1440 ιε’.
459 1399 527 1440 ἐὰν
553 1398 775 1456 βροντήσῃ,
825 1400 1069 1456 κατομβριάν
1099 1399 1170 1453 μὲν
1202 1400 1338 1453 δηλοῖ,
1390 1397 1575 1453 εὐθηνίαν
1607 1398 1651 1440 δὲ

236 1463 356 1517 ὅμως.

371 1530 432 1580 ις’.
468 1532 535 1573 ἐὰν
551 1529 763 1589 βροντήσῃ,
798 1531 819 1574 ὃ
840 1530 987 1589 σπόρος
1006 1532 1127 1582 πολὺς
1147 1531 1325 1588 ἄκαρπος
1349 1532 1394 1572 δὲ
1416 1533 1618 1586 δηλοῦται.
1661 1543 1706 1578 20

369 1597 432 1648 ιζ’.
467 1601 500 1639 εἷ
520 1599 732 1655 βροντήσῃ,
760 1599 1006 1641 {ardum-ww
1026 1601 1244 1654 ἀναγκαίων
1263 1599 1422 1640 ἀπειλεῖ.

370 1664 437 1717 ιη’.
470 1668 504 1706 εἴ
520 1665 733 1721 βροντήσῃ,
760 1667 876 1719 λιμὸν
896 1665 980 1718 ἅμα
995 1668 1061 1706 καὶ
1083 1667 1277 1719 πολέμους
1296 1666 1488 1718 σημαίνει.

370 1729 442 1772 ιθ’.
476 1733 509 1773 εἴ
526 1731 741 1788 βροντήσῃ,
768 1730 789 1773 ὃ
807 1733 878 1785 μὲν
898 1731 1119 1787 δενδρώδης
1140 1732 1291 1789 καρπὸς
1306 1729 1554 1782 ἓπιτεύξεται,
1586 1727 1653 1772 νό-

234 1814 297 1840 σοι
316 1799 357 1840 δὲ
378 1800 442 1839 καὶ
465 1798 620 1849 στάσεις
638 1801 844 1853 δημοτικαὶ
867 1799 1032 1842 ἔσονται.

325 1905 347 1938 5
369 1903 444 1938 τῶν
462 1904 639 1938 δουλικῶν
662 1905 768 1949 Rutg.
903 1905 924 1938 8
947 1906 1096 1938 fortasse
1118 1902 1297 1947 legendum
1319 1899 1566 1944 ἐλπιζομένων.
1602 1900 1652 1935 Η.

321 1950 366 1983 13
388 1960 423 1981 τι
439 1948 567 1983 καινὸν
586 1951 640 1993 Η,
664 1962 698 1983 τι
720 1947 847 1983 κοινὸν
864 1949 906 1992 C,
930 1946 972 1983 τὸ
997 1947 1121 1982 κοινὸν
1146 1949 1251 1992 Rutg.
1477 1946 1518 1980 14
1540 1943 1653 1987 ἐπόμ-

321 1993 426 2046 βριογ
452 1994 507 2036 H,
541 1992 741 2038 ἐπομβρίαν
768 1995 817 2038 C,
851 1990 1042 2037 ὕπομβρον
1072 1993 1178 2036 Rutg.
1359 1991 1402 2026 16
1434 1990 1585 2035 βαρεῖαν
1607 1991 1651 2023 C.

323 2039 367 2071 21
390 2039 546 2071 απειλῶν
563 2039 668 2082 Rutg.

236 2126 316 2160 belli
333 2127 640 2171 praeparationem.
773 2126 807 2160 5.
830 2125 862 2160 si
878 2128 985 2169 tonat,
1007 2125 1127 2159 hordei
1150 2124 1294 2170 copiam,
1316 2123 1424 2158 tritici
1444 2122 1650 2157 imminutio-

235 2182 312 2205 nem
330 2170 493 2205 declarat.
583 2173 617 2205 6.
642 2170 673 2204 si
694 2170 856 2215 tonuerit,
877 2176 1030 2214 potestas
1053 2171 1121 2204 erit
1139 2171 1228 2214 apud
1251 2169 1408 2203 mulieres
1430 2169 1537 2203 maior
1554 2179 1653 2212 quam

235 2228 299 2261 pro
318 2227 418 2249 sexus
440 2216 632 2250 debilitate.
747 2217 782 2250 7.
805 2216 835 2249 si
852 2220 967 2259 tonat,
994 2216 1143 2249 morbum
1164 2219 1199 2248 et
1220 2215 1300 2249 inde
1321 2219 1469 2259 stragem
1491 2213 1652 2248 servitio-

235 2272 310 2294 rum
331 2261 489 2294 minatur.
630 2261 664 2294 8.
691 2261 722 2294 si
742 2264 859 2303 tonat,
891 2265 1132 2304 praepotentes
1155 2260 1192 2294 in
1214 2272 1253 2294 re
1274 2259 1409 2304 publica
1430 2262 1653 2303 praepostera

235 2317 339 2349 agere
361 2306 502 2340 consilia
520 2305 694 2348 enuntiat,
728 2306 789 2338 sed
815 2310 927 2338 tamen
950 2317 1009 2338 eos
1031 2305 1202 2349 repulsum
1223 2305 1267 2338 iri
1289 2306 1332 2338 de
1354 2305 1468 2338 futuro
1490 2307 1581 2336 statu
1599 2301 1653 2335 rei

236 2350 406 2396 publicae.
496 2351 531 2385 9.
556 2351 586 2383 si
606 2355 725 2393 tonat,
747 2355 884 2384 ventum
907 2350 1093 2383 morbidum
1115 2351 1272 2384 flaturum
1295 2349 1453 2383 minatur.
1545 2347 1598 2381 10.
1623 2346 1654 2379 si

237 2396 398 2439 tonuerit,
416 2395 507 2430 inter
522 2395 696 2439 regionem
714 2406 817 2439 super
836 2406 934 2448 quam
953 2395 1108 2439 erumpit,
1128 2394 1293 2439 aliamque
1310 2393 1484 2428 dissidium
1502 2391 1569 2425 erit
1585 2402 1654 2424 non

236 2441 312 2474 sine
334 2452 448 2474 causa.
590 2442 645 2474 11.
670 2440 702 2474 si
720 2445 882 2482 tonuent,
906 2439 1083 2474 clientelae
1101 2439 1318 2484 patriciorum
1336 2437 1464 2482 aliquid
1482 2435 1563 2470 novi
1580 2447 1652 2469 mo·-

234 2486 361 2519 lientur
383 2486 416 2519 in
437 2497 476 2519 re
498 2484 646 2530 publica.
775 2485 829 2518 12.
854 2485 886 2517 si
907 2490 1014 2529 tonat,
1038 2492 1170 2528 tempus
1190 2483 1309 2517 messis
1332 2493 1493 2527 aquosum
1512 2482 1652 2515 famem-

239 2542 306 2574 que
329 2531 406 2564 fore
425 2530 605 2576 praedicit.
713 2530 767 2564 13.
791 2530 822 2562 si
843 2532 950 2573 tonat,
975 2531 1095 2563 famem
1117 2540 1255 2572 gravem
1276 2529 1434 2561 minatur.
1543 2526 1598 2559 14.
1623 2524 1653 2558 si

240 2580 348 2619 tonat,
371 2576 546 2609 minitatur
567 2577 714 2609 morbos.
789 2574 844 2608 15.
869 2574 900 2607 si
917 2580 1024 2618 tonat,
1049 2574 1117 2607 vim
1138 2573 1304 2615 imbrium,
1330 2573 1391 2606 sed
1412 2578 1523 2605 tamen
1546 2571 1653 2604 abun-

239 2620 400 2663 dantiam,
419 2621 582 2655 declarat.
719 2620 773 2653 16.
793 2618 823 2652 si
846 2623 954 2662 tonat,
976 2624 1144 2653 sementes
1166 2630 1314 2661 magnas,
1338 2617 1400 2650 sed
1423 2616 1558 2650 steriles
1579 2615 1655 2647 fore

237 2665 442 2699 declaratur.
534 2666 588 2700 17.
609 2665 639 2698 si
656 2668 763 2707 tonat,
783 2664 958 2709 penuriam
978 2664 1088 2698 victus
1110 2663 1296 2697 necessarii
1314 2662 1471 2695 minatur.
1549 2661 1604 2695 18.
1624 2658 1654 2691 si

240 2715 347 2754 tonat,
368 2711 490 2744 famem
513 2710 610 2744 simul
630 2715 666 2744 et
686 2709 774 2744 bella
795 2708 977 2753 significat.
1093 2709 1146 2742 19.
1170 2708 1201 2741 si
1218 2707 1390 2749 tonuerit,
1413 2707 1530 2750 fruges
1551 2705 1652 2754 arbo-

241 2767 322 2788 reae
344 2755 568 2800 provenient,
591 2762 692 2790 erunt
713 2760 824 2790 autem
847 2753 955 2788 morbi
976 2758 1011 2788 et
1033 2753 1219 2788 seditiones
1236 2752 1430 2798 populares.
1545 2750 1600 2785 20.
1623 2758 1654 2781 81
