1748 3210
364 166 440 210 DE
473 163 919 209 MAGISTRATIBUS
952 164 998 207 P.
1031 163 1084 207 R.
1118 163 1223 206 ΠΒ.
1249 163 1304 207 IL
1469 163 1562 210 191

107 277 360 340 περιβάλλει,
394 282 566 338 μετρίως
591 279 814 336 ὖπελε’γχων
846 277 902 330 ὥς
929 279 1104 336 λέγοιντο
1131 277 1281 335 μόνον,
1316 275 1388 320 οὒκ
1415 279 1488 319 εἶσὶ
1519 278 1563 320 δὲ

107 354 280 395 τοιοῦτοι
311 348 474 400 ὁποίους
508 349 656 399 αὖτοὺς
686 347 712 404 ἡ
745 348 860 406 φήμη
894 352 1118 405 ὃιαθρυλεΐ.
1187 349 1274 402 ἐμοὶ
1310 348 1352 389 δὲ
1382 346 1562 400 μάλιστα

107 420 355 469 σκοτοδινιάς
386 419 433 461 οὗ
460 419 609 475 μικρὰς
639 418 820 460 ἀνακινεῖ
839 416 864 472 ἡ
897 417 998 475 πρὸς
1028 417 1150 459 αὐτὸν
1181 415 1397 471 συνήθεια”
1429 417 1563 471 χαίρω

105 486 184 545 γὰρ
217 487 351 545 αὐτῷ,
385 487 446 530 ὅτι
478 487 602 537 καλὸς
627 485 714 540 ἅμα
743 487 808 528 καὶ
832 486 1045 543 ἐλεύθερος
1064 487 1131 528 καὶ
1149 483 1281 543 τύφου
1303 486 1369 527 καὶ
1393 483 1564 541 κορύζης

48 554 218 606 ,,,5ἓκτὸς
239 555 396 607 ἀστεῖός
416 573 458 598 τε
480 558 548 600 καὶ
566 553 717 605 κοινός·
751 555 844 596 ἀλλ’
865 555 1023 598 ἐπισειέι
1043 572 1138 609 μοι,
1162 553 1217 605 ὥς
1233 554 1387 611 εἴρηται
1395 585 1409 605 ,
1437 570 1564 610 φρον-

103 625 218 674 τίδας
239 624 286 666 οὗ
308 623 479 682 μικράς,
512 626 638 680 μηδὲν
661 617 716 666 ὧν
740 623 986 666 ἐπίστασθαι
1007 626 1116 666 δοκῶ
1133 625 1348 680 προτείνων
1367 624 1423 673 εἷς
1444 620 1564 677 ζήτη-

102 709 192 745 σιν,
220 692 272 734 τὰ
296 694 339 736 δὲ
357 697 560 744 παντελῶς
579 693 804 748 ἠγνοημένα
821 690 1098 749 παρεισάγων,
1134 692 1236 735 ὥστε
1254 709 1304 747 με
1329 691 1402 741 τὰς
1422 695 1565 734 πασῶν

103 759 370 818 ἰσχυροτάτας
392 762 510 817 εὖχὰς
529 766 721 817 μελετᾶν,
747 758 948 816 μηδεμίαν
967 761 1090 804 αὐτὸν
1107 760 1261 817 ἄβατον
1281 762 1391 815 ἐμοί,
1428 759 1562 818 ὥσπερ

103 829 268 882 εἴωθεν,
302 831 547 888 ἕπιροιζῆσαι
567 832 758 887 θεωρίαν.

49 905 95 941 10
240 898 319 944 27.
390 897 608 942 Τοσοότων
640 896 844 955 ἀρχόντων
875 902 955 942 τῶν
986 897 1049 940 ἐπὶ
1082 901 1155 952 τῆς
1179 895 1338 952 Ῥώμης
1364 902 1421 956 τῷ
1451 894 1564 956 νόμῳ

102 968 398 1023 γνωριζομένων
423 965 585 1022 μνήμην
607 965 633 1022 ἦ
656 965 839 1010 καθόλου
879 966 1035 1023 ἱστορία
1066 967 1109 1008 ἐκ
1142 967 1364 1024 προοιμίων
1394 974 1565 1012 ποιεῖται

101 1038 175 1089 τῆς
200 1032 426 1090 Ῥωμαὶέιῆς
456 1037 657 1086 πολιτείας
681 1035 775 1092 ἄχρι
798 1040 871 1090 τῆς
894 1035 1158 1078 Ἀναστασιόυ
1181 1040 1253 1077 τοῦ
1274 1036 1474 1089 βασιλέως
1497 1053 1564 1078 τε·-

100 1105 253 1157 λευτῆς.
321 1102 478 1159 κόμητα
520 1103 597 1160 γὰρ
639 1102 909 1160 λαργιτιῶνων
952 1105 1120 1159 (Ἰταλοὶ
1156 1104 1338 1159 λέγουσιν
1369 1104 1456 1146 ἀντὶ
1490 1108 1563 1147 τοῦ

98 1176 333 1227 προεστῶτα
358 1177 439 1214 τῶν
462 1177 533 1227 τῆς
551 1174 758 1226 βασιλείας
780 1174 1032 1228 θησαυρῶν)
1068 1174 1134 1215 καὶ
1167 1171 1325 1227 κόμητα
1354 1172 1563 1230 πριβάτων

45 1238 216 1293 15(ἀντὶ
240 1245 312 1282 τοῦ
334 1245 415 1282 τῶν
437 1242 521 1299 ἰδίᾳ
541 1258 627 1290 πως
644 1247 728 1290 τοῖς
749 1245 960 1294 βασιλεῦσι
982 1239 1294 1299 προσηκόντων)
1322 1241 1395 1284 οὐκ
1424 1241 1474 1284 ἄν
1502 1258 1564 1291 τις

98 1307 140 1348 ἓν
159 1306 365 1363 ἀρχόντων
388 1307 633 1364 ἀριθμήσειέ
652 1325 748 1350 ποτε
772 1308 1005 1367 καταλόγῳ,
1038 1307 1303 1366 θεραπόντων
1333 1310 1396 1351 δέ·
1431 1327 1562 1366 προα-

97 1379 232 1430 γωγῆς
262 1375 430 1431 ἄρχουσι
453 1375 682 1433 πρεπούσης
699 1377 924 1429 ἀξιοῦνται,
958 1379 1062 1420 κατὰ
1082 1380 1126 1420 δὲ
1145 1379 1190 1420 τὸ
1212 1380 1356 1420 δοκοῦν
1373 1382 1424 1434 τῇ
1438 1383 1562 1432 βασι-

97 1444 185 1502 λείᾳ
214 1442 451 1502 πρόσφατον
478 1444 614 1499 ἔχουσι
643 1447 710 1487 καὶ
744 1445 1030 1488 λανθάνουσαν
1059 1448 1132 1501 τὴν
1163 1448 1336 1502 γένεσιν,
1372 1446 1506 1504 ὥσπερ
1537 1445 1560 1488 ὃ

95 1509 306 1567 λεγόμενος
332 1512 623 1570 πατριμώνιος,
655 1514 742 1555 ἀντὶ
770 1518 842 1556 τοῦ
869 1513 1004 1571 φύλαξ
1031 1520 1102 1570 τῆς
1127 1518 1209 1574 ἰδίᾳ
1229 1532 1314 1564 πως
1334 1515 1560 1570 ἀνηκούσης

39 1583 153 1638 2οτῷ
180 1584 347 1635 βασιλεῖ’
371 1584 439 1623 καὶ
471 1581 592 1636 τυχὸν
615 1583 658 1624 ἐκ
682 1580 889 1639 προγόνων
912 1585 1163 1639 περιουσίας,
1199 1582 1244 1625 ὃν
1270 1585 1336 1625 καὶ
1364 1583 1486 1626 αὐτὸν
1510 1583 1558 1625 οὗ

92 1649 186 1704 πρὶν
203 1647 503 1706 ἀριθμούμενον
518 1648 779 1701 Ἀναστάσιος
796 1649 816 1693 ὃ
838 1649 970 1693 πάντα
992 1651 1160 1709 ἔμφρων
1181 1651 1441 1706 ἀνεστήσατο,
1466 1650 1559 1694 διά-

91 1733 243 1772 κρισιν,
279 1716 413 1776 ὥσπερ
441 1717 599 1772 eiad-921,
632 1724 827 1778 περινοῶν
855 1726 940 1770 τοῖς
959 1718 1191 1778 πράγμασιν
1199 1753 1212 1772 ‚
1248 1718 1357 1771 ὅπως
1375 1721 1433 1776 μὴ
1457 1738 1557 1777 συγ-

83 1782 201 1839 χύσει
221 1783 420 1840 κάμνοιεν.

181 1903 226 1938 13
247 1903 326 1949 lego
351 1901 402 1946 ὥς
423 1901 565 1941 Ἰταλοὶ.
589 1906 635 1941 F.
777 1907 822 1943 16
842 1906 922 1952 lego
942 1903 1031 1941 οὐδὲ
1052 1904 1122 1951 γάρ
1144 1906 1378 1951 προαγωγῆς.
1408 1907 1455 1942 F.

88 2009 239 2052 quantur
268 2006 388 2041 modo:
420 2018 491 2042 non
521 2010 604 2042 sunt
637 2010 751 2042 autem
784 2007 846 2042 isti
878 2007 967 2042 tales
999 2007 1119 2052 quales
1144 2019 1204 2042 eos
1229 2009 1322 2042 fama
1344 2009 1559 2046 circumfert.

86 2050 172 2087 mihi
195 2063 280 2086 vero
303 2051 492 2097 praecipue
517 2052 683 2096 caligines
706 2065 776 2087 non
800 2065 927 2097 parvas
950 2059 1069 2087 movet
1083 2053 1157 2088 eius
1175 2055 1406 2088 consuetudo:
1430 2056 1562 2090 etenim·

87 2095 243 2132 delector
273 2109 336 2141 eo,
370 2097 453 2142 quia
481 2099 593 2132 bonus
616 2098 718 2132 simul
742 2103 777 2133 et
799 2099 954 2134 liberalis
977 2106 1180 2144 remotaque
1205 2099 1333 2134 stolida
1356 2101 1558 2145 arrogantia

87 2142 195 2179 comis
217 2143 475 2187 conununisque
498 2149 571 2177 est:
595 2155 736 2188 verum,
759 2150 799 2179 ut
814 2146 910 2189 dixi,
933 2145 1183 2179 sollicitudines
1207 2146 1297 2180 haud
1322 2158 1450 2192 parvas
1469 2147 1556 2181 mihi

86 2187 234 2231 incutit,
272 2188 359 2223 nihil
391 2200 508 2222 eorum
541 2200 630 2234 quae
661 2190 752 2224 scire
784 2192 908 2225 videar
932 2191 1212 2235 investigandum
1235 2203 1455 2237 proponens,
1489 2194 1554 2227 sed

87 2244 231 2279 prorsus
261 2233 382 2278 ignota
411 2234 640 2279 protrahens}
674 2247 782 2280 quare
813 2250 878 2282 ego
911 2237 1060 2271 omnium
1082 2237 1404 2273 vehementissimas
1428 2250 1553 2283 preces

87 2278 258 2323 meditor,
282 2291 326 2314 ne
351 2291 452 2325 quam
475 2281 694 2325 inexpertam
716 2282 818 2325 mihi,
844 2289 881 2317 ut
905 2283 1013 2326 solet,
1037 2283 1275 2327 quaestionem
1299 2285 1471 2329 proferat.

177 2325 238 2360 27.
286 2325 360 2360 Tot
382 2326 624 2370 magistratus,
656 2327 788 2362 Romae
810 2328 889 2374 lege
915 2328 1122 2363 constitutos
1147 2329 1314 2374 historia,
1338 2331 1383 2364 ab
1406 2330 1552 2365 incuna-

86 2369 178 2405 bulis
199 2371 255 2404 rei
275 2371 437 2416 publicae
460 2373 638 2406 Romanae
662 2373 705 2406 ad
727 2374 903 2409 Anastasii
927 2375 1148 2420 imperatoris
1173 2375 1324 2419 obitum,
1347 2375 1385 2409 in
1407 2375 1554 2410 univer·

87 2427 159 2450 sum
192 2423 446 2452 commemorat.
495 2430 572 2452 nam
603 2419 762 2453 comitem
793 2420 1014 2465 largitionum
1049 2420 1115 2463 (ut
1146 2420 1227 2455 Itali
1262 2421 1401 2465 dicunt,
1436 2421 1474 2455 id
1498 2426 1554 2457 est

84 2461 256 2496 thesauris
280 2462 420 2508 imperii
441 2465 705 2510 praepositum)
742 2471 779 2500 et
801 2467 960 2501 comitem
984 2465 1199 2512 privatarum
1234 2467 1295 2510 (id
1319 2474 1374 2501 est
1396 2466 1552 2512 peculia-

83 2507 172 2541 rium
194 2509 444 2552 quodammodo
466 2508 687 2556 imperatoris
710 2511 936 2557 facultatum)
971 2523 1163 2557 nunquam,
1194 2513 1338 2558 opinor,
1364 2513 1550 2558 magistra-

83 2553 178 2587 tibus
201 2552 338 2599 aliquis,
361 2555 425 2589 sed
447 2556 614 2590 ministris
638 2558 898 2592 annumerabit:
923 2570 1037 2604 neque
1056 2558 1147 2591 enim
1171 2558 1342 2594 electione
1365 2560 1551 2604 magistra-

82 2598 178 2632 tibus
196 2600 425 2635 conveniente
442 2602 649 2647 dignantur,
675 2605 736 2638 sed
759 2611 864 2649 prout
886 2604 1026 2638 videtur
1048 2603 1273 2649 imperatori,
1298 2605 1414 2640 subito
1433 2606 1551 2640 occul-

81 2647 188 2689 teque
222 2645 415 2690 prodeunt,
449 2647 558 2683 veluti
582 2649 641 2694 qui
666 2650 894 2694 patrimonius
926 2650 1055 2685 dicitur
1092 2651 1153 2693 (id
1178 2657 1233 2685 est
1255 2657 1371 2685 custos
1394 2652 1550 2696 peculia-

81 2690 171 2725 rium
204 2692 453 2736 quodammodo
482 2693 703 2740 imperatoris
735 2708 776 2730 ac
807 2697 900 2730 forte
924 2708 944 2730 a
967 2695 1156 2732 maioribus
1178 2696 1376 2734 relictarum
1399 2699 1547 2735 faculta-

81 2737 197 2780 tum),
222 2747 323 2782 quem
347 2743 384 2773 et
406 2739 517 2784 ipsum
540 2746 644 2775 antea
666 2741 820 2786 ignotum
845 2742 881 2776 in
906 2742 1064 2776 omnibus
1087 2744 1239 2788 prudens
1264 2744 1467 2779 Anastasius
1489 2745 1545 2779 in·-

81 2781 219 2864 εῑίτὲὶι,
251 2783 457 2832 discrimen,
491 2790 531 2821 ut
559 2787 718 2833 solebat,
747 2789 853 2823 rebus
882 2788 1106 2834 excogitans,
1139 2801 1184 2824 na
1215 2790 1383 2826 confusae
1405 2791 1545 2827 labora-

77 2837 142 2863 ren
