1748 3210
224 180 320 226 372
747 178 968 221 IOANNIS
1002 177 1134 219 LYDI

356 288 402 342 ζ’.
456 293 504 346 τῇ
526 288 602 345 πρὸ
622 285 654 338 ζ’
674 287 788 330 εἰδῶν
809 287 854 330 τὸ
873 286 993 341 μέσον
1014 292 1085 330 τοῦ
1105 285 1302 344 ὑδροχόον
1320 285 1454 332 §derat
1465 319 1479 342 ,
1512 290 1579 331 καὶ
1599 288 1642 331 ἐκ

224 361 294 400 τοῦ
311 355 426 399 νότου
446 360 582 408 καῦμα
604 354 816 407 ἀχλυῶδες.

355 423 406 477 η’.
457 426 506 476 τῇ
528 420 605 477 πρὸ
627 419 660 470 ς’
682 422 794 463 εἰδῶν
812 418 832 463 ὅ
853 419 951 462 λέων
972 419 1139 474 ἀνίσχει,
1173 420 1241 461 καὶ
1255 423 1388 473 καῦμα
1405 418 1525 478 βαρύ.
1559 421 1643 462 ἔπι-

223 490 344 547 νεφὴς
366 488 386 530 ὃ
411 487 488 543 ἀήρ
498 519 512 538 ‚
547 489 615 529 καὶ
635 487 679 529 τὸ
701 488 821 541 μέσον
840 493 910 529 τοῦ
934 486 1129 543 ὑδροχόον
1151 486 1313 539 ἀνίσχει.

357 554 414 596 θ’.
456 559 504 610 τῇ
523 554 600 610 πρὸ
622 552 650 596 ε’
667 555 780 596 εἰδῶν
801 554 946 610 ἄστρον
966 552 1158 611 κρυπτόν,
1192 553 1414 610 ἀπαρκτίας
1430 557 1556 610 πρᾶος
1577 556 1642 595 καὶ
1655 568 1677 602 5

223 623 380 678 μέτριον
402 625 550 674 καῦμα.

359 687 398 729 ι’.
458 692 507 743 τῇ
526 686 602 742 πρὸ
623 684 659 728 δ’
680 687 804 728 εῗδῶν.
851 687 892 728 ἓν
910 683 1035 741 ταύτῃ
1056 691 1105 742 τῇ
1129 685 1257 744 ἡμέρᾳ
1276 684 1449 740 ἔκλειψις
1468 691 1645 741 σεληνια-

227 753 275 808 κή
286 787 299 805 ,
333 756 398 796 καὶ
419 752 532 804 νότος
554 753 639 806 ἅμα
654 755 720 794 καὶ
736 752 879 808 βορέου
905 754 1082 809 διαφορὰ
1101 755 1166 795 καὶ
1183 752 1382 806 καύματα.

360 819 427 862 ια’.
459 826 507 876 τῇ
528 820 604 877 πρὸ
626 818 660 874 γ’
682 823 797 862 εἰδῶν
816 819 949 862 δύεται
974 818 999 873 ἦ
1025 818 1127 877 λύρα
1142 820 1311 877 ὄρθρου.
1375 819 1420 860 τὸ
1441 815 1649 876 φθινόπω·

226 905 296 944 ρον
319 887 493 945 ἄρχεται,
528 889 592 929 καὶ
613 887 871 940 ἅνεμομαχιά.
1662 899 1705 934 10

362 953 429 1007 ιβ’.
463 959 510 1010 τῇ
534 953 610 1009 πρὸ
634 952 671 994 α’
696 955 809 995 εἲὸῶν
833 949 1032 1001 ὡσαύτως.

363 1021 427 1076 ιγ’.
463 1022 580 1070 εἶ’ὁόις
599 1019 853 1074 Αὐγούσταις
871 1018 891 1061 ὃ
912 1020 1048 1075 δελφὶν
1067 1015 1202 1060 δύεται
1221 1017 1294 1060 σὺν
1316 1022 1372 1075 τῷ
1396 1021 1551 1074 λαγωῷ.

362 1086 426 1129 ιδ’.
461 1092 511 1143 τῇ
529 1087 605 1142 πρὸ
625 1085 682 1128 ιθ’
704 1090 901 1128 καλενὸῶν
921 1086 1199 1140 Σεπτεμβρίων
1223 1084 1376 1138 αὐχμὸς
1398 1083 1618 1139 καυσώδης.

364 1153 420 1195 ιε’.
463 1159 511 1210 τῇ
533 1155 608 1208 πρὸ
632 1152 681 1206 ιη’
705 1155 902 1194 καλενδῶν
921 1151 1066 1206 ἄστρον
1087 1149 1271 1207 κρυπτόν.
1324 1152 1489 1208 ζέφυρος
1507 1152 1579 1194 σὺν
1597 1156 1654 1209 τῷ

227 1217 328 1277 νότῳ
354 1227 451 1261 πνεῖ.
1665 1232 1707 1266 15

363 1286 426 1336 ις’.
459 1291 507 1342 τῇ
532 1285 608 1342 πρὸ
629 1282 674 1336 ιζ’
696 1285 892 1327 καλενὸῶν
920 1283 1073 1340 ὄρθρου
1101 1282 1122 1324 ὃ
1145 1283 1283 1339 δελφὶν
1303 1280 1437 1324 δύεται
1459 1283 1525 1324 καὶ
1543 1281 1655 1332 νότος

228 1358 325 1395 πνεῖ.

363 1417 425 1469 ιζ’.
465 1423 512 1474 τῇ
533 1418 609 1474 πρὸ
635 1414 683 1466 ις’
706 1418 902 1458 καλενδῶν
923 1416 1025 1471 ἀρχὴ
1051 1414 1324 1472 φθινοπώρου.

364 1485 431 1539 ιη’.
465 1491 513 1542 τῇ
533 1486 609 1540 πρὸ
633 1482 675 1525 ιε’
697 1485 893 1525 καλενὸῶν
918 1482 1000 1525 ὄύει
1020 1482 1045 1537 ἡ
1066 1482 1181 1539 λύρα,
1210 1485 1276 1524 καὶ
1297 1480 1410 1534 νότος
1427 1487 1524 1523 πνεΐ.

364 1553 436 1594 ιθ’.
466 1557 514 1609 τῇ
535 1552 611 1608 πρὸ
635 1548 686 1592 ιδ’
712 1552 910 1592 καλενὸῶν
936 1551 1097 1607 μέτριον
1116 1549 1161 1592 τὸ
1181 1554 1340 1603 καῦμα,
1384 1551 1451 1590 καὶ
1477 1547 1611 1590 δύεται
1635 1547 1711 1599 520

231 1620 380 1673 ὃελφίν.

366 1683 415 1725 κ’.
469 1687 518 1739 τῇ
541 1683 617 1739 πρὸ
651 1682 699 1738 ιγ’
725 1685 922 1725 καλενδῶν
944 1682 970 1736 ἡ
988 1683 1060 1735 μὲν
1081 1680 1183 1738 λύρα
1205 1680 1338 1723 δύεται
1357 1680 1510 1738 ι’)’ρθρου
1521 1713 1534 1732 ,
1574 1679 1595 1722 ὅ
1618 1682 1660 1722 δὲ

234 1750 345 1804 ἣλιος
367 1750 570 1806 παρθένῳ.
636 1749 748 1799 νότος
767 1750 929 1802 ἄνεμος,
957 1751 1022 1790 καὶ
1041 1747 1271 1804 βροντιόδης
1290 1747 1414 1796 ὑετός.

368 1816 443 1858 κοί.
471 1821 520 1871 τῇ
547 1815 622 1870 πρὸ
645 1815 696 1868 ιβ’
722 1819 917 1857 καλενὸιῦν
938 1814 958 1856 ὃ
979 1815 1089 1868 ’ἥλιος
1106 1815 1173 1871 ἐφ’
1198 1814 1292 1868 ὅλης
1312 1814 1527 1869 παρθένου.

367 1883 444 1935 κβῆ
469 1887 518 1938 τῇ
536 1882 612 1937 πρὸ
635 1882 684 1924 ια’
711 1884 906 1926 καλενὸῶν
923 1882 1070 1935 ἀνίσχει
1091 1880 1117 1935 ἦ
1135 1882 1344 1937 παρθένος.
1669 1889 1714 1924 25

325 2065 347 2099 8
371 2063 480 2097 malim
503 2061 634 2097 νότου·
658 2067 764 2108 atque
784 2063 835 2097 sic
854 2062 956 2097 verti.
981 2063 1028 2097 H.
1121 2063 1164 2098 19
1183 2059 1292 2101 νότος
1314 2070 1367 2095 om
1381 2060 1425 2094 C.

238 2229 273 2263 7.
300 2237 353 2260 vn
375 2226 430 2260 Id.
463 2225 622 2270 aquarius
656 2226 783 2262 occidit
814 2227 963 2271 medius,
998 2230 1034 2261 et
1058 2228 1102 2262 ob
1134 2231 1285 2262 austrum
1317 2227 1499 2261 nebulosus
1533 2228 1661 2260 aestus.

241 2274 275 2306 8.
295 2284 334 2305 vx
358 2273 412 2306 Id.
436 2270 490 2304 leo
513 2272 686 2314 exoritur,
717 2278 753 2306 et
783 2278 897 2306 aestus
919 2273 1049 2316 gravis.
1096 2273 1224 2307 caelum
1245 2271 1413 2316 nubilum,
1446 2275 1483 2305 et
1503 2270 1662 2316 aquarius

239 2317 370 2351 medius
392 2316 513 2350 oritur.
648 2317 682 2349 9.
710 2327 733 2348 v
757 2317 810 2350 Id.
834 2317 927 2350 sidus
951 2317 1150 2351 occultatur.
1199 2317 1386 2363 septentrio
1408 2316 1494 2351 lenis
1515 2322 1550 2350 et
1572 2314 1664 2348 calor

240 2361 433 2396 mediocris.
572 2362 625 2394 10.
650 2371 690 2394 1v
714 2361 766 2394 Id.
792 2361 857 2395 hoc
880 2362 936 2395 die
958 2364 1111 2396 defectus
1133 2362 1245 2396 lunae.
1292 2362 1400 2396 austri
1430 2366 1466 2395 et
1496 2359 1663 2405 aquilonis

241 2406 428 2448 contentio⁷
451 2405 595 2439 calores.
688 2406 742 2439 11.
767 2417 810 2439 111
834 2407 885 2440 Id.
911 2407 986 2450 lyra
1007 2407 1132 2442 occidit
1153 2407 1333 2441 matutino.
1378 2411 1554 2440 autumnus
1577 2404 1663 2437 inci-

240 2452 306 2498 pit.
353 2456 531 2484 ventorum
551 2450 740 2484 conflictus.
845 2453 899 2485 12.
921 2452 1012 2496 prid.
1041 2453 1121 2486 Idus
1144 2453 1237 2486 item.
1329 2451 1384 2485 13.
1409 2450 1527 2484 Idibus
1546 2448 1660 2492 Augu-

242 2497 306 2531 stis
324 2495 463 2540 delphin
482 2494 607 2529 occidit
630 2506 703 2528 cum
722 2495 851 2539 lepore.
967 2497 1021 2531 14.
1047 2508 1109 2530 x1x
1133 2497 1212 2531 Kal.
1231 2496 1451 2540 Septembres
1473 2494 1582 2538 caligo
1606 2506 1664 2527 ae-

190 2580 194 2587 (
244 2547 373 2575 stuosa.
479 2541 533 2574 15.
559 2551 654 2573 xvm
671 2540 749 2574 Kal.
768 2540 862 2574 sidus
881 2541 1080 2576 occultatur.
1127 2541 1285 2575 favonius
1309 2551 1383 2574 cum
1405 2545 1520 2574 austro
1543 2538 1664 2584 spirat.

246 2587 302 2620 16.
329 2595 407 2619 xvn
424 2584 503 2618 Kal.
526 2596 624 2619 mane
652 2585 789 2629 delphin
811 2586 939 2620 occidit
961 2592 996 2620 et
1018 2592 1134 2620 auster
1161 2586 1283 2632 spirat.
1421 2586 1476 2620 17.
1499 2594 1564 2618 xw
1587 2583 1664 2617 Kal.

244 2630 379 2664 initium
396 2630 557 2664 autumni.
649 2631 704 2664 18.
722 2641 769 2663 xv
786 2630 863 2664 Kal.
887 2631 965 2665 fidis
982 2631 1118 2676 occidit,
1137 2635 1172 2665 et
1186 2636 1302 2665 auster
1315 2642 1331 2664 s
1357 2629 1436 2664 irat.
1530 2630 1585 2664 19.
1602 2638 1663 2661 xlv

247 2675 325 2709 Kal.
349 2675 442 2709 calor
463 2674 654 2718 mediocris,
676 2679 712 2708 et
732 2674 869 2720 delphin
893 2677 1030 2711 occidit.
1164 2677 1221 2710 20.
1247 2687 1316 2710 xnl
1372 2675 1416 2709 al.
1441 2673 1519 2709 fidis
1541 2672 1667 2708 occidit

247 2731 364 2762 mane3
396 2720 446 2754 sol
472 2720 508 2754 in
534 2719 700 2764 virginem
727 2721 906 2754 transitum
935 2721 1030 2755 facit.
1077 2724 1192 2756 auster
1215 2725 1358 2762 ventus,
1396 2723 1431 2754 et
1453 2718 1570 2764 pluvia
1592 2729 1665 2751 cum

247 2765 444 2800 tonitribus.
560 2767 618 2800 21.
644 2776 696 2798 ΧΠ
722 2765 798 2800 Kal.
832 2765 883 2800 sol
904 2765 941 2800 in
961 2770 1036 2802 tota
1054 2766 1199 2811 virgine.
1313 2766 1369 2800 22.
1396 2775 1434 2798 xx
1455 2763 1533 2799 Kal.
1558 2762 1665 2796 oritur

1711 0 1734 66 ’ῥέὀὲ
