1748 3210
307 201 384 246 DE
415 197 864 251 MAGISTRATmUs
896 198 942 242 P.
971 197 1028 242 R.
1061 197 1166 240 Lm.
1197 196 1254 242 11.
1282 185 1284 187 ’
1421 197 1513 244 171

64 317 200 374 αέἶτῆς
214 316 342 372 αῧλῆς
357 315 485 372 μόνης
511 315 616 360 ἀλλὰ
641 315 723 370 μὴν
743 316 810 359 καὶ
831 318 1021 373 στρατιᾶς
1040 310 1200 369 ἁπάσης
1224 314 1291 356 καὶ
1312 316 1517 368 πολιτικῆς

60 385 231 439 τάξεως,
263 385 315 441 ἢν
347 386 419 430 οὐκ
450 384 527 440 εἶχε
557 383 764 443 πρότερον,
800 385 1036 436 ἀναδείξας,
1075 381 1130 434 ὥς
1147 384 1281 440 βραχὺ
1303 400 1517 440 παρατρα-

61 456 199 510 πῖίσης
217 459 289 511 τῆς
306 456 447 507 λέξεως
466 456 506 506 ἐξ
527 453 760 511 ἀφυλάκτου
779 455 1017 509 συνηθείας,
1053 453 1140 495 ἀντὶ
1161 451 1362 510 ἱππάρχου
1380 451 1513 508 ὕπαρ-

56 539 132 580 χος
148 523 470 582 προσηγορεύθη.
537 525 605 566 καὶ
631 525 694 567 ἐπὶ
714 524 787 577 μὲν
803 527 875 577 τῆς
898 521 1087 578 εΡώμης,
1127 522 1193 580 ἐφ’
1223 517 1272 576 ἧς
1299 523 1366 563 καὶ
1389 518 1516 575 μόνης

26 593 133 648 §ab
164 593 291 648 αὐλὴν
319 591 514 636 παλάτιον
542 595 755 635 καλεῖσθαι
783 589 907 645 νόμος
915 623 928 643 ,
980 590 1163 647 ὕπαρχος
1205 595 1276 633 τοῦ
1305 591 1518 645 Καίσαρος

58 659 233 715 ἐνόμιζεν
260 662 376 705 οἱονεὶ
406 659 590 720 δεύτερος
615 660 705 715 μετ’
737 662 906 712 ἐκεῖνον,
940 660 1004 702 ἐπὶ
1023 661 1068 702 δὲ
1088 664 1168 702 τῶν
1185 657 1370 716 κάστρων
1390 657 1516 713 (οὕτω

57 730 105 772 δὲ
122 731 197 780 τὰς
217 731 260 775 ἓν
275 731 437 789 πολέμῳ
455 729 715 787 παρεμβολὰς
729 727 951 783 εΡωμαίοις
976 728 1075 779 ἔθος
1102 729 1254 780 καλεῖν)
1272 729 1519 785 πραίφεκτος

57 801 290 857 πραιτωρίῳ
314 799 433 842 οἱονεὶ
457 797 711 856 προεστηκὼς
737 802 808 840 τοῦ
832 799 1101 855 πραιτωρίου·
1135 797 1180 841 τὸ
1201 797 1278 854 γὰρ
1300 812 1516 854 στρατηγι-

57 866 130 909 κὸν
149 868 346 924 ἐπὶξένης
363 865 575 922 κατάλυμα
593 865 836 924 πραιτώριον
853 867 1013 916 ε’κείνοις
1031 866 1164 917 ἔδοξεν
1187 864 1406 919 ὀνομάζειν,
1441 863 1519 908 κᾶν,

4 936 96 983 ψεῖ
121 937 243 991 τυχὸν
273 937 396 984 αὐτὸν
431 935 501 981 τὸν
526 937 721 992 Καίσαρα
740 935 986 987 αὐλίζεσθαι
1014 935 1082 977 ἐπ’
1115 935 1262 977 ἐκείνου
1300 935 1519 990 συμβαίνῃ.

55 998 182 1061 ηὗρον
198 1006 328 1048 δὲκαὶ
346 1004 511 1062 στερεὰν
530 1006 672 1056 αἰτίαν,
707 998 756 1058 ἧς
776 1004 888 1046 ἕνεκα
907 1008 956 1060 τῇ
977 1008 1049 1046 τοῦ
1071 1001 1248 1061 ἐπάρχου
1268 1004 1521 1061 προσηγορία

55 1073 192 1119 καὶτὸ
215 1078 295 1117 τῶν
312 1074 565 1131 πραιτωρίων
586 1074 855 1130 προστίθεται.
864 1072 1088 1130 γνώρισμα,
1108 1070 1164 1123 ὥς
1181 1071 1280 1116 εἶναι
1299 1072 1371 1127 τὴν
1391 1070 1520 1128 ἀρχὴν

54 1145 136 1184 τῶν
155 1140 258 1198 πρός
276 1157 315 1184 τι
325 1174 340 1194 ,
372 1144 446 1184 καὶ
459 1141 516 1197 μὴ
539 1144 669 1184 δοκεῖν
687 1140 919 1196 ἀσήμαντον
939 1141 1042 1195 ἔχειν
1059 1141 1131 1196 τὴν
1150 1139 1305 1195 ἓξοχήν,
1339 1138 1520 1184 συνώνυ-

53 1226 134 1266 μον
154 1210 199 1255 δὲ
215 1214 272 1268 τῷ
291 1208 499 1268 πολιάρχῳ
510 1242 523 1261 ,
560 1210 604 1252 ὃν
626 1211 692 1252 καὶ
715 1210 836 1252 αὐτὸν
857 1208 1040 1267 ὕπαρχον
1067 1210 1352 1263 ὀνομασθῆναι
1371 1210 1522 1265 προδε-

2 1293 46 1330 15
56 1277 255 1334 δήλωται,
291 1281 501 1335 πραίτωρα
524 1278 723 1334 οὖρβανὸν
744 1278 790 1320 τὸ
811 1281 903 1335 πρὶν
925 1277 1332 1335 προσαγορευόμενον.
1380 1275 1523 1333 Τράγ-

55 1350 202 1397 κυλλος
228 1348 361 1390 τοίνυν
390 1346 485 1397 τοὺς
513 1351 592 1388 τῶν
615 1345 837 1403 Καισάρων
858 1348 974 1399 βίους
997 1349 1038 1389 ἐν
1069 1346 1304 1404 γράμμασιν
1324 1346 1522 1388 ἀποτίνων

55 1415 283 1473 Σεπτιμίῳ,
330 1415 376 1466 ὃς
398 1411 448 1470 ἦν
468 1413 650 1472 ὕπαρχος
667 1419 747 1457 τῶν
765 1420 1072 1473 πραιτωριανῶν
1091 1420 1265 1472 σπειρῶν
1287 1415 1354 1457 ἐπ’
1380 1414 1544 1465 αὗτοῦ,,

54 1485 300 1543 πραίφεκτον
342 1483 466 1529 αὐτὸν
505 1489 586 1525 τῶν
626 1489 932 1541 πραιτωριανιῦν
965 1483 1182 1540 ταγμάτων
1207 1486 1272 1526 καὶ
1302 1481 1522 1540 φαλάγγων

53 1550 230 1608 ἡγεμόνα
255 1550 464 1609 τυγχάνειν
493 1551 704 1606 ἐδήλωσεν.
771 1552 872 1595 ὥστε
906 1553 952 1595 οὗ
983 1552 1108 1606 μόνον
1136 1552 1186 1595 ἄν
1215 1570 1276 1602 τις
1302 1550 1422 1605 λάβοι
1451 1550 1520 1593 τὸν

0 1618 237 1679 ωῧπαρχον
264 1625 339 1675 τῆς
370 1621 517 1675 αὐλῆς,
568 1621 617 1675 ἣν
649 1622 717 1662 καὶ
752 1619 996 1678 πραιτώριον
1032 1625 1238 1676 πολλαχοῦ
1273 1620 1522 1674 καλουμένην

54 1689 159 1735 κατὰ
183 1689 253 1732 τὸν
280 1687 407 1732 ἑνικὸν
435 1689 614 1747 ἀριθμὸν
643 1689 924 1744 ἐδηλώσαμεν,
974 1690 1078 1733 ἀλλὰ
1104 1690 1186 1744 μὴν
1217 1691 1284 1731 καὶ
1320 1688 1424 1731 κατὰ
1452 1687 1521 1729 τὸν

53 1757 329 1814 πληθυντικὸν
359 1762 492 1808 καλῶς
522 1758 806 1813 ὠνομασμένον
839 1759 903 1814 (οὗ
926 1757 1051 1814 μόνον
1071 1759 1148 1815 γὰρ
1172 1758 1324 1813 λέγεται
1345 1757 1522 1814 πραίᾳεν

144 1866 170 1901 6
192 1850 451 1909 ἐχρῆμάτιζενῖ
589 1867 611 1901 8
636 1867 871 1911 πραιτωρίων
898 1868 942 1901 C.
1093 1867 1134 1901 15
1158 1867 1299 1902 videtur
1318 1864 1521 1908 Suetonius,

145 1913 240 1957 quod
263 1913 383 1956 Lydus
406 1913 536 1955 refert,
570 1912 607 1946 in
629 1914 849 1957 praefatione
873 1913 1089 1956 ostendisse,
1120 1913 1157 1946 in
1181 1925 1251 1958 qua
1274 1912 1364 1946 vitas
1389 1912 1521 1945 Caesa-

143 1963 222 1992 rum
245 1958 416 2003 Septimio
441 1958 671 1992 dedicaverit.
698 1960 743 1994 F.
884 1960 927 1994 16
949 1956 1189 1994 ὑποτείνωνὶ)
1326 1954 1523 2002 21ἐδηλώ-

145 2013 259 2047 σαμεν
282 2009 364 2050 post
383 2003 614 2048 καλουμένην
638 2006 683 2040 F.

55 2097 148 2128 ctum
176 2107 246 2128 non
273 2094 372 2128 aulae
400 2098 532 2128 tantum
558 2106 679 2128 verum
706 2094 810 2128 etiam
832 2094 980 2131 omnium
1004 2096 1200 2142 copiarum,
1232 2107 1298 2130 nec
1320 2107 1390 2129 non
1411 2093 1525 2128 civilis

57 2140 181 2185 officii,
206 2140 263 2174 cui
285 2146 389 2174 antea
411 2152 480 2174 non
503 2142 717 2185 praefuerat,
743 2141 1001 2188 constituisset,
1024 2143 1124 2187 quasi
1150 2142 1322 2187 paululum
1348 2142 1526 2175 immutata

57 2196 146 2220 voce
166 2198 185 2220 e
204 2186 453 2220 consuetudine
478 2198 546 2220 non
571 2188 775 2230 observata,
812 2185 976 2232 ὕπαρχος
1000 2201 1063 2234 pro
1090 2188 1272 2232 ἵππαρχος
1300 2189 1527 2232 (praefectus

56 2231 234 2286 praetorio
254 2243 319 2276 pro
338 2232 504 2276 magistro
527 2232 696 2276 equitum)
721 2233 834 2267 dictus
856 2240 923 2269 est.
973 2247 1014 2268 ac
1034 2235 1166 2268 Romae
1186 2235 1338 2280 quidem,
1364 2245 1432 2278 qua
1451 2232 1526 2266 sola

56 2289 96 2311 m
118 2278 206 2311 urbe
228 2277 306 2312 aula
328 2277 494 2323 palatium
516 2278 636 2312 vocari
659 2278 760 2323 solet,
784 2281 982 2324 praefectus
1008 2281 1172 2315 Caesaris
1197 2282 1379 2315 dicebatur
1401 2283 1526 2324 utpote

56 2322 188 2368 primns
207 2323 251 2358 ab
271 2323 343 2367 illo,
366 2323 403 2357 in
421 2324 545 2358 castris
569 2336 654 2359 vero
678 2325 745 2368 (ita
765 2332 878 2361 autem
902 2327 1050 2361 Romani
1074 2327 1195 2361 dicunt
1218 2327 1312 2372 quod
1336 2325 1467 2359 Graeci
1487 2324 1525 2357 in

56 2367 148 2403 bello
173 2369 424 2414 παρεμβολάς)
473 2371 648 2404 raefectus
672 2372 870 2416 praetorio:
894 2373 991 2406 ducis
1017 2373 1108 2407 enim
1131 2374 1224 2418 apud
1248 2378 1387 2406 exteros
1412 2370 1522 2405 domi-

57 2413 172 2449 cilium
195 2416 408 2460 praetorium
430 2416 498 2451 ilis
519 2428 648 2451 vocare
670 2417 812 2462 placuit,
840 2419 996 2464 quamvis
1021 2420 1114 2453 forte
1137 2419 1250 2464 ipsum
1274 2419 1462 2452 Caesarem
1488 2416 1527 2449 in

58 2472 101 2495 eo
119 2461 249 2506 degere
267 2462 459 2507 contingat.
507 2474 649 2507 gravem
672 2475 757 2498 vero
782 2465 885 2498 etiarn
909 2477 1046 2499 causam
1073 2465 1233 2509 repperi,
1267 2475 1329 2497 cur
1353 2460 1527 2508 praefecti

58 2518 185 2541 nomen
218 2507 322 2543 etiam
353 2509 471 2543 addito
502 2509 758 2553 praetoriorum
777 2510 1034 2554 distinguatur,
1068 2517 1108 2544 ut
1130 2512 1173 2544 ad
1197 2510 1330 2555 aliquid
1351 2510 1528 2543 referatur

57 2551 302 2597 magistratus,
325 2555 607 2600 exprimaturque
631 2556 705 2590 eius
728 2556 937 2600 eminentia,
969 2568 1083 2601 neque
1105 2557 1198 2590 idem
1221 2557 1404 2602 praefecto
1430 2553 1528 2588 urbis

57 2610 183 2634 nomen
200 2598 331 2634 habere
352 2601 536 2645 videatur,
570 2613 673 2646 quem
695 2602 828 2648 pariter
852 2604 1067 2647 praefectum
1088 2603 1298 2648 appellatum
1321 2614 1400 2635 esse
1423 2611 1530 2645 supra

58 2644 284 2689 ostendimus,
308 2656 384 2681 cum
404 2652 508 2682 antea
524 2654 668 2693 praetor
688 2650 837 2682 urbanus
860 2649 973 2682 dictus
999 2649 1136 2683 fuisset.
1170 2647 1395 2693 Tranquillus
1418 2647 1529 2691 igitur

57 2689 250 2744 Septimio,
285 2691 345 2737 qui
362 2698 434 2727 tum
457 2699 532 2727 erat
554 2695 754 2739 praefectus
778 2695 1076 2740 praetorianarum
1097 2694 1288 2729 cohortium
1303 2721 1313 2737 ,
1339 2694 1527 2727 Caesarum

58 2742 151 2770 vltas
175 2749 371 2781 exponens,
403 2740 619 2784 praesectum
648 2752 725 2774 eum
752 2742 1052 2786 praetorianorum
1077 2741 1234 2775 ordinum
1261 2746 1298 2774 et
1320 2739 1527 2785 phalangum

58 2781 182 2816 ducem
206 2795 285 2817 esse
309 2785 475 2819 ostendit.
501 2797 608 2830 quare
632 2788 848 2832 praefectum
872 2787 983 2831 aulae,
1007 2799 1110 2832 quam
1134 2793 1171 2821 et
1188 2786 1402 2832 praetorium
1420 2789 1528 2830 saepe

58 2828 179 2862 vocari
199 2830 524 2875 demonstravimus,
550 2844 620 2867 non
642 2833 812 2878 singulari
835 2840 968 2868 tantum
986 2845 1106 2867 verum
1122 2834 1226 2867 etiam
1245 2832 1370 2878 plurali
1385 2842 1526 2866 numero

59 2878 156 2909 recte
177 2875 411 2921 appellaveris
435 2877 522 2922 (non
543 2878 634 2914 enim
658 2881 858 2926 praefectus
876 2879 1054 2926 praetorio
1077 2883 1212 2915 tantum
1235 2878 1401 2924 dicitur),
1424 2878 1524 2913 vide-
