1748 3210
318 162 394 206 DE
426 159 872 207 MAGISTRATIBUS
888 177 889 181 ¹
905 159 951 202 P.
982 158 1036 208 R.
1071 158 1174 201 LIB.
1208 158 1261 202 Π.
1294 185 1296 188 .
1432 158 1524 204 173

74 275 597 336 δευτεροπρατηλατιανοῦς
618 274 644 331 ἦ
664 272 894 337 παλαιότης>
909 272 1003 317 οἶδε.
1071 271 1250 329 κόμητας
1277 273 1322 315 δὲ
1342 271 1437 323 τοὺς
1455 275 1525 330 φί-

72 351 167 398 λους
193 348 260 388 καὶ
289 345 562 401 συνεκδήμους
590 346 734 387 Ἰταλοὶ
761 346 940 400 λέγουσι,
974 343 1040 385 καὶ
1061 342 1273 398 κομιτάτον
1295 340 1431 392 ἅπλῶς
1452 342 1525 397 τὴν

69 416 267 471 βασιλέως
285 414 484 458 συνοδίαν.
563 412 589 469 ἢ
611 415 654 456 δὲ
672 417 743 455 τοῦ
760 414 971 468 λεγομένου
989 413 1212 468 μαγίστρου
1232 413 1395 469 φροντὶς
1419 411 1524 468 ἀρχὴ

69 483 143 539 μὲν
161 483 236 532 οὐκ
255 483 361 527 ἔστιν
384 483 511 534 οὕτως
532 482 822 539 ἔγκεκρυμμένη
834 513 847 532 ,
893 483 1057 537 μεγίστη
1082 482 1125 523 δὲ
1149 481 1279 536 ὅμως,
1325 482 1391 522 καὶ
1411 479 1527 535 ἐγγὺς

36 542 144 607 ξτῆς.
171 550 363 609 ὖπάρχων
394 552 603 594 ἀνίπταται
621 555 739 605 τιμῆς
764 567 805 594 τε
827 551 894 592 καὶ
917 549 1144 604 δυνάμεως·
1177 551 1267 606 περὶ
1288 542 1338 604 ἧς
1359 549 1460 607 πρὸς
1477 547 1524 591 τὸ

67 621 180 671 τέλος
199 623 319 674 τῆσδε
338 626 413 675 τῆς
435 621 612 678 ἱστορίας
634 621 732 676 ἐρῶ·
781 621 847 660 δεῖ
857 619 936 675 γὰρ
962 618 1090 672 αὐτὴν
1109 620 1303 676 νεωτέραν
1325 613 1449 667 οὖσαν,
1466 616 1526 672 μὴ

67 695 156 739 ταῖς
172 679 462 747 πρεσβυτέραις
481 693 560 732 τῶν
585 689 719 745 ἀρχῶν
739 691 1016 745 συναριθμεῖν,
1050 688 1188 729 δοῦναι
1207 689 1250 730 δὲ
1270 687 1371 744 αὐτῇ
1386 691 1524 744 χῶρον

68 755 114 801 ὃν
134 755 155 799 ὅ
167 757 315 815 χρόνος
334 758 436 814 αὐτῇ
454 755 748 815 παρεχώρησεν.
805 771 807 774 ⁴

206 825 251 871 8.
314 826 528 884 Ἐξῄρηται
556 826 600 868 δὲ
630 825 741 880 ὅμως
760 826 827 867 καὶ
853 820 987 874 πάσας
1006 822 1229 879 ἀναβέβηκε
1250 825 1323 874 τὰς
1346 823 1474 881 ἀρχὰς
1496 821 1524 879 ἦ

14 892 222 945 ωῧπατος
246 893 366 950 τιμή,
412 896 478 937 καὶ
509 899 559 951 τῇ
575 894 648 948 μὲν
668 892 835 947 δυνάμει
854 897 926 947 τῆς
944 892 1214 948 ἕπαρχότητος
1232 895 1374 947 μείων,
1409 898 1461 949 τῇ
1483 893 1528 935 δὲ

66 967 166 1019 τιμῇ
191 965 355 1018 μείζων·
399 961 425 1018 ἦ
455 964 529 1017 μὲν
555 964 633 1020 γὰρ
662 962 737 1016 τὴν
762 960 861 1016 ’ὅλην
890 961 1012 1003 διέπει
1035 964 1235 1004 πολιτείαν
1262 962 1422 1004 οἴκοθεν
1450 962 1524 1015 μὲν

67 1031 184 1087 οὐδὲν
202 1033 444 1088 παρέχουσα,
478 1031 524 1074 τὸ
545 1032 590 1073 δὲ
608 1030 801 1086 δημόσιον
819 1033 1040 1082 διοικοῦσα,
1076 1028 1101 1085 ἡ
1126 1031 1170 1072 δὲ
1191 1029 1362 1073 πλοῦτόν
1381 1047 1422 1072 τε
1443 1034 1525 1084 βα-

66 1099 148 1142 &vhe
174 1099 349 1142 oiim-9&
386 1098 570 1158 νιφάδων
609 1101 722 1155 δίκην
749 1101 990 1152 ἔξαυλακίζει
1016 1106 1100 1149 τοῖς
1133 1101 1334 1150 πολίταις,
1373 1100 1438 1140 καὶ
1464 1101 1524 1155 τῷ

60 1166 197 1226 χρόνῳ
226 1167 300 1222 τὴν
327 1169 598 1226 προσηγορίαν
625 1170 850 1225 χαρίζεται,
899 1170 965 1210 καὶ
1004 1167 1157 1222 πλάνης
1199 1167 1440 1210 ἀπαλλάττει
1470 1167 1523 1210 τὰ

11 1245 55 1283 15
67 1235 400 1293 συναλλάγματα,
442 1238 641 1291 πολέμους
661 1238 734 1290 μὲν
750 1237 795 1280 τὸ
814 1236 952 1278 λοιπὸν
973 1236 1045 1278 οὒκ
1067 1235 1334 1291 ἀναδεχομένη
1345 1268 1357 1287 ,
1388 1235 1523 1292 μήτηρ

67 1306 113 1347 δὲ
144 1304 278 1361 ὥσπερ
308 1310 380 1359 τῆς
405 1303 613 1358 Ῥωμαίων
643 1306 872 1361 ἐλευθερίας
899 1304 1163 1359 τυγχάνουσα.
1233 1307 1417 1354 ἐναντίως
1446 1304 1525 1360 γὰρ

66 1372 145 1427 ἔχει
172 1373 274 1430 πρὸς
297 1375 532 1430 τυραννίδα,
569 1375 636 1416 καὶ
660 1372 884 1431 κρατούσης
905 1374 1051 1427 ἐκείνης
1071 1373 1146 1426 οὐχ
1166 1371 1403 1430 ῧᾳίσταται·
1437 1390 1523 1415 τοι-

65 1445 219 1499 γαροῦν
245 1441 332 1496 ἅμα
348 1444 532 1499 Βροῦτος
561 1439 582 1484 ὅ
615 1447 688 1496 τῆς
716 1441 980 1498 σωφροσύνης
1000 1442 1155 1491 ἔκδικος
1176 1444 1242 1482 καὶ
1266 1447 1336 1496 τῆς
1357 1444 1523 1483 ἐλευθε-

66 1511 156 1567 ρίας
181 1507 412 1567 ὗπέρμαχος
439 1510 512 1565 τὴν
542 1509 699 1552 ὕπατον
723 1512 923 1563 ἐξέλαμψε
952 1509 1096 1564 τιμήν,
1139 1510 1223 1563 ἅμα
1244 1509 1471 1566 Ταρκύνιος
1500 1508 1520 1551 ὃ

7 1577 258 1635 εοτόραννος
275 1577 486 1622 ἀπολώλει.
557 1576 577 1621 ὅ
610 1579 653 1620 δὲ
684 1576 875 1635 ἡμέτερος
902 1577 1034 1634 πατήρ
1055 1595 1097 1620 τε
1128 1578 1214 1631 ἅμα
1241 1581 1308 1620 καὶ
1331 1578 1523 1632 βασιλεὺς

62 1643 320 1702 ἡμερώτατος
349 1654 437 1697 ταῖς
460 1648 533 1701 μὲν
558 1646 861 1704 ἐπανορθώσεσι
889 1650 969 1689 τῶν
991 1646 1237 1703 πραγμάτιον
1264 1649 1330 1688 καὶ
1353 1650 1523 1703 δωρεαῖς

62 1719 142 1758 τῶν
167 1713 354 1771 ὑπηκόων
382 1714 535 1768 ὕπατός
558 1718 663 1759 ἔστιν
689 1717 760 1774 ἐφ’
795 1715 888 1760 ὅσον
918 1715 1022 1767 ἔστι,
1064 1719 1115 1773 τῇ
1141 1715 1184 1759 δὲ
1211 1720 1334 1773 στολῇ
1358 1717 1517 1771 γίνεται,

151 1877 176 1913 4
194 1875 449 1925 έκκεκριμένηὶ)
584 1881 607 1916 9
633 1876 831 1926 ἅνεβέβηκε
855 1879 898 1914 C.

61 2029 100 2061 et
119 2025 573 2070 δευτεροστρατηλατιανοὶ
599 2027 644 2060 ab
670 2025 822 2070 antiquis
849 2025 1024 2059 comitiani
1053 2026 1217 2070 appellati
1234 2030 1327 2061 sunt.
1376 2026 1519 2061 comites

61 2083 147 2106 vero
174 2072 252 2106 Itali
285 2072 412 2106 amicos
436 2072 619 2116 sociosque
640 2072 777 2105 itineris
800 2077 948 2114 vocant,
985 2076 1021 2105 et
1043 2072 1239 2106 comitatum
1263 2073 1420 2116 omnino,
1458 2074 1519 2118 qui

61 2117 253 2163 principem
276 2118 552 2163 proficiscentem
571 2119 791 2151 comitantur.
839 2117 996 2161 magistri
1015 2123 1139 2161 autem,
1164 2130 1264 2164 quem
1281 2126 1419 2163 vocant,
1443 2131 1518 2153 mua

62 2174 127 2197 nus
146 2169 216 2198 tam
236 2166 415 2198 abstrusus
438 2164 576 2207 quidem
598 2164 817 2208 magistratus
840 2175 908 2196 uon
928 2170 994 2207 est,
1018 2163 1182 2198 maximus
1200 2171 1326 2208 tamen,
1349 2173 1454 2210 atque
1473 2167 1519 2201 ad

60 2209 232 2254 praefecti
250 2209 426 2254 praetorio
448 2210 611 2243 honorem
634 2215 910 2254 potestatemque
929 2221 1039 2254 prope
1058 2211 1209 2251 accedit3
1236 2211 1278 2245 de
1299 2223 1365 2255 quo
1386 2213 1429 2246 ad
1454 2225 1517 2246 ex-

60 2262 206 2288 tremum
237 2255 337 2289 huius
372 2255 539 2289 historiae
570 2256 724 2289 dicturus
758 2267 848 2289 sum:
883 2255 1112 2288 recentiorem
1142 2257 1231 2290 enim
1262 2258 1517 2303 antiquioribus

60 2300 319 2345 magistratibus
342 2312 568 2336 annumerare
589 2313 658 2335 non
680 2308 830 2347 oportet,
852 2302 916 2335 sed
939 2312 1040 2346 quem
1058 2306 1192 2347 tempus
1211 2305 1384 2339 concessit
1404 2305 1516 2342 locum

61 2345 96 2380 ei
114 2346 285 2381 tribuere.

152 2415 188 2450 8.
233 2417 414 2462 Exceptus
436 2421 551 2450 tamen
575 2421 629 2451 est
647 2427 834 2461 omnesque
858 2415 1080 2460 magistratus
1104 2428 1210 2462 super
1227 2417 1371 2452 eminuit
1395 2430 1521 2454 consu—

59 2460 162 2506 latus,
185 2462 344 2507 potentia
365 2462 503 2507 quidem
529 2464 751 2507 praefectura
774 2463 894 2506 minor,
919 2463 1051 2496 honore
1071 2469 1185 2497 autem
1203 2464 1330 2498 maior:
1354 2464 1412 2498 illa
1430 2466 1522 2501 enim

59 2512 166 2541 totam
188 2519 261 2542 rem
283 2508 455 2553 publicam
475 2509 580 2554 regit,
605 2510 704 2543 domo
724 2509 810 2543 nihil
833 2510 982 2543 afferens
1008 2514 1044 2542 et
1066 2509 1240 2554 publicum
1258 2510 1523 2553 administrans3

59 2552 118 2586 hic
140 2564 225 2587 vero
249 2553 409 2598 ingentes
432 2556 532 2589 domo
557 2568 642 2600 opes
666 2556 756 2590 nivis
780 2556 892 2589 instar
919 2554 1052 2589 civibus
1076 2556 1277 2600 profundit,
1314 2562 1351 2590 et
1374 2558 1524 2602 tempori

59 2610 184 2633 nomen
206 2598 370 2644 largitur,
394 2601 644 2647 pactionesque
664 2614 783 2635 errore
805 2601 987 2646 prohibet;
1019 2613 1060 2634 ac
1084 2601 1174 2636 bella
1197 2602 1334 2647 quidem
1360 2615 1427 2637 uon
1447 2616 1521 2638 am-

56 2643 148 2689 plius
170 2644 406 2690 administrat,
439 2659 566 2692 parens
595 2660 678 2682 vero
709 2650 856 2693 quodam
885 2648 985 2680 modo
1010 2653 1063 2681 est
1080 2647 1312 2682 Romanorum
1331 2649 1519 2684 libertatis.

57 2691 252 2725 contrarius
276 2692 366 2727 enim
386 2694 564 2736 tyrannidi
585 2701 650 2737 est,
675 2707 787 2740 neque
808 2706 880 2728 eam
906 2693 1074 2727 dominari
1098 2694 1247 2739 patitur:
1279 2695 1398 2740 itaque
1418 2696 1520 2730 simul

57 2741 163 2781 atque
185 2738 333 2783 Brutus,
368 2739 558 2784 pudicitiae
579 2741 708 2774 vindex
733 2748 768 2775 et
793 2739 965 2774 libertatis
986 2746 1247 2784 propugnator,
1284 2741 1434 2776 consulis
1453 2743 1518 2776 ho-

57 2793 143 2816 nore
161 2783 312 2827 effulsit,
349 2784 562 2830 Tarquinius
595 2793 763 2831 tyrannus
787 2786 935 2820 interiit.
983 2793 1103 2820 noster
1124 2799 1210 2820 vero
1235 2793 1336 2833 pater
1358 2788 1457 2822 simul
1482 2795 1519 2822 et

55 2829 350 2865 mansuetissimus
378 2830 588 2878 imperator,
628 2845 700 2868 rem
733 2833 904 2879 publicam
939 2833 1151 2867 emendando
1178 2839 1215 2868 et
1237 2834 1332 2868 cives
1355 2835 1516 2869 donando
