1748 3210
248 247 340 299 148
760 243 981 288 IOANNIS
1019 243 1150 286 LYDI

246 358 436 417 συνήρεσε
478 359 547 401 τὸν
586 353 826 410 καλούμενον
862 351 1171 411 προστήσασθαι
1203 352 1441 413 δικτάτωρα,
1483 357 1575 400 3⁷:⁶1-
1595 355 1667 401 οῦκ

246 428 404 484 ἀγαθὸν
424 425 714 479 πολυκοιρανίη.
783 425 936 472 δισσαῖς
955 417 1024 463 οὖν
1043 430 1131 472 ταῖς
1149 424 1346 478 φροντίσιν
1361 424 1665 482 ἐταλαιπώρουν,

249 497 314 538 καὶ
345 493 390 535 τὸ
426 491 621 546 βασιλέων
651 488 820 539 δεδιότες
851 488 1000 542 ὄνομα,
1033 489 1089 543 μὴ
1113 488 1274 531 λάθοιεν
1298 485 1416 540 αὖθις
1432 493 1666 547 Ταρκυνίοις

249 562 539 616 περιπίπτοντες
565 556 592 610 ἢ
620 560 778 606 πολλοῖς
803 558 867 597 καὶ
889 555 946 610 μὴ
967 562 1245 611 συμφωνοῦσιν
1265 554 1428 611 ἄρχουσι
1446 559 1665 600 διασπαθι-

250 626 415 679 ζόμενοι.
483 623 590 672 ἔδοξε
622 627 828 680 τοιγαροῦν
860 624 1014 673 αὐτοῖς,
1049 622 1103 672 ὥς
1129 624 1299 677 εἴρηται,
1332 622 1400 664 τὸν
1430 623 1696 678 καλούμενονό

250 691 475 747 δικτάτωρα
508 690 625 743 (ἀντὶ
656 694 727 731 τοῦ
755 691 1050 743 μεσοβασιλέα)
1085 688 1410 746 προστήσασθαι,
1442 687 1486 740 (ἐξ
1506 692 1570 733 καὶ
1589 690 1666 744 μό-

249 777 331 808 νοις
352 760 448 812 μησὶ
466 761 537 799 τοῦ
557 755 726 810 κράτους
744 758 851 814 αὐτῷ
869 758 1220 812 περιγραφομένου.
1286 758 1352 798 καὶ
1370 757 1465 806 τέως
1481 754 1667 812 ἁρμόδιον

250 825 349 868 εἶναί
376 841 444 878 μοι
475 826 585 865 δοκεῖ
608 823 842 878 ἑρμηνεῦσαι
869 831 952 872 τοῖς
969 823 1132 877 Ἕλλησι
1172 823 1217 865 τὸ
1261 821 1502 878 δικτάτωρος
1529 823 1668 876 ὄνομα.

248 894 423 948 πατρίως
437 892 564 933 τοίνυν
583 891 620 931 οἱ
631 889 817 943 Ῥωμαῖοι
837 891 904 932 τὸν
921 893 981 931 ἐπὶ
999 891 1135 946 καιρὸν
1151 889 1352 945 μονάρχην
1369 889 1473 931 οὕτω
1491 893 1668 941 καλοῦσι,

247 960 317 1003 τὸν
343 959 399 1012 μὴ
431 956 562 1010 νόμων
584 963 757 1013 γραφαῖς
774 957 825 999 τὰ
845 962 922 998 τῶν
941 955 1123 1010 ὑπηκόων
1144 958 1371 998 διατιθέντα
1389 956 1722 1012 προΐστάμενα,ω

250 1024 316 1068 οἷα
352 1027 392 1066 ἓν
421 1029 568 1079 βραχεῖ
589 1029 660 1078 τῆς
689 1025 814 1079 ἀρχῆς
833 1022 1066 1076 παυόμενον.
1133 1026 1283 1065 δίκαιον
1302 1024 1378 1079 γὰρ
1400 1024 1471 1077 τὴν
1493 1024 1670 1073 ἐξουσίαν

251 1093 374 1146 αὐτὴν
407 1095 594 1132 καλοῦσιν
621 1091 668 1132 οὐ
697 1091 768 1143 τὴν
798 1090 997 1142 καθόλου,
1033 1090 1134 1131 ἀλλὰ
1159 1090 1258 1146 πρὸς
1275 1091 1319 1132 τὸ
1342 1094 1566 1132 λυσιτελοῦν
1590 1096 1672 1139 τοῖς
1717 1145 1720 1148 ἱ

250 1158 478 1216 πράγμασιν
511 1158 572 1198 ἐπὶ
600 1156 746 1212 χρόνον
774 1157 929 1211 βραχὺν
960 1159 1186 1211 διδομένην,
1222 1156 1319 1199 ὥστε
1338 1156 1452 1213 ,λόγῳ
1474 1159 1540 1198 καὶ
1561 1155 1670 1212 μόνῳ

251 1225 558 1281 διορθωθέντων
579 1227 658 1263 τῶν
685 1223 742 1276 μὴ
773 1222 1075 1276 καθεστηκότων
1099 1224 1142 1264 τὸ
1165 1224 1301 1264 λοιπὸν
1319 1223 1388 1264 τὸν
1404 1221 1670 1279 προαγόμενον

252 1294 308 1340 εἷς
339 1291 411 1344 τὴν
440 1290 635 1345 προτέραν
665 1288 786 1342 τύχην
814 1290 1084 1344 ἀναστρέφειν.
1151 1288 1235 1341 ἅμα
1263 1290 1339 1344 γὰρ
1359 1289 1408 1331 τὰ
1427 1288 1670 1344 πεπονηκότα
1683 1295 1724 1331 15

249 1356 514 1414 ἐθεράπευσεν
534 1354 554 1396 ὃ
577 1355 792 1411 δικτάτωρ,
828 1354 913 1408 ἅμα
934 1360 1004 1408 τῆς
1025 1356 1150 1410 ἀρχῆς
1169 1354 1437 1396 ἀπεπαύσατο.

385 1424 462 1467 37.
527 1424 811 1478 Χειροτονοῦσι
842 1423 971 1464 τοίνυν
1002 1421 1225 1478 δικτάτωρα
1252 1426 1408 1478 πρῶτον
1434 1421 1471 1463 οἶ
1486 1419 1672 1474 Ῥωμαῖοι

252 1492 373 1533 Τι’τον
408 1488 623 1544 Μάρκιον,
669 1489 712 1538 ὃς
748 1489 834 1541 ἅμα
861 1494 932 1542 τῆς
963 1489 1088 1543 ἀρχῆς
1117 1487 1351 1541 ἐπελάβετο,
1394 1487 1466 1530 δύο
1499 1486 1673 1537 ὑπάτους

250 1554 536 1613 προεστήσατο.
605 1555 651 1596 οὗ
677 1556 755 1609 μὴν
773 1553 918 1611 χρόνον
938 1555 1055 1611 ὥρισε
1077 1556 1177 1596 καθ’
1201 1554 1245 1596 ὃν
1266 1555 1315 1596 ἂν
1331 1561 1619 1610 χειροτονοΐντο
1635 1554 1673 1595 οἱ

250 1624 415 1665 ὕπατοι·
443 1621 628 1676 νεώτερον
649 1621 724 1677 γάρ
745 1623 826 1664 ἔστι
848 1622 892 1664 τὸ
913 1622 1014 1667 κατὰ
1035 1622 1102 1664 τὸν
1116 1622 1357 1678 Ἰανουάριον
1375 1626 1483 1676 μῆνα
1497 1621 1726 1677 προϊέναιῖθ

250 1692 320 1734 τὸν
339 1689 501 1730 ὕπατον.
569 1689 733 1745 ἐνιαυτῷ
756 1690 798 1729 δὲ
813 1688 922 1744 μόνῳ
943 1689 1012 1742 τὴν
1033 1688 1183 1730 ὕπατον
1203 1690 1400 1731 ἐπίστευσε
1415 1687 1545 1742 τιμήν,
1573 1705 1673 1729 παν-

253 1760 379 1811 ταχοῦ
403 1754 607 1810 Ῥωμαίων
639 1762 725 1805 ταῖς
755 1756 986 1810 ἐναλλαγαῖς
1011 1755 1242 1812 χαιρόντων.
1309 1755 1437 1797 πάντα
1463 1756 1506 1797 δὲ
1529 1755 1578 1796 τὰ
1603 1758 1674 1807 τῆς

340 1863 363 1898 3
395 1864 474 1906 post
506 1861 719 1905 Ταρκυνίοις
748 1861 865 1906 omisi,
900 1860 991 1905 quod
1012 1871 1054 1894 ex
1074 1860 1254 1905 postremis
1276 1860 1417 1904 syllabis
1433 1860 1521 1895 male
1538 1859 1674 1893 iteratis

340 1912 476 1941 enatum
494 1911 585 1950 erat,
611 1909 758 1945 κοινοῖς.
893 1906 916 1939 4
934 1904 1275 1948 διασπαθιζομένοις
1292 1907 1333 1939 C.
1467 1907 1488 1940 7
1506 1915 1674 1948 περιγρα-

339 1949 487 1995 φομὲνω
505 1953 548 1984 C.
685 1953 728 1985 10
749 1963 791 1985 an
814 1949 1032 1994 πράγματαξ)
1167 1952 1207 1984 11
1231 1949 1497 1993 δικτατοῦρανὶ)

276 2051 351 2074 uem
385 2040 584 2073 dictatorem
614 2043 760 2083 vocant,
799 2038 927 2082 creari,
965 2038 1046 2083 quia
1075 2050 1143 2072 non
1163 2040 1254 2072 bona
1276 2039 1452 2073 multorum
1475 2037 1674 2073 dominatio.

252 2052 380 2138 duplici
402 2085 519 2127 itaque
542 2096 623 2117 cura
646 2086 867 2128 angebantur,
892 2089 927 2117 et
948 2095 1065 2126 regum
1088 2095 1208 2117 nomen
1231 2089 1428 2127 metuentes,
1449 2095 1494 2117 ne
1514 2082 1677 2128 opinione

254 2131 354 2164 citius
379 2134 437 2162 aut
460 2128 496 2161 in
519 2129 728 2172 Tarquinios
751 2129 871 2162 iterum
894 2128 1095 2172 inciderent,
1123 2135 1182 2162 aut
1198 2140 1219 2162 a
1234 2128 1346 2162 multis
1369 2140 1432 2162 nec
1452 2126 1677 2162 concordibus

254 2173 507 2217 magistratibus
531 2174 809 2207 dilacerarentur.
855 2184 962 2216 quare
983 2174 1092 2206 visum
1114 2173 1178 2218 iis,
1212 2178 1248 2207 ut
1281 2173 1443 2216 diximus,
1475 2173 1675 2206 dictatorem

255 2219 315 2262 (id
339 2223 390 2251 est
411 2218 639 2262 interregem)
673 2230 810 2260 creare,
843 2218 939 2251 cuius
962 2218 1139 2262 imperium
1168 2230 1228 2252 sex
1251 2223 1380 2252 tantum
1412 2218 1583 2252 mensibus
1606 2216 1674 2251 cir—

254 2263 547 2299 cumscriberetur.
596 2268 699 2306 atque
720 2263 783 2296 hoc
806 2263 879 2295 loco
903 2269 1163 2296 consentaneum
1190 2263 1269 2296 mihi
1296 2263 1435 2298 videtur
1453 2262 1598 2297 Graeci·
1619 2261 1674 2295 di-

254 2308 396 2344 ctatoris
430 2318 550 2342 nomen
581 2307 813 2353 interpretari.
859 2307 972 2351 patrio
1005 2319 1158 2341 sermone
1187 2307 1293 2351 igitur
1314 2308 1364 2340 ita
1386 2313 1511 2350 vocant
1529 2305 1674 2341 Romani

255 2365 330 2388 eum
358 2352 417 2397 qni
449 2351 650 2396 singularem
682 2356 883 2397 potestatem
908 2352 951 2385 ad
972 2355 1105 2398 tempus
1131 2358 1245 2396 tenet,
1275 2363 1406 2396 neque,
1438 2352 1515 2386 dum
1538 2355 1676 2396 praeest

253 2398 306 2434 rei
323 2397 497 2443 publicae,
522 2396 660 2442 scriptis
685 2409 758 2431 eam
780 2396 912 2440 legibus
933 2396 1087 2441 ordinat,
1110 2396 1237 2442 quippe
1260 2396 1358 2430 brevi
1379 2396 1555 2440 imperium
1578 2395 1673 2441 posi-

250 2450 359 2477 turus.
405 2442 527 2476 iustam
560 2442 648 2475 enim
680 2441 728 2474 illi
762 2446 964 2487 potestatem
998 2448 1124 2475 vocant
1153 2452 1219 2474 non
1251 2452 1400 2483 omnem,
1434 2441 1494 2474 sed
1526 2451 1588 2486 pro
1621 2439 1674 2474 rei

251 2487 409 2534 publicae
440 2485 585 2521 utilitate
612 2487 656 2519 ad
686 2487 792 2520 breve
821 2491 952 2531 tempus
976 2487 1104 2528 datam3
1140 2492 1177 2519 ut
1198 2486 1262 2519 hac
1285 2486 1321 2519 in
1344 2486 1511 2529 integrum
1532 2484 1674 2519 oonsilio

254 2537 383 2567 tantum
401 2531 576 2573 restituta,
601 2531 760 2576 deinceps
782 2531 830 2576 is,
859 2532 914 2564 cui
938 2531 1018 2565 data
1039 2532 1102 2574 sit,
1129 2531 1171 2564 ad
1197 2531 1342 2575 priorem
1365 2531 1595 2564 condicionem
1617 2540 1674 2563 re·

254 2582 421 2612 vertatur.
469 2577 591 2610 etenim
625 2576 723 2610 simul
756 2587 797 2610 ac
831 2575 1039 2611 laborantem
1071 2575 1123 2610 rei
1154 2576 1310 2621 publicae
1343 2581 1476 2621 partem
1507 2579 1672 2618 sanasset,

255 2622 402 2656 dictator
425 2621 599 2666 imperium
621 2623 781 2666 ponebat.

343 2667 401 2702 37.
447 2666 594 2700 Primum
614 2666 719 2710 igitur
740 2666 938 2699 dictatorem
961 2668 1078 2699 creant
1099 2665 1243 2699 Romani
1267 2665 1313 2698 T.
1333 2664 1518 2707 Marcium,
1543 2663 1601 2708 qui
1624 2663 1672 2696 si-

252 2711 319 2745 mul
344 2716 446 2755 atque
467 2711 643 2755 imperium
666 2722 706 2744 ca
732 2710 871 2754 essivit,
901 2712 984 2743 duos
1009 2710 1161 2743 consules
1185 2709 1382 2743 nominavit.
1429 2719 1539 2753 neque
1558 2714 1673 2742 tamen

251 2759 386 2799 tempus
405 2757 580 2790 constituit
602 2767 668 2800 quo
691 2768 709 2788 e
723 2756 894 2799 igerentur
916 2755 1085 2788 consules:
1110 2767 1186 2788 nam
1205 2761 1241 2789 ut
1259 2766 1374 2788 mense
1394 2753 1553 2787 Ianuario
1575 2763 1671 2786 crea-

252 2807 347 2834 retur
370 2801 503 2844 consul,
540 2801 706 2846 posterius
729 2801 931 2834 institutum.
978 2811 1101 2833 aunum
1123 2812 1205 2833 vero
1231 2800 1373 2844 amplius
1396 2797 1582 2832 consulatui
1605 2807 1673 2830 non

252 2846 441 2891 concessit,
473 2846 712 2881 mutationibus
735 2845 861 2890 ubique
882 2845 1105 2890 gaudentibus
1127 2844 1302 2879 Romanis.
1350 2843 1462 2878 omnia
1483 2848 1593 2877 autem
1616 2853 1671 2876 re—
