1748 3210
215 213 308 260 126
540 246 541 249 ,
732 208 951 252 IOANNIS
983 207 1117 251 LYDI
1160 244 1162 246 ,

210 326 380 367 νατίωνα
397 323 469 377 τὴν
487 321 712 378 τυραννίδα.
779 317 835 368 ὥς
855 319 1162 374 καταρρίπτουσι
1187 318 1258 374 τὴν
1281 321 1473 374 βασιλέων
1500 340 1624 379 μεγα-

211 391 391 446 λειότητα
413 391 450 432 οἱ
471 390 634 443 πονηροὶ
657 386 840 435 κόλακες,
869 387 910 435 ἐξ
933 386 1130 439 ἇμαθείας
1151 386 1302 428 δούλων
1319 390 1430 437 αὐτοὶ
1449 391 1625 448 πρωτεύ-

209 476 264 500 ειν
298 456 526 511 εἰσάγοντες.
593 453 652 495 ὅτι
683 454 726 494 δὲ
759 453 930 506 ἀληθές,
972 451 1097 502 ἔξεστι
1126 454 1192 494 καὶ
1226 454 1268 494 ἐκ
1299 454 1447 498 τούτων
1478 461 1626 511 λαβεῖν.

209 521 444 579 Αὕγουστός
461 538 553 562 ποτε
565 551 578 571 ,
610 519 635 574 ἢ
658 519 761 573 τάχα
784 520 968 575 Τιβέριος
988 518 1008 560 ὅ
1030 519 1118 573 μετ’
1142 517 1261 560 αὐτόν
1268 551 1281 571 ,
1315 522 1414 578 πρὸς
1439 521 1523 573 ἑνὸς
1549 529 1628 566 τῶν

211 589 388 634 κολάκων
419 586 610 641 δεσπότης
635 586 871 639 ὀνομασθείς
881 619 893 638 ,
932 587 1147 636 ἐξαναστὰς
1175 586 1302 643 ἀφῆκε
1331 588 1399 630 τὸν
1426 589 1660 646 σύλλαγον,5

211 654 440 706 ἀπαξιώσας
449 686 462 706 ,
499 653 553 703 ὡς
574 654 671 709 ἔφη,
706 653 862 703 δούλοις
881 656 1145 709 διαλέγεσθαι.
1213 654 1304 695 ἀλλ’
1336 654 1413 709 ἤδη
1443 654 1631 713 πρότερον

212 725 341 778 ὥσπερ
362 725 402 764 ἐν
419 726 512 777 τιμῇ
533 725 602 775 τῆς
622 720 776 776 ὕβρεως
796 723 1069 776 εἶσαχθείσης,
1099 721 1273 773 ἀνέχεται
1291 719 1317 775 ἦ
1337 726 1407 763 τοῦ
1426 719 1632 778 ἦμερωτά-

210 807 280 834 του
301 789 496 843 βασιλέως
515 787 626 841 ἡμῶν
647 790 827 830 ἐπιείκεια
839 820 852 840 ,
899 791 1034 845 καίπερ
1062 787 1160 844 ὑπὲρ
1190 787 1339 838 πάντας
1366 788 1458 838 τοὺς
1481 787 1634 832 πώποτε

210 855 540 912 βεβασιλευκότας
561 855 853 911 μετριάζοντος,
892 858 958 897 καὶ
987 854 1178 908 δεσπότης
1208 854 1290 897 οἷον
1319 857 1449 911 πατὴρ
1481 855 1636 910 ἀγαθὸς

214 923 503 977 ὀνομάζεσθαι,
547 923 618 976 οὐχ
646 922 706 964 ὅτι
733 925 883 978 χαίρει,
929 923 1019 964 ἀλλ’
1041 925 1212 983 ἐρυθριᾷ
1232 926 1384 978 μᾶλλον
1407 922 1500 972 τοὺς
1518 927 1635 977 τιμᾶν
1645 929 1688 965 10

213 992 416 1045 οἰομένους
434 992 560 1031 δοκεῖν
578 989 636 1041 μὴ
657 991 908 1044 προσίεσθαι.

348 1057 392 1101 7.
460 1058 543 1098 Καὶ
563 1056 638 1111 πρὸ
652 1054 854 1108 Ῥωμύλου
878 1057 1048 1109 ἐπίσημα
1069 1060 1139 1108 τῆς
1157 1055 1348 1096 Λατίνων
1366 1055 1570 1108 βασιλείας
1589 1050 1639 1110 ἦν

215 1123 364 1181 θρόνος
394 1122 620 1179 δρύφακτος
650 1125 714 1163 καὶ
744 1123 865 1175 στολὴ
897 1121 921 1176 ἡ
947 1123 1130 1176 λεγομένη
1155 1121 1256 1177 παρ’
1287 1122 1420 1172 αὐτοῖς
1439 1124 1639 1178 τραβαία·

213 1191 375 1243 ποδαπὴ
399 1191 444 1231 δέ
463 1207 522 1238 τις
545 1185 614 1242 ἦν,
643 1190 783 1244 μικρὸν
803 1188 966 1244 ὕστερον
983 1190 1075 1243 ἐρῶ.
1142 1188 1238 1229 ὅθεν
1263 1187 1284 1229 ὃ
1299 1187 1503 1243 Ῥωμαίων
1523 1206 1640 1243 ποιη-

214 1257 306 1311 τής,
350 1258 390 1297 ἐν
417 1258 560 1312 βιβλίῳ
592 1253 749 1312 ἑβδόμῳ
784 1260 855 1308 τῆς
876 1257 1070 1308 Αἲνηΐδος
1097 1254 1169 1308 τὴν
1191 1255 1372 1296 Λατίνου
1407 1255 1639 1313 διαγράφων
1651 1262 1692 1297 15

214 1324 440 1378 βασιλείαν,
479 1320 631 1378 θρόνου
664 1324 730 1362 καὶ
758 1323 954 1377 τραβαίας
976 1322 1251 1374 διαμέμνηται.
1316 1326 1373 1378 τῷ
1393 1338 1436 1377 γε
1451 1322 1531 1376 μὴν
1542 1322 1640 1365 Ῥω·-

212 1390 328 1446 μύλῳ
351 1391 415 1431 καὶ
439 1390 632 1445 στέφανος
652 1384 720 1442 ἦν,
755 1390 820 1430 καὶ
847 1393 1044 1444 σκῆπτρον
1063 1388 1175 1430 ἀετὸν
1197 1387 1286 1441 ἕχον
1306 1388 1370 1429 ἐπ’
1396 1389 1542 1446 ι’ίκρου,
1576 1391 1642 1431 καὶ

218 1456 410 1514 φαινόλης
435 1457 570 1506 λευκὸς
598 1455 796 1511 ποδήρης,
841 1456 919 1497 ἀπὸ
945 1461 1022 1497 τῶν
1046 1455 1164 1508 ὤμων
1185 1455 1409 1511 ἔμπροσθεν
1428 1457 1544 1512 μέχρι
1567 1474 1642 1499 πο-

217 1528 312 1574 δῶν,
346 1530 566 1579 πορφυροῖς
586 1522 818 1579 ’ὑφάσμασιν
839 1524 1138 1579 ἓρραβδωμένος
1164 1522 1309 1576 (ὄνομα
1329 1525 1372 1564 δὲ
1398 1527 1455 1580 τῷ
1473 1522 1642 1579 φαινόλῃ

215 1590 315 1646 τόγα
337 1591 452 1632 οἱονεὶ
471 1591 697 1643 σκέπασμα,
741 1590 818 1631 ἀπὸ
852 1594 924 1631 τοῦ
954 1590 1090 1645 τέγερε.Υ
1117 1590 1206 1630 κατ’
1243 1590 1505 1644 ἀντίστοιχον·
1539 1589 1698 1632 οὕτωΞΟ

217 1658 296 1714 γὰρ
315 1657 359 1699 τὸ
377 1658 530 1699 σκέπειν
542 1656 728 1710 Ῥωμαῖοι
750 1658 945 1710 καλοῦσι),
964 1658 1029 1697 καὶ
1046 1655 1234 1710 ὑπόδημα
1251 1661 1471 1713 φοινικοῦν·
1492 1656 1643 1714 κόθορ-

217 1741 286 1774 νος
309 1723 433 1777 ὅνομα
464 1723 595 1781 αὐτῷ,
642 1724 743 1765 κατὰ
769 1724 838 1766 τὸν
862 1722 1073 1778 Κοκκήϊον.
1139 1726 1205 1766 καὶ
1234 1723 1363 1766 κοινὸν
1388 1719 1437 1779 ἦν
1465 1726 1574 1766 τουτὶ
1597 1725 1642 1767 τὸ

308 1830 331 1864 2
357 1840 401 1862 an
423 1825 587 1868 αὐτούς’.)
729 1829 752 1863 4
775 1831 821 1864 cf.
847 1830 890 1863 de
907 1829 1085 1863 Mensibus
1109 1841 1144 1874 p.
1168 1829 1224 1863 50.
1362 1830 1403 1864 15
1426 1830 1511 1864 Aen.
1532 1831 1555 1865 7
1579 1830 1644 1865 169

309 1880 345 1908 et
369 1875 445 1907 188.
584 1875 625 1907 19
647 1872 919 1918 ῥεραβδωμένος
944 1875 985 1909 C.
1011 1886 1108 1918 quem
1131 1875 1190 1908 ubi
1212 1874 1410 1920 simpliciter
1431 1882 1542 1919 pono,
1567 1887 1646 1908 cor-

309 1924 406 1952 recta
430 1918 529 1952 lectio
553 1919 698 1953 debetur
720 1921 859 1954 Fussio.
993 1917 1169 1963 φαινόλης
1192 1920 1235 1955 C.
1357 1921 1403 1954 22
1425 1918 1580 1963 κοκκήον
1603 1920 1646 1964 C,

309 1975 454 1998 κοκκιον
475 1976 591 1997 manus
614 1966 799 1998 recentior.

222 2058 316 2088 munt
338 2052 444 2096 igitur
466 2053 655 2098 principum
678 2055 889 2088 maiestatem
916 2054 1016 2099 pravi
1047 2054 1258 2097 adulatores,
1289 2053 1482 2098 ignorantia
1509 2064 1648 2097 morem,

222 2110 290 2143 quo
314 2098 383 2142 ipsi
403 2098 504 2142 primi
524 2110 700 2132 servorum
722 2101 802 2142 sint,
825 2100 1038 2133 inducentes.
1064 2101 1155 2143 quod
1178 2111 1295 2133 verum
1318 2111 1394 2133 esse
1414 2111 1458 2132 ex
1476 2099 1528 2132 his
1547 2099 1650 2132 etiam

222 2144 385 2186 colligere
405 2143 498 2176 licet.
545 2145 717 2187 Augustus
737 2145 937 2188 aliquando,
966 2144 1022 2177 vel
1041 2146 1190 2178 fortasse
1208 2145 1388 2187 Tiberius,
1423 2144 1482 2188 qui
1498 2143 1548 2176 illi
1568 2154 1647 2176 suc-

223 2189 347 2230 cessit,
381 2188 424 2220 ab
444 2187 654 2222 adulatorum
673 2201 739 2223 uno
760 2190 913 2224 dominus
932 2189 1143 2233 appellatus,
1177 2189 1325 2223 surrexit
1351 2189 1546 2233 dimisitque
1564 2199 1647 2221 con-

167 2275 169 2278 ,
223 2234 373 2275 cionem,
405 2232 579 2275 indIgnum
611 2246 668 2276 se,
701 2241 740 2268 ut
760 2235 895 2277 aiebat,
927 2240 1088 2278 reputans
1107 2246 1181 2268 cum
1199 2235 1308 2268 servis
1327 2233 1485 2278 colloqui.
1530 2243 1647 2266 verum

225 2275 300 2312 cum
316 2278 383 2310 iam
401 2283 502 2310 antea
519 2283 557 2311 ut
579 2278 685 2312 honos
709 2279 894 2323 ignominia
915 2279 1109 2313 introducta
1127 2280 1184 2322 sit,
1205 2279 1464 2313 mansuetissimi
1482 2277 1647 2322 principis

225 2323 335 2357 nostri
353 2322 530 2364 modestia,
554 2324 708 2366 quamvis
726 2324 957 2358 moderatione
975 2336 1090 2357 omnes
1109 2325 1254 2358 omnium
1271 2330 1457 2368 temporum
1475 2322 1647 2366 principes

225 2369 424 2410 antecedat,
458 2372 494 2400 et
515 2368 642 2401 domini
671 2381 792 2402 nomen
819 2368 926 2402 veluti
953 2370 1036 2402 boni
1058 2369 1208 2413 parentis
1229 2369 1376 2413 patitur,
1408 2379 1475 2401 non
1496 2367 1648 2410 gaudens

226 2424 281 2457 eo,
305 2413 366 2446 sed
386 2423 508 2445 verens
530 2413 643 2456 potius
666 2426 708 2447 ne
730 2414 789 2458 qui
809 2414 968 2447 venerari
986 2426 1023 2447 se
1046 2414 1255 2447 arbitrentur
1270 2413 1416 2446 reiicere
1431 2412 1601 2445 videatur.

315 2459 349 2492 7.
394 2457 466 2490 Iam
489 2463 568 2490 ante
589 2459 768 2492 Romulum
789 2459 938 2503 insignia
958 2459 1156 2492 Latinorum
1176 2459 1274 2502 regni
1292 2463 1389 2491 erant
1405 2458 1546 2490 thronus
1564 2467 1645 2489 can-

226 2501 367 2536 cellatus
392 2507 428 2536 et
448 2501 576 2545 vestis,
611 2515 709 2547 quam
728 2504 794 2548 ipsi
815 2506 967 2537 trabeam
986 2504 1124 2544 dicunt3
1157 2515 1244 2548 quae
1262 2503 1370 2548 qualis
1393 2501 1515 2545 fuerit,
1546 2500 1647 2545 paulo

225 2552 306 2591 post
331 2547 476 2580 dicetur.
522 2549 611 2582 unde
633 2553 731 2581 vates
750 2550 943 2592 Romanus,
975 2550 1011 2582 in
1032 2549 1120 2583 libro
1143 2549 1287 2593 septimo
1310 2546 1499 2588 Aeneidos,
1530 2544 1648 2578 Latini

224 2592 355 2635 regiam
378 2591 576 2626 describens
596 2593 713 2627 throni
735 2598 771 2627 et
791 2595 932 2627 trabeae
954 2594 1116 2627 meminit.
1141 2599 1178 2627 at
1199 2593 1342 2627 Romulo
1363 2602 1488 2624 corona
1509 2590 1650 2634 insuper

226 2642 312 2679 erat,
335 2643 574 2681 sceptrumque
590 2637 627 2672 in
643 2649 770 2672 summo
789 2638 934 2683 aquilam
953 2650 1097 2682 gerens,
1118 2643 1163 2672 'et
1181 2637 1304 2683 penula
1322 2636 1419 2678 alba,
1441 2633 1579 2677 talaris,
1603 2635 1646 2667 ab

228 2681 376 2715 humeris
403 2682 440 2715 in
466 2684 630 2716 anteriori
658 2689 756 2727 parte
787 2685 831 2717 ad
859 2685 964 2727 pedes
997 2683 1117 2728 pannis
1147 2682 1326 2728 purpureis
1357 2681 1493 2724 virgata
1509 2680 1647 2722 (nomen

227 2731 340 2759 autem
362 2726 506 2771 penulae
527 2733 620 2772 toga,
645 2728 682 2762 id
704 2734 758 2762 est
773 2733 1014 2772 tegumentum,
1037 2729 1141 2772 idque
1162 2740 1224 2772 per
1241 2725 1455 2761 antistichum
1471 2735 1494 2758 a
1508 2729 1628 2767 tegere
1636 2733 1646 2774 Ξ

228 2769 279 2803 sic
309 2771 397 2804 enim
419 2772 544 2806 Latine
572 2771 616 2808 τὸ
646 2771 789 2807 σκέπειν
817 2773 986 2816 dicitur),
1017 2778 1054 2807 et
1081 2773 1341 2807 calceamentum
1362 2769 1557 2820 puniceum,
1592 2777 1647 2800 cm

227 2825 349 2849 nomen
369 2817 553 2852 cothurnus
564 2844 574 2863 ‚
597 2819 782 2853 secundum
804 2818 1042 2853 Cocceianum.
1088 2823 1228 2862 eratque
1246 2816 1332 2850 haec
1349 2821 1432 2858 toga
1449 2820 1544 2858 pacm
1560 2815 1646 2846 tem-
