<?xml version="1.0" encoding="UTF-8"?>
<!DOCTYPE html PUBLIC "-//W3C//DTD XHTML 1.0 Transitional//EN"
    "http://www.w3.org/TR/xhtml1/DTD/xhtml1-transitional.dtd">
<html xmlns="http://www.w3.org/1999/xhtml" xml:lang="en" lang="en">
 <head>
  <title>
</title>
<meta http-equiv="Content-Type" content="text/html;charset=utf-8" />
  <meta name='ocr-system' content='tesseract 3.04.00' />
  <meta name='ocr-capabilities' content='ocr_page ocr_carea ocr_par ocr_line ocrx_word'/>
</head>
<body>
  <div class='ocr_page' id='page_1' title='image "./corpusscriptorum27niebuoft/corpusscriptorum27niebuoft_0293.png"; bbox 0 0 1748 3210; ppageno 0'>
   <div class='ocr_carea' id='block_1_1' title="bbox 410 187 1600 242">
    <p class='ocr_par' dir='ltr' id='par_1_1' title="bbox 410 187 1600 242">
     <span class='ocr_line' id='line_1_1' title="bbox 410 187 1600 242; baseline -0.008 -1"><span class='ocrx_word' id='word_1_1' title='bbox 410 197 487 242; x_wconf 90' lang='lat' dir='ltr'><strong>DE</strong></span> <span class='ocrx_word' id='word_1_2' title='bbox 517 193 959 240; x_wconf 84' lang='lat' dir='ltr'>MAGISTRATIBUS</span> <span class='ocrx_word' id='word_1_3' title='bbox 986 193 1032 237; x_wconf 91' lang='lat' dir='ltr'><strong>P.</strong></span> <span class='ocrx_word' id='word_1_4' title='bbox 1060 191 1113 236; x_wconf 91' lang='lat' dir='ltr'><strong>R.</strong></span> <span class='ocrx_word' id='word_1_5' title='bbox 1148 189 1251 233; x_wconf 88' lang='lat' dir='ltr'><strong>LIB.</strong></span> <span class='ocrx_word' id='word_1_6' title='bbox 1279 189 1354 234; x_wconf 85' lang='lat'>111.</span> <span class='ocrx_word' id='word_1_7' title='bbox 1501 187 1600 232; x_wconf 79' lang='lat'><strong>223</strong></span> 
     </span>
    </p>
   </div>
   <div class='ocr_carea' id='block_1_2' title="bbox 86 300 1607 1810">
    <p class='ocr_par' dir='ltr' id='par_1_2' title="bbox 86 300 1607 1810">
     <span class='ocr_line' id='line_1_2' title="bbox 150 300 1600 370; baseline -0.01 -11"><span class='ocrx_word' id='word_1_8' title='bbox 150 316 219 361; x_wconf 83' lang='grc' dir='ltr'><strong>καὶ</strong></span> <span class='ocrx_word' id='word_1_9' title='bbox 234 318 306 370; x_wconf 83' lang='grc' dir='ltr'><strong>τῆς</strong></span> <span class='ocrx_word' id='word_1_10' title='bbox 327 311 405 356; x_wconf 78' lang='grc' dir='ltr'><strong>ἀπὸ</strong></span> <span class='ocrx_word' id='word_1_11' title='bbox 424 316 506 356; x_wconf 80' lang='grc' dir='ltr'><strong>τῶν</strong></span> <span class='ocrx_word' id='word_1_12' title='bbox 528 309 781 369; x_wconf 75' lang='grc' dir='ltr'><strong><em>κρατούντων</em></strong></span> <span class='ocrx_word' id='word_1_13' title='bbox 798 311 961 362; x_wconf 73' lang='grc' dir='ltr'><strong><em>αἰδοῦς,</em></strong></span> <span class='ocrx_word' id='word_1_14' title='bbox 1001 309 1067 351; x_wconf 84' lang='grc' dir='ltr'><strong>καὶ</strong></span> <span class='ocrx_word' id='word_1_15' title='bbox 1089 306 1135 350; x_wconf 82' lang='grc' dir='ltr'><strong><em>τὸ</em></strong></span> <span class='ocrx_word' id='word_1_16' title='bbox 1158 305 1209 362; x_wconf 81' lang='grc' dir='ltr'><strong>δὴ</strong></span> <span class='ocrx_word' id='word_1_17' title='bbox 1231 303 1390 348; x_wconf 82' lang='grc' dir='ltr'><strong><em>πάντων</em></strong></span> <span class='ocrx_word' id='word_1_18' title='bbox 1410 300 1600 359; x_wconf 83' lang='grc' dir='ltr'><strong><em>γλυκύτε-</em></strong></span> 
     </span>
     <span class='ocr_line' id='line_1_3' title="bbox 151 374 1602 443; baseline -0.011 -15"><span class='ocrx_word' id='word_1_19' title='bbox 151 401 236 443; x_wconf 84' lang='grc' dir='ltr'><strong><em>ρον,</em></strong></span> <span class='ocrx_word' id='word_1_20' title='bbox 261 385 303 426; x_wconf 75' lang='grc' dir='ltr'><strong><em>ἔν</em></strong></span> <span class='ocrx_word' id='word_1_21' title='bbox 321 382 449 425; x_wconf 76' lang='grc' dir='ltr'><strong><em>ἀνέσει</em></strong></span> <span class='ocrx_word' id='word_1_22' title='bbox 469 381 538 424; x_wconf 83' lang='grc' dir='ltr'><strong>τὸν</strong></span> <span class='ocrx_word' id='word_1_23' title='bbox 558 382 649 434; x_wconf 83' lang='grc' dir='ltr'><strong><em>βίον</em></strong></span> <span class='ocrx_word' id='word_1_24' title='bbox 670 380 942 437; x_wconf 78' lang='grc' dir='ltr'><strong><em>παρέδραμον.</em></strong></span> <span class='ocrx_word' id='word_1_25' title='bbox 980 375 1007 432; x_wconf 77' lang='grc' dir='ltr'>ἦ</span> <span class='ocrx_word' id='word_1_26' title='bbox 1032 378 1075 420; x_wconf 76' lang='grc' dir='ltr'><strong>δὲ</strong></span> <span class='ocrx_word' id='word_1_27' title='bbox 1095 374 1303 432; x_wconf 81' lang='grc' dir='ltr'><strong><em>πάνσοφος</em></strong></span> <span class='ocrx_word' id='word_1_28' title='bbox 1321 375 1410 427; x_wconf 82' lang='grc' dir='ltr'><strong><em>δίκη</em></strong></span> <span class='ocrx_word' id='word_1_29' title='bbox 1434 374 1602 422; x_wconf 83' lang='grc' dir='ltr'><strong><em>δικαίοις</em></strong></span> 
     </span>
     <span class='ocr_line' id='line_1_4' title="bbox 147 440 1602 508; baseline -0.009 -13"><span class='ocrx_word' id='word_1_30' title='bbox 147 469 200 508; x_wconf 83' lang='grc' dir='ltr'><strong>με</strong></span> <span class='ocrx_word' id='word_1_31' title='bbox 217 451 563 508; x_wconf 76' lang='grc' dir='ltr'><strong><em>παραμυθουμένη</em></strong></span> <span class='ocrx_word' id='word_1_32' title='bbox 580 447 744 505; x_wconf 87' lang='grc' dir='ltr'><strong><em>τρόποις</em></strong></span> <span class='ocrx_word' id='word_1_33' title='bbox 762 454 844 497; x_wconf 80' lang='grc' dir='ltr'><strong><em>τοῖς</em></strong></span> <span class='ocrx_word' id='word_1_34' title='bbox 860 448 933 502; x_wconf 73' lang='grc' dir='ltr'><strong>μὲν</strong></span> <span class='ocrx_word' id='word_1_35' title='bbox 951 443 1234 503; x_wconf 79' lang='grc' dir='ltr'><strong><em>στρατιώταις,</em></strong></span> <span class='ocrx_word' id='word_1_36' title='bbox 1264 441 1319 494; x_wconf 81' lang='grc' dir='ltr'><strong>ὡς</strong></span> <span class='ocrx_word' id='word_1_37' title='bbox 1338 442 1438 500; x_wconf 65' lang='grc' dir='ltr'><strong><em>ἔφην</em></strong></span> <span class='ocrx_word' id='word_1_38' title='bbox 1449 473 1462 493; x_wconf 92' lang='grc'><strong><em>,</em></strong></span> <span class='ocrx_word' id='word_1_39' title='bbox 1491 440 1602 482; x_wconf 76' lang='grc' dir='ltr'><strong><em>αἰδέ-</em></strong></span> 
     </span>
     <span class='ocr_line' id='line_1_5' title="bbox 149 512 1602 575; baseline -0.008 -12"><span class='ocrx_word' id='word_1_40' title='bbox 149 537 268 575; x_wconf 85' lang='grc' dir='ltr'><strong><em>σιμον</em></strong></span> <span class='ocrx_word' id='word_1_41' title='bbox 298 520 442 570; x_wconf 67' lang='grc' dir='ltr'><strong><em>ἔδειξε,</em></strong></span> <span class='ocrx_word' id='word_1_42' title='bbox 481 525 565 568; x_wconf 79' lang='grc' dir='ltr'><strong><em>τοῖς</em></strong></span> <span class='ocrx_word' id='word_1_43' title='bbox 595 518 638 560; x_wconf 74' lang='grc' dir='ltr'><strong>δὲ</strong></span> <span class='ocrx_word' id='word_1_44' title='bbox 665 516 855 573; x_wconf 75' lang='grc' dir='ltr'><strong><em>ἄρχουσιν</em></strong></span> <span class='ocrx_word' id='word_1_45' title='bbox 887 515 960 558; x_wconf 77' lang='grc' dir='ltr'><strong>οὐκ</strong></span> <span class='ocrx_word' id='word_1_46' title='bbox 994 513 1163 565; x_wconf 78' lang='grc' dir='ltr'><strong><em>ἀπάξιον</em></strong></span> <span class='ocrx_word' id='word_1_47' title='bbox 1193 516 1325 567; x_wconf 84' lang='grc' dir='ltr'><strong><em>τιμῆς.</em></strong></span> <span class='ocrx_word' id='word_1_48' title='bbox 1393 512 1459 554; x_wconf 84' lang='grc' dir='ltr'><strong>καὶ</strong></span> <span class='ocrx_word' id='word_1_49' title='bbox 1483 513 1602 553; x_wconf 78' lang='grc' dir='ltr'><strong><em>τοῦτο</em></strong></span> 
     </span>
     <span class='ocr_line' id='line_1_6' title="bbox 115 578 1603 644; baseline -0.008 -12"><span class='ocrx_word' id='word_1_50' title='bbox 115 590 273 644; x_wconf 57' lang='lat' dir='ltr'><strong>samma</strong></span> <span class='ocrx_word' id='word_1_51' title='bbox 294 589 337 630; x_wconf 74' lang='grc' dir='ltr'><strong>ἐκ</strong></span> <span class='ocrx_word' id='word_1_52' title='bbox 358 593 429 643; x_wconf 81' lang='grc' dir='ltr'><strong>τῆς</strong></span> <span class='ocrx_word' id='word_1_53' title='bbox 451 583 732 643; x_wconf 70' lang='grc' dir='ltr'><strong><em>προελθούσης</em></strong></span> <span class='ocrx_word' id='word_1_54' title='bbox 752 585 818 626; x_wconf 75' lang='grc' dir='ltr'><strong><em>ἐπ’</em></strong></span> <span class='ocrx_word' id='word_1_55' title='bbox 840 585 928 639; x_wconf 75' lang='grc' dir='ltr'><strong><em>ἐμοὶ</em></strong></span> <span class='ocrx_word' id='word_1_56' title='bbox 950 582 1120 641; x_wconf 74' lang='grc' dir='ltr'><strong><em>ψήφου,</em></strong></span> <span class='ocrx_word' id='word_1_57' title='bbox 1156 582 1219 624; x_wconf 81' lang='grc' dir='ltr'><strong>ὅτε</strong></span> <span class='ocrx_word' id='word_1_58' title='bbox 1240 581 1313 636; x_wconf 85' lang='grc' dir='ltr'><strong>τὴν</strong></span> <span class='ocrx_word' id='word_1_59' title='bbox 1338 578 1464 635; x_wconf 86' lang='grc' dir='ltr'><strong><em>ζώνην</em></strong></span> <span class='ocrx_word' id='word_1_60' title='bbox 1486 578 1603 635; x_wconf 75' lang='grc' dir='ltr'><strong><em>ἀφεὶς</em></strong></span> 
     </span>
     <span class='ocr_line' id='line_1_7' title="bbox 147 649 1605 711; baseline -0.008 -11"><span class='ocrx_word' id='word_1_61' title='bbox 147 659 211 701; x_wconf 69' lang='grc' dir='ltr'><strong><em>ἐπὶ</em></strong></span> <span class='ocrx_word' id='word_1_62' title='bbox 230 657 304 711; x_wconf 79' lang='grc' dir='ltr'><strong>τὴν</strong></span> <span class='ocrx_word' id='word_1_63' title='bbox 323 657 450 711; x_wconf 73' lang='grc' dir='ltr'><strong><em>αὐλὴν</em></strong></span> <span class='ocrx_word' id='word_1_64' title='bbox 471 654 658 711; x_wconf 71' lang='grc' dir='ltr'><strong><em>ἐχώρουν.</em></strong></span> <span class='ocrx_word' id='word_1_65' title='bbox 725 657 884 711; x_wconf 79' lang='grc' dir='ltr'><strong><em>πρῶτον</em></strong></span> <span class='ocrx_word' id='word_1_66' title='bbox 906 653 980 707; x_wconf 77' lang='grc' dir='ltr'><strong>μὲν</strong></span> <span class='ocrx_word' id='word_1_67' title='bbox 1006 652 1083 708; x_wconf 80' lang='grc' dir='ltr'><strong><em>γὰρ</em></strong></span> <span class='ocrx_word' id='word_1_68' title='bbox 1117 649 1326 704; x_wconf 79' lang='grc' dir='ltr'><strong><em>ἀναβάντα</em></strong></span> <span class='ocrx_word' id='word_1_69' title='bbox 1352 665 1403 703; x_wconf 86' lang='grc' dir='ltr'><strong>με</strong></span> <span class='ocrx_word' id='word_1_70' title='bbox 1435 649 1498 690; x_wconf 78' lang='grc' dir='ltr'><strong><em>ἐπὶ</em></strong></span> <span class='ocrx_word' id='word_1_71' title='bbox 1532 650 1605 689; x_wconf 78' lang='grc' dir='ltr'><strong><em>τοῦ</em></strong></span> 
     </span>
     <span class='ocr_line' id='line_1_8' title="bbox 145 717 1604 782; baseline -0.008 -14"><span class='ocrx_word' id='word_1_72' title='bbox 145 724 331 780; x_wconf 80' lang='grc' dir='ltr'><strong><em>βήματος</em></strong></span> <span class='ocrx_word' id='word_1_73' title='bbox 350 729 420 780; x_wconf 83' lang='grc' dir='ltr'><strong>τῆς</strong></span> <span class='ocrx_word' id='word_1_74' title='bbox 437 721 728 782; x_wconf 73' lang='grc' dir='ltr'><strong><em>ἐπαρχότητος,</em></strong></span> <span class='ocrx_word' id='word_1_75' title='bbox 763 721 867 764; x_wconf 79' lang='grc' dir='ltr'><strong><em>κατὰ</em></strong></span> <span class='ocrx_word' id='word_1_76' title='bbox 898 725 1014 764; x_wconf 80' lang='grc' dir='ltr'><strong><em>τοῦτο</em></strong></span> <span class='ocrx_word' id='word_1_77' title='bbox 1048 720 1098 774; x_wconf 89' lang='grc' dir='ltr'><strong>δὴ</strong></span> <span class='ocrx_word' id='word_1_78' title='bbox 1128 719 1174 762; x_wconf 84' lang='grc' dir='ltr'><strong><em>τὸ</em></strong></span> <span class='ocrx_word' id='word_1_79' title='bbox 1203 717 1398 773; x_wconf 76' lang='grc' dir='ltr'><strong><em>σύνηθες,</em></strong></span> <span class='ocrx_word' id='word_1_80' title='bbox 1442 717 1604 773; x_wconf 80' lang='grc' dir='ltr'><strong><em>εὔχαρι-</em></strong></span> 
     </span>
     <span class='ocr_line' id='line_1_9' title="bbox 147 784 1603 851; baseline -0.008 -13"><span class='ocrx_word' id='word_1_81' title='bbox 147 799 292 850; x_wconf 81' lang='grc' dir='ltr'><strong><em>στῆσαι</em></strong></span> <span class='ocrx_word' id='word_1_82' title='bbox 312 797 370 851; x_wconf 75' lang='grc' dir='ltr'><strong><em>τῷ</em></strong></span> <span class='ocrx_word' id='word_1_83' title='bbox 389 794 579 850; x_wconf 79' lang='grc' dir='ltr'><strong><em>κρείττονι</em></strong></span> <span class='ocrx_word' id='word_1_84' title='bbox 599 793 668 847; x_wconf 79' lang='grc' dir='ltr'><strong>καὶ</strong></span> <span class='ocrx_word' id='word_1_85' title='bbox 687 790 760 846; x_wconf 83' lang='grc' dir='ltr'><strong>τὴν</strong></span> <span class='ocrx_word' id='word_1_86' title='bbox 780 791 908 846; x_wconf 84' lang='grc' dir='ltr'><strong><em>ἀρχὴν</em></strong></span> <span class='ocrx_word' id='word_1_87' title='bbox 930 787 1203 839; x_wconf 74' lang='grc' dir='ltr'><strong><em>ἀπώσασθαι,</em></strong></span> <span class='ocrx_word' id='word_1_88' title='bbox 1237 785 1412 841; x_wconf 82' lang='grc' dir='ltr'><strong><em>τιμήσας</em></strong></span> <span class='ocrx_word' id='word_1_89' title='bbox 1431 784 1453 828; x_wconf 81' lang='grc' dir='ltr'><strong>ὃ</strong></span> <span class='ocrx_word' id='word_1_90' title='bbox 1469 784 1603 841; x_wconf 76' lang='grc' dir='ltr'><strong><em>ὕπαρ-</em></strong></span> 
     </span>
     <span class='ocr_line' id='line_1_10' title="bbox 142 853 1605 919; baseline -0.008 -13"><span class='ocrx_word' id='word_1_91' title='bbox 142 879 219 918; x_wconf 83' lang='grc' dir='ltr'><strong>χος</strong></span> <span class='ocrx_word' id='word_1_92' title='bbox 238 861 487 919; x_wconf 68' lang='grc' dir='ltr'><strong><em>(Ἡφαιστος</em></strong></span> <span class='ocrx_word' id='word_1_93' title='bbox 505 862 549 903; x_wconf 76' lang='grc' dir='ltr'><strong>δὲ</strong></span> <span class='ocrx_word' id='word_1_94' title='bbox 572 854 622 915; x_wconf 82' lang='grc' dir='ltr'><strong><em>ἦν</em></strong></span> <span class='ocrx_word' id='word_1_95' title='bbox 641 858 663 902; x_wconf 82' lang='grc' dir='ltr'><strong><em>ὃ</em></strong></span> <span class='ocrx_word' id='word_1_96' title='bbox 679 858 877 915; x_wconf 82' lang='grc' dir='ltr'><strong><em>χρηστός,</em></strong></span> <span class='ocrx_word' id='word_1_97' title='bbox 913 857 1014 914; x_wconf 85' lang='grc' dir='ltr'><strong><em>ἀνὴρ</em></strong></span> <span class='ocrx_word' id='word_1_98' title='bbox 1046 856 1206 912; x_wconf 74' lang='grc' dir='ltr'><strong><em>ἀγαθὸς</em></strong></span> <span class='ocrx_word' id='word_1_99' title='bbox 1226 858 1293 897; x_wconf 84' lang='grc' dir='ltr'><strong>καὶ</strong></span> <span class='ocrx_word' id='word_1_100' title='bbox 1325 856 1368 897; x_wconf 71' lang='grc' dir='ltr'><strong>ἐκ</strong></span> <span class='ocrx_word' id='word_1_101' title='bbox 1386 853 1513 909; x_wconf 85' lang='grc' dir='ltr'><strong><em>μόνης</em></strong></span> <span class='ocrx_word' id='word_1_102' title='bbox 1532 857 1605 907; x_wconf 82' lang='grc' dir='ltr'><strong>τῆς</strong></span> 
     </span>
     <span class='ocr_line' id='line_1_11' title="bbox 94 921 1603 989; baseline -0.009 -12"><span class='ocrx_word' id='word_1_103' title='bbox 94 932 418 989; x_wconf 82' lang='grc' dir='ltr'><strong><em>1οπροσηγοριάς</em></strong></span> <span class='ocrx_word' id='word_1_104' title='bbox 440 930 512 984; x_wconf 87' lang='grc' dir='ltr'><strong>τὴν</strong></span> <span class='ocrx_word' id='word_1_105' title='bbox 542 924 666 971; x_wconf 77' lang='grc' dir='ltr'><strong><em>οὖσαν</em></strong></span> <span class='ocrx_word' id='word_1_106' title='bbox 695 928 889 982; x_wconf 77' lang='grc' dir='ltr'><strong><em>εὐγένειαν</em></strong></span> <span class='ocrx_word' id='word_1_107' title='bbox 920 926 1032 983; x_wconf 74' lang='grc' dir='ltr'><strong><em>αὐτῷ</em></strong></span> <span class='ocrx_word' id='word_1_108' title='bbox 1064 923 1238 973; x_wconf 79' lang='grc' dir='ltr'><strong><em>δεικνύς·</em></strong></span> <span class='ocrx_word' id='word_1_109' title='bbox 1272 922 1503 979; x_wconf 68' lang='grc' dir='ltr'><strong><em>“Ι·Ιφαίστου</em></strong></span> <span class='ocrx_word' id='word_1_110' title='bbox 1525 921 1603 978; x_wconf 82' lang='grc' dir='ltr'><strong><em>γὰρ</em></strong></span> 
     </span>
     <span class='ocr_line' id='line_1_12' title="bbox 134 989 1602 1055; baseline -0.007 -12"><span class='ocrx_word' id='word_1_111' title='bbox 134 1004 222 1050; x_wconf 68' lang='grc' dir='ltr'><strong><em>,τοῦ</em></strong></span> <span class='ocrx_word' id='word_1_112' title='bbox 248 998 409 1055; x_wconf 84' lang='grc' dir='ltr'><strong><em>πρώτου</em></strong></span> <span class='ocrx_word' id='word_1_113' title='bbox 438 995 752 1052; x_wconf 68' lang='grc' dir='ltr'><strong><em>βασιλεύσαντος</em></strong></span> <span class='ocrx_word' id='word_1_114' title='bbox 771 993 983 1050; x_wconf 78' lang='grc' dir='ltr'><strong><em>Αἰγύπτου</em></strong></span> <span class='ocrx_word' id='word_1_115' title='bbox 1009 993 1114 1036; x_wconf 79' lang='grc' dir='ltr'><strong><em>κατὰ</em></strong></span> <span class='ocrx_word' id='word_1_116' title='bbox 1140 991 1209 1036; x_wconf 84' lang='grc' dir='ltr'><strong>τὸν</strong></span> <span class='ocrx_word' id='word_1_117' title='bbox 1225 990 1467 1047; x_wconf 76' lang='grc' dir='ltr'><strong><em>Σικελιώτην</em></strong></span> <span class='ocrx_word' id='word_1_118' title='bbox 1501 989 1602 1032; x_wconf 85' lang='grc' dir='ltr'><strong><em>ἀπό-</em></strong></span> 
     </span>
     <span class='ocr_line' id='line_1_13' title="bbox 145 1059 1607 1125; baseline -0.008 -14"><span class='ocrx_word' id='word_1_119' title='bbox 145 1085 263 1125; x_wconf 68' lang='grc' dir='ltr'><strong><em>γονος</em></strong></span> <span class='ocrx_word' id='word_1_120' title='bbox 283 1066 381 1110; x_wconf 77' lang='grc' dir='ltr'><strong><em>εἶναι</em></strong></span> <span class='ocrx_word' id='word_1_121' title='bbox 403 1065 674 1123; x_wconf 79' lang='grc' dir='ltr'><strong><em>διεφημίζετο)</em></strong></span> <span class='ocrx_word' id='word_1_122' title='bbox 705 1065 884 1121; x_wconf 70' lang='grc' dir='ltr'><strong><em>ἐγερθεὶς</em></strong></span> <span class='ocrx_word' id='word_1_123' title='bbox 910 1059 1194 1118; x_wconf 81' lang='grc' dir='ltr'><strong><em>ἀντησπάσατό</em></strong></span> <span class='ocrx_word' id='word_1_124' title='bbox 1225 1078 1276 1114; x_wconf 86' lang='grc' dir='ltr'><strong>με</strong></span> <span class='ocrx_word' id='word_1_125' title='bbox 1301 1064 1505 1112; x_wconf 80' lang='grc' dir='ltr'><strong><em>λιπαρῶς,</em></strong></span> <span class='ocrx_word' id='word_1_126' title='bbox 1539 1060 1607 1101; x_wconf 81' lang='grc' dir='ltr'><strong>καὶ</strong></span> 
     </span>
     <span class='ocr_line' id='line_1_14' title="bbox 146 1129 1603 1193; baseline -0.008 -14"><span class='ocrx_word' id='word_1_127' title='bbox 146 1135 373 1193; x_wconf 78' lang='grc' dir='ltr'><strong><em>περιβαλών</em></strong></span> <span class='ocrx_word' id='word_1_128' title='bbox 402 1135 544 1176; x_wconf 79' lang='grc' dir='ltr'><strong><em>αὐτίκα</em></strong></span> <span class='ocrx_word' id='word_1_129' title='bbox 571 1134 644 1188; x_wconf 72' lang='grc' dir='ltr'><strong>μὲν</strong></span> <span class='ocrx_word' id='word_1_130' title='bbox 673 1132 719 1175; x_wconf 82' lang='grc' dir='ltr'><strong><em>τὸ</em></strong></span> <span class='ocrx_word' id='word_1_131' title='bbox 749 1131 990 1188; x_wconf 83' lang='grc' dir='ltr'><strong><em>πρόσταγμα</em></strong></span> <span class='ocrx_word' id='word_1_132' title='bbox 1012 1135 1093 1174; x_wconf 80' lang='grc' dir='ltr'><strong>τῶν</strong></span> <span class='ocrx_word' id='word_1_133' title='bbox 1121 1130 1307 1172; x_wconf 81' lang='grc' dir='ltr'><strong><em>ἀννωνῶν</em></strong></span> <span class='ocrx_word' id='word_1_134' title='bbox 1323 1130 1462 1185; x_wconf 78' lang='grc' dir='ltr'><strong><em>χερσὶν</em></strong></span> <span class='ocrx_word' id='word_1_135' title='bbox 1482 1129 1603 1177; x_wconf 74' lang='grc' dir='ltr'><strong><em>ι’δίαις</em></strong></span> 
     </span>
     <span class='ocr_line' id='line_1_15' title="bbox 145 1195 1603 1259; baseline -0.006 -12"><span class='ocrx_word' id='word_1_136' title='bbox 145 1205 375 1247; x_wconf 66' lang='grc' dir='ltr'><strong><em>ἐπιδίδωσιν</em></strong></span> <span class='ocrx_word' id='word_1_137' title='bbox 399 1203 643 1259; x_wconf 74' lang='grc' dir='ltr'><strong><em>εὐχαριστῶν</em></strong></span> <span class='ocrx_word' id='word_1_138' title='bbox 654 1233 668 1253; x_wconf 86' lang='grc'><strong><em>,</em></strong></span> <span class='ocrx_word' id='word_1_139' title='bbox 705 1201 807 1254; x_wconf 83' lang='grc' dir='ltr'><strong><em>μετὰ</em></strong></span> <span class='ocrx_word' id='word_1_140' title='bbox 830 1201 873 1242; x_wconf 75' lang='grc' dir='ltr'><strong>δὲ</strong></span> <span class='ocrx_word' id='word_1_141' title='bbox 890 1200 1061 1256; x_wconf 84' lang='grc' dir='ltr'><strong><em>μυρίους</em></strong></span> <span class='ocrx_word' id='word_1_142' title='bbox 1082 1199 1267 1247; x_wconf 78' lang='grc' dir='ltr'><strong><em>ἐπαίνους</em></strong></span> <span class='ocrx_word' id='word_1_143' title='bbox 1286 1196 1418 1252; x_wconf 80' lang='grc' dir='ltr'><strong><em>πάσης</em></strong></span> <span class='ocrx_word' id='word_1_144' title='bbox 1438 1200 1510 1252; x_wconf 77' lang='grc' dir='ltr'><strong>τῆς</strong></span> <span class='ocrx_word' id='word_1_145' title='bbox 1529 1195 1603 1238; x_wconf 79' lang='grc' dir='ltr'><strong><em>τά-</em></strong></span> 
     </span>
     <span class='ocr_line' id='line_1_16' title="bbox 91 1261 1602 1329; baseline -0.007 -12"><span class='ocrx_word' id='word_1_146' title='bbox 91 1281 134 1317; x_wconf 85' lang='grc'><strong>15</strong></span> <span class='ocrx_word' id='word_1_147' title='bbox 145 1275 243 1324; x_wconf 83' lang='grc' dir='ltr'><strong><em>ξεως</em></strong></span> <span class='ocrx_word' id='word_1_148' title='bbox 274 1270 482 1329; x_wconf 85' lang='grc' dir='ltr'><strong><em>παρούσης</em></strong></span> <span class='ocrx_word' id='word_1_149' title='bbox 507 1274 653 1327; x_wconf 77' lang='grc' dir='ltr'><strong><em>ψῆφον</em></strong></span> <span class='ocrx_word' id='word_1_150' title='bbox 679 1269 826 1324; x_wconf 76' lang='grc' dir='ltr'><strong><em>ἀνέγνω</em></strong></span> <span class='ocrx_word' id='word_1_151' title='bbox 854 1268 1024 1322; x_wconf 62' lang='grc' dir='ltr'><strong><em>ἔχουσαν</em></strong></span> <span class='ocrx_word' id='word_1_152' title='bbox 1055 1261 1146 1310; x_wconf 76' lang='grc' dir='ltr'><strong><em>ὦδε.</em></strong></span> <span class='ocrx_word' id='word_1_153' title='bbox 1223 1263 1249 1279; x_wconf 83' lang='lat'>“</span> <span class='ocrx_word' id='word_1_154' title='bbox 1261 1263 1447 1320; x_wconf 78' lang='grc' dir='ltr'><strong><em>Ἰωάννης</em></strong></span> <span class='ocrx_word' id='word_1_155' title='bbox 1476 1265 1549 1318; x_wconf 77' lang='grc' dir='ltr'><strong>μὲν</strong></span> <span class='ocrx_word' id='word_1_156' title='bbox 1581 1262 1602 1306; x_wconf 78' lang='grc' dir='ltr'><em>ὃ</em></span> 
     </span>
     <span class='ocr_line' id='line_1_17' title="bbox 143 1332 1604 1397; baseline -0.007 -13"><span class='ocrx_word' id='word_1_157' title='bbox 143 1339 387 1397; x_wconf 88' lang='grc' dir='ltr'><strong><em>λογιώτατος</em></strong></span> <span class='ocrx_word' id='word_1_158' title='bbox 415 1336 572 1396; x_wconf 82' lang='grc' dir='ltr'><strong><em>(τούτῳ</em></strong></span> <span class='ocrx_word' id='word_1_159' title='bbox 599 1338 676 1394; x_wconf 78' lang='grc' dir='ltr'><strong><em>γὰρ</em></strong></span> <span class='ocrx_word' id='word_1_160' title='bbox 702 1339 836 1393; x_wconf 81' lang='grc' dir='ltr'><strong><em>χαίρει</em></strong></span> <span class='ocrx_word' id='word_1_161' title='bbox 865 1341 923 1394; x_wconf 75' lang='grc' dir='ltr'><strong><em>τῷ</em></strong></span> <span class='ocrx_word' id='word_1_162' title='bbox 946 1333 1202 1393; x_wconf 88' lang='grc' dir='ltr'><strong><em>προσρήματι</em></strong></span> <span class='ocrx_word' id='word_1_163' title='bbox 1229 1338 1385 1388; x_wconf 86' lang='grc' dir='ltr'><strong><em>μᾶλλον</em></strong></span> <span class='ocrx_word' id='word_1_164' title='bbox 1406 1333 1431 1388; x_wconf 78' lang='grc' dir='ltr'>ἢ</span> <span class='ocrx_word' id='word_1_165' title='bbox 1456 1340 1540 1383; x_wconf 81' lang='grc' dir='ltr'><strong><em>τοῖς</em></strong></span> <span class='ocrx_word' id='word_1_166' title='bbox 1560 1332 1604 1374; x_wconf 73' lang='grc' dir='ltr'><strong>ἔκ</strong></span> 
     </span>
     <span class='ocr_line' id='line_1_18' title="bbox 143 1400 1603 1465; baseline -0.008 -12"><span class='ocrx_word' id='word_1_167' title='bbox 143 1414 224 1453; x_wconf 76' lang='grc' dir='ltr'><strong>τῶν</strong></span> <span class='ocrx_word' id='word_1_168' title='bbox 255 1406 518 1465; x_wconf 75' lang='grc' dir='ltr'><strong><em>ὖπαρξάντων</em></strong></span> <span class='ocrx_word' id='word_1_169' title='bbox 546 1407 657 1464; x_wconf 74' lang='grc' dir='ltr'><strong><em>αὐτῷ</em></strong></span> <span class='ocrx_word' id='word_1_170' title='bbox 688 1410 814 1462; x_wconf 80' lang='grc' dir='ltr'><strong><em>γερῶν</em></strong></span> <span class='ocrx_word' id='word_1_171' title='bbox 847 1404 1175 1462; x_wconf 77' lang='grc' dir='ltr'><strong><em>προσγενομένοις</em></strong></span> <span class='ocrx_word' id='word_1_172' title='bbox 1201 1402 1502 1459; x_wconf 85' lang='grc' dir='ltr'><strong><em>γνωρίσμασιν)</em></strong></span> <span class='ocrx_word' id='word_1_173' title='bbox 1524 1400 1603 1456; x_wconf 71' lang='grc' dir='ltr'><strong>ἤδη</strong></span> 
     </span>
     <span class='ocr_line' id='line_1_19' title="bbox 146 1468 1600 1536; baseline -0.007 -15"><span class='ocrx_word' id='word_1_174' title='bbox 146 1476 316 1536; x_wconf 72' lang='grc' dir='ltr'><strong><em>φθάσας</em></strong></span> <span class='ocrx_word' id='word_1_175' title='bbox 343 1483 427 1527; x_wconf 83' lang='grc' dir='ltr'><strong><em>τοῖς</em></strong></span> <span class='ocrx_word' id='word_1_176' title='bbox 457 1473 644 1518; x_wconf 75' lang='grc' dir='ltr'><strong><em>ἁπάντων</em></strong></span> <span class='ocrx_word' id='word_1_177' title='bbox 678 1472 820 1518; x_wconf 60' lang='grc' dir='ltr'><strong><em>ἑαυτὸν</em></strong></span> <span class='ocrx_word' id='word_1_178' title='bbox 850 1476 1076 1523; x_wconf 84' lang='grc' dir='ltr'><strong><em>καλλίστοις</em></strong></span> <span class='ocrx_word' id='word_1_179' title='bbox 1107 1473 1298 1531; x_wconf 65' lang='grc' dir='ltr'><strong><em>(παιδεία</em></strong></span> <span class='ocrx_word' id='word_1_180' title='bbox 1321 1489 1360 1514; x_wconf 90' lang='grc' dir='ltr'><strong>τε</strong></span> <span class='ocrx_word' id='word_1_181' title='bbox 1385 1472 1451 1514; x_wconf 82' lang='grc' dir='ltr'><strong>καὶ</strong></span> <span class='ocrx_word' id='word_1_182' title='bbox 1469 1468 1600 1526; x_wconf 81' lang='grc' dir='ltr'><strong><em>λόγοις</em></strong></span> 
     </span>
     <span class='ocr_line' id='line_1_20' title="bbox 144 1538 1599 1604; baseline -0.005 -16"><span class='ocrx_word' id='word_1_183' title='bbox 144 1547 294 1604; x_wconf 75' lang='grc' dir='ltr'><strong><em>φαμὲν)</em></strong></span> <span class='ocrx_word' id='word_1_184' title='bbox 319 1549 499 1587; x_wconf 84' lang='grc' dir='ltr'><strong><em>τοιοῦτον</em></strong></span> <span class='ocrx_word' id='word_1_185' title='bbox 520 1543 721 1593; x_wconf 72' lang='grc' dir='ltr'><strong><em>ἀπέδειξεν</em></strong></span> <span class='ocrx_word' id='word_1_186' title='bbox 740 1540 795 1592; x_wconf 80' lang='grc' dir='ltr'><strong>ὥς</strong></span> <span class='ocrx_word' id='word_1_187' title='bbox 813 1542 884 1584; x_wconf 76' lang='grc' dir='ltr'><strong>οὐκ</strong></span> <span class='ocrx_word' id='word_1_188' title='bbox 904 1542 1027 1585; x_wconf 75' lang='grc' dir='ltr'><strong><em>αὐτὸν</em></strong></span> <span class='ocrx_word' id='word_1_189' title='bbox 1045 1540 1336 1595; x_wconf 73' lang='grc' dir='ltr'><strong><em>θαυμάζεσθαι</em></strong></span> <span class='ocrx_word' id='word_1_190' title='bbox 1352 1538 1476 1593; x_wconf 90' lang='grc' dir='ltr'><strong><em>μόνον</em></strong></span> <span class='ocrx_word' id='word_1_191' title='bbox 1494 1538 1599 1581; x_wconf 72' lang='grc' dir='ltr'><strong><em>ἀλλὰ</em></strong></span> 
     </span>
     <span class='ocr_line' id='line_1_21' title="bbox 86 1607 1599 1669; baseline -0.006 -11"><span class='ocrx_word' id='word_1_192' title='bbox 86 1617 209 1658; x_wconf 67' lang='lat' dir='ltr'><strong>eonati</strong></span> <span class='ocrx_word' id='word_1_193' title='bbox 230 1614 404 1663; x_wconf 77' lang='grc' dir='ltr'><strong><em>πολλοὺς</em></strong></span> <span class='ocrx_word' id='word_1_194' title='bbox 422 1611 592 1669; x_wconf 69' lang='grc' dir='ltr'><strong><em>ἑτέρους,</em></strong></span> <span class='ocrx_word' id='word_1_195' title='bbox 621 1612 666 1654; x_wconf 69' lang='grc' dir='ltr'><strong>οἳ</strong></span> <span class='ocrx_word' id='word_1_196' title='bbox 680 1611 730 1666; x_wconf 87' lang='grc' dir='ltr'><strong>δὴ</strong></span> <span class='ocrx_word' id='word_1_197' title='bbox 747 1616 819 1666; x_wconf 78' lang='grc' dir='ltr'><strong>τῆς</strong></span> <span class='ocrx_word' id='word_1_198' title='bbox 839 1610 964 1652; x_wconf 78' lang='grc' dir='ltr'><strong><em>αὐτοῦ</em></strong></span> <span class='ocrx_word' id='word_1_199' title='bbox 985 1611 1247 1658; x_wconf 81' lang='grc' dir='ltr'><strong><em>διδασκαλίας</em></strong></span> <span class='ocrx_word' id='word_1_200' title='bbox 1265 1607 1380 1664; x_wconf 63' lang='grc' dir='ltr'><strong><em>ἔργον</em></strong></span> <span class='ocrx_word' id='word_1_201' title='bbox 1400 1607 1599 1664; x_wconf 84' lang='grc' dir='ltr'><strong><em>γεγόνασι.</em></strong></span> 
     </span>
     <span class='ocr_line' id='line_1_22' title="bbox 140 1676 1599 1741; baseline -0.006 -15"><span class='ocrx_word' id='word_1_202' title='bbox 140 1683 284 1741; x_wconf 80' lang='grc' dir='ltr'><strong><em>μικρὸν</em></strong></span> <span class='ocrx_word' id='word_1_203' title='bbox 305 1683 371 1734; x_wconf 79' lang='grc' dir='ltr'><strong>δέ,</strong></span> <span class='ocrx_word' id='word_1_204' title='bbox 407 1679 463 1731; x_wconf 82' lang='grc' dir='ltr'><strong>ὥς</strong></span> <span class='ocrx_word' id='word_1_205' title='bbox 481 1681 627 1732; x_wconf 67' lang='grc' dir='ltr'><strong><em>ἔοικεν,</em></strong></span> <span class='ocrx_word' id='word_1_206' title='bbox 662 1677 760 1722; x_wconf 77' lang='grc' dir='ltr'><strong><em>εἶναι</em></strong></span> <span class='ocrx_word' id='word_1_207' title='bbox 782 1678 997 1733; x_wconf 78' lang='grc' dir='ltr'><strong><em>νενομικὼς</em></strong></span> <span class='ocrx_word' id='word_1_208' title='bbox 1019 1680 1052 1720; x_wconf 81' lang='grc' dir='ltr'><strong><em>εἶ</em></strong></span> <span class='ocrx_word' id='word_1_209' title='bbox 1077 1677 1217 1732; x_wconf 87' lang='grc' dir='ltr'><strong><em>μόνοις</em></strong></span> <span class='ocrx_word' id='word_1_210' title='bbox 1236 1684 1426 1730; x_wconf 83' lang='grc' dir='ltr'><strong><em>κοσμοῖτο</em></strong></span> <span class='ocrx_word' id='word_1_211' title='bbox 1450 1683 1533 1726; x_wconf 80' lang='grc' dir='ltr'><strong><em>τοῖς</em></strong></span> <span class='ocrx_word' id='word_1_212' title='bbox 1555 1676 1599 1717; x_wconf 70' lang='grc' dir='ltr'><strong>ἐκ</strong></span> 
     </span>
     <span class='ocr_line' id='line_1_23' title="bbox 141 1744 1597 1810; baseline -0.006 -15"><span class='ocrx_word' id='word_1_213' title='bbox 141 1751 270 1810; x_wconf 85' lang='grc' dir='ltr'><strong><em>λόγων</em></strong></span> <span class='ocrx_word' id='word_1_214' title='bbox 291 1748 574 1806; x_wconf 72' lang='grc' dir='ltr'><strong><em>ἐπιτηδεύμασι</em></strong></span> <span class='ocrx_word' id='word_1_215' title='bbox 596 1749 796 1806; x_wconf 84' lang='grc' dir='ltr'><strong><em>(καίτοιγε</em></strong></span> <span class='ocrx_word' id='word_1_216' title='bbox 815 1749 857 1791; x_wconf 86' lang='grc' dir='ltr'><strong><em>τί</em></strong></span> <span class='ocrx_word' id='word_1_217' title='bbox 875 1747 924 1790; x_wconf 75' lang='grc' dir='ltr'><strong><em>ἄν</em></strong></span> <span class='ocrx_word' id='word_1_218' title='bbox 944 1765 1005 1798; x_wconf 86' lang='grc' dir='ltr'><strong>τις</strong></span> <span class='ocrx_word' id='word_1_219' title='bbox 1027 1745 1180 1790; x_wconf 86' lang='grc' dir='ltr'><strong><em>τούτων</em></strong></span> <span class='ocrx_word' id='word_1_220' title='bbox 1201 1744 1396 1802; x_wconf 74' lang='grc' dir='ltr'><strong><em>ἡγήσαιτο</em></strong></span> <span class='ocrx_word' id='word_1_221' title='bbox 1414 1747 1597 1800; x_wconf 84' lang='grc' dir='ltr'><strong><em>μεῖζον;)</em></strong></span> 
     </span>
    </p>
   </div>
   <div class='ocr_carea' id='block_1_3' title="bbox 229 1894 1599 1998">
    <p class='ocr_par' dir='ltr' id='par_1_3' title="bbox 229 1894 1599 1998">
     <span class='ocr_line' id='line_1_24' title="bbox 229 1894 1599 1949; baseline -0.006 -9"><span class='ocrx_word' id='word_1_222' title='bbox 229 1905 251 1940; x_wconf 90' lang='grc'><strong>8</strong></span> <span class='ocrx_word' id='word_1_223' title='bbox 274 1899 296 1939; x_wconf 77' lang='grc' dir='ltr'><em>ὁ</em></span> <span class='ocrx_word' id='word_1_224' title='bbox 325 1908 405 1939; x_wconf 89' lang='lat' dir='ltr'><strong>ante</strong></span> <span class='ocrx_word' id='word_1_225' title='bbox 426 1899 594 1948; x_wconf 67' lang='grc' dir='ltr'><strong><em>ὕπαρχος</em></strong></span> <span class='ocrx_word' id='word_1_226' title='bbox 614 1901 719 1949; x_wconf 80' lang='lat' dir='ltr'><strong>vulgo</strong></span> <span class='ocrx_word' id='word_1_227' title='bbox 742 1914 810 1937; x_wconf 88' lang='lat' dir='ltr'><strong>om.</strong></span> <span class='ocrx_word' id='word_1_228' title='bbox 973 1901 1016 1936; x_wconf 88' lang='grc'><strong>13</strong></span> <span class='ocrx_word' id='word_1_229' title='bbox 1038 1899 1216 1936; x_wconf 83' lang='lat' dir='ltr'><strong>recentior</strong></span> <span class='ocrx_word' id='word_1_230' title='bbox 1234 1910 1354 1934; x_wconf 85' lang='lat' dir='ltr'><strong>manus</strong></span> <span class='ocrx_word' id='word_1_231' title='bbox 1376 1894 1599 1945; x_wconf 76' lang='grc' dir='ltr'><strong><em>περιβαλών,</em></strong></span> 
     </span>
     <span class='ocr_line' id='line_1_25' title="bbox 229 1945 1049 1998; baseline -0.002 -13"><span class='ocrx_word' id='word_1_232' title='bbox 229 1949 327 1998; x_wconf 81' lang='lat' dir='ltr'><strong>prior</strong></span> <span class='ocrx_word' id='word_1_233' title='bbox 346 1949 568 1995; x_wconf 80' lang='grc' dir='ltr'><strong><em>περιλαβών.</em></strong></span> <span class='ocrx_word' id='word_1_234' title='bbox 712 1950 758 1985; x_wconf 85' lang='grc'><strong>16</strong></span> <span class='ocrx_word' id='word_1_235' title='bbox 778 1945 987 1993; x_wconf 77' lang='grc' dir='ltr'><strong><em>προσήματι</em></strong></span> <span class='ocrx_word' id='word_1_236' title='bbox 1004 1948 1049 1983; x_wconf 88' lang='lat' dir='ltr'><strong>C.</strong></span> 
     </span>
    </p>
   </div>
   <div class='ocr_carea' id='block_1_4' title="bbox 135 2080 1598 2916">
    <p class='ocr_par' dir='ltr' id='par_1_4' title="bbox 135 2080 1598 2916">
     <span class='ocr_line' id='line_1_26' title="bbox 138 2080 1596 2132; baseline -0.005 -10"><span class='ocrx_word' id='word_1_237' title='bbox 138 2085 304 2131; x_wconf 83' lang='lat' dir='ltr'><strong>contigit,</strong></span> <span class='ocrx_word' id='word_1_238' title='bbox 329 2089 365 2120; x_wconf 83' lang='lat' dir='ltr'><strong>et</strong></span> <span class='ocrx_word' id='word_1_239' title='bbox 385 2097 406 2120; x_wconf 87' lang='lat' dir='ltr'><strong>a</strong></span> <span class='ocrx_word' id='word_1_240' title='bbox 423 2085 640 2132; x_wconf 85' lang='lat' dir='ltr'><strong>principibus</strong></span> <span class='ocrx_word' id='word_1_241' title='bbox 659 2082 878 2127; x_wconf 85' lang='lat' dir='ltr'><strong>reverentia,</strong></span> <span class='ocrx_word' id='word_1_242' title='bbox 905 2086 942 2117; x_wconf 85' lang='lat' dir='ltr'><strong>et</strong></span> <span class='ocrx_word' id='word_1_243' title='bbox 962 2083 1055 2128; x_wconf 89' lang='lat' dir='ltr'><strong>quod</strong></span> <span class='ocrx_word' id='word_1_244' title='bbox 1074 2095 1160 2118; x_wconf 85' lang='lat' dir='ltr'><strong>sane</strong></span> <span class='ocrx_word' id='word_1_245' title='bbox 1180 2082 1329 2117; x_wconf 88' lang='lat' dir='ltr'><strong>omnium</strong></span> <span class='ocrx_word' id='word_1_246' title='bbox 1351 2080 1596 2126; x_wconf 82' lang='lat' dir='ltr'><strong>dulcissimum,</strong></span> 
     </span>
     <span class='ocr_line' id='line_1_27' title="bbox 137 2128 1595 2178; baseline -0.005 -10"><span class='ocrx_word' id='word_1_247' title='bbox 137 2131 355 2178; x_wconf 79' lang='lat' dir='ltr'><strong>tranquillam</strong></span> <span class='ocrx_word' id='word_1_248' title='bbox 387 2144 451 2178; x_wconf 87' lang='lat' dir='ltr'><strong>per</strong></span> <span class='ocrx_word' id='word_1_249' title='bbox 480 2131 587 2166; x_wconf 82' lang='lat' dir='ltr'><strong>vitam</strong></span> <span class='ocrx_word' id='word_1_250' title='bbox 622 2130 771 2165; x_wconf 85' lang='lat' dir='ltr'><strong>cucurri.</strong></span> <span class='ocrx_word' id='word_1_251' title='bbox 816 2129 1072 2175; x_wconf 85' lang='lat' dir='ltr'><strong>sapientissima</strong></span> <span class='ocrx_word' id='word_1_252' title='bbox 1098 2141 1183 2164; x_wconf 85' lang='lat' dir='ltr'><strong>vero</strong></span> <span class='ocrx_word' id='word_1_253' title='bbox 1207 2129 1358 2172; x_wconf 87' lang='lat' dir='ltr'><strong>iustitia,</strong></span> <span class='ocrx_word' id='word_1_254' title='bbox 1401 2128 1502 2162; x_wconf 86' lang='lat' dir='ltr'><strong>iustis</strong></span> <span class='ocrx_word' id='word_1_255' title='bbox 1539 2140 1595 2162; x_wconf 83' lang='lat' dir='ltr'><strong>me</strong></span> 
     </span>
     <span class='ocr_line' id='line_1_28' title="bbox 139 2173 1597 2222; baseline -0.004 -9"><span class='ocrx_word' id='word_1_256' title='bbox 139 2178 319 2214; x_wconf 77' lang='lat' dir='ltr'><strong>consolans</strong></span> <span class='ocrx_word' id='word_1_257' title='bbox 342 2178 466 2222; x_wconf 78' lang='lat' dir='ltr'><strong>modis,</strong></span> <span class='ocrx_word' id='word_1_258' title='bbox 490 2177 670 2220; x_wconf 84' lang='lat' dir='ltr'><strong>militibus,</strong></span> <span class='ocrx_word' id='word_1_259' title='bbox 694 2182 733 2210; x_wconf 92' lang='lat' dir='ltr'><strong>ut</strong></span> <span class='ocrx_word' id='word_1_260' title='bbox 753 2175 836 2218; x_wconf 83' lang='lat' dir='ltr'>dixi,</span> <span class='ocrx_word' id='word_1_261' title='bbox 863 2176 1096 2210; x_wconf 83' lang='lat' dir='ltr'><strong>venerabilem</strong></span> <span class='ocrx_word' id='word_1_262' title='bbox 1118 2187 1172 2210; x_wconf 84' lang='lat' dir='ltr'><strong>me</strong></span> <span class='ocrx_word' id='word_1_263' title='bbox 1191 2175 1353 2220; x_wconf 85' lang='lat' dir='ltr'><strong>praebuit</strong></span> <span class='ocrx_word' id='word_1_264' title='bbox 1371 2180 1407 2208; x_wconf 90' lang='lat' dir='ltr'><strong>et</strong></span> <span class='ocrx_word' id='word_1_265' title='bbox 1426 2173 1597 2219; x_wconf 86' lang='lat' dir='ltr'><strong>principi-</strong></span> 
     </span>
     <span class='ocr_line' id='line_1_29' title="bbox 138 2220 1598 2267; baseline -0.003 -8"><span class='ocrx_word' id='word_1_266' title='bbox 138 2225 204 2259; x_wconf 82' lang='lat' dir='ltr'><strong>bus</strong></span> <span class='ocrx_word' id='word_1_267' title='bbox 229 2235 298 2258; x_wconf 92' lang='lat' dir='ltr'><strong>non</strong></span> <span class='ocrx_word' id='word_1_268' title='bbox 321 2223 498 2267; x_wconf 83' lang='lat' dir='ltr'><strong>indignum</strong></span> <span class='ocrx_word' id='word_1_269' title='bbox 522 2224 671 2263; x_wconf 85' lang='lat' dir='ltr'><strong>honore3</strong></span> <span class='ocrx_word' id='word_1_270' title='bbox 701 2222 737 2257; x_wconf 91' lang='lat' dir='ltr'><strong>id</strong></span> <span class='ocrx_word' id='word_1_271' title='bbox 769 2222 860 2266; x_wconf 89' lang='lat' dir='ltr'><strong>quod</strong></span> <span class='ocrx_word' id='word_1_272' title='bbox 896 2228 994 2266; x_wconf 83' lang='lat' dir='ltr'><strong>patet</strong></span> <span class='ocrx_word' id='word_1_273' title='bbox 1025 2235 1044 2256; x_wconf 89' lang='lat' dir='ltr'><strong>e</strong></span> <span class='ocrx_word' id='word_1_274' title='bbox 1076 2223 1217 2256; x_wconf 85' lang='lat' dir='ltr'><strong>decreto</strong></span> <span class='ocrx_word' id='word_1_275' title='bbox 1239 2233 1346 2266; x_wconf 88' lang='lat' dir='ltr'><strong>super</strong></span> <span class='ocrx_word' id='word_1_276' title='bbox 1370 2232 1424 2254; x_wconf 90' lang='lat' dir='ltr'><strong>me</strong></span> <span class='ocrx_word' id='word_1_277' title='bbox 1448 2220 1598 2266; x_wconf 87' lang='lat' dir='ltr'><strong>prolato,</strong></span> 
     </span>
     <span class='ocr_line' id='line_1_30' title="bbox 140 2266 1597 2314; baseline -0.003 -10"><span class='ocrx_word' id='word_1_278' title='bbox 140 2281 228 2312; x_wconf 89' lang='lat' dir='ltr'><strong>cum,</strong></span> <span class='ocrx_word' id='word_1_279' title='bbox 248 2268 363 2314; x_wconf 83' lang='lat' dir='ltr'><strong>posito</strong></span> <span class='ocrx_word' id='word_1_280' title='bbox 382 2269 532 2313; x_wconf 86' lang='lat' dir='ltr'><strong>cingulo,</strong></span> <span class='ocrx_word' id='word_1_281' title='bbox 554 2269 591 2302; x_wconf 89' lang='lat' dir='ltr'><strong>in</strong></span> <span class='ocrx_word' id='word_1_282' title='bbox 609 2268 719 2302; x_wconf 82' lang='lat' dir='ltr'><strong>aulam</strong></span> <span class='ocrx_word' id='word_1_283' title='bbox 739 2269 976 2303; x_wconf 84' lang='lat' dir='ltr'><strong>concederem.</strong></span> <span class='ocrx_word' id='word_1_284' title='bbox 1025 2280 1102 2301; x_wconf 88' lang='lat' dir='ltr'><strong>nam</strong></span> <span class='ocrx_word' id='word_1_285' title='bbox 1126 2279 1200 2301; x_wconf 92' lang='lat' dir='ltr'><strong>cum</strong></span> <span class='ocrx_word' id='word_1_286' title='bbox 1222 2268 1259 2301; x_wconf 91' lang='lat' dir='ltr'><strong>in</strong></span> <span class='ocrx_word' id='word_1_287' title='bbox 1279 2266 1431 2303; x_wconf 83' lang='lat' dir='ltr'><strong>tribunal</strong></span> <span class='ocrx_word' id='word_1_288' title='bbox 1453 2267 1597 2311; x_wconf 86' lang='lat' dir='ltr'><strong>praefe-</strong></span> 
     </span>
     <span class='ocr_line' id='line_1_31' title="bbox 140 2313 1594 2359; baseline -0.003 -10"><span class='ocrx_word' id='word_1_289' title='bbox 140 2322 259 2349; x_wconf 85' lang='lat' dir='ltr'><strong>cturae</strong></span> <span class='ocrx_word' id='word_1_290' title='bbox 281 2315 537 2349; x_wconf 86' lang='lat' dir='ltr'><strong>adscendissem</strong></span> <span class='ocrx_word' id='word_1_291' title='bbox 550 2341 559 2359; x_wconf 91' lang='lat'>,</span> <span class='ocrx_word' id='word_1_292' title='bbox 584 2315 680 2348; x_wconf 84' lang='lat' dir='ltr'><strong>iuxta</strong></span> <span class='ocrx_word' id='word_1_293' title='bbox 698 2314 978 2348; x_wconf 84' lang='lat' dir='ltr'><strong>consuetudinem</strong></span> <span class='ocrx_word' id='word_1_294' title='bbox 1003 2313 1093 2347; x_wconf 88' lang='lat' dir='ltr'><strong>illam</strong></span> <span class='ocrx_word' id='word_1_295' title='bbox 1115 2313 1282 2347; x_wconf 86' lang='lat' dir='ltr'><strong>videlicet</strong></span> <span class='ocrx_word' id='word_1_296' title='bbox 1304 2313 1434 2357; x_wconf 81' lang='lat' dir='ltr'>gratias</span> <span class='ocrx_word' id='word_1_297' title='bbox 1462 2313 1594 2357; x_wconf 88' lang='lat' dir='ltr'><strong>potiori</strong></span> 
     </span>
     <span class='ocr_line' id='line_1_32' title="bbox 139 2359 1597 2406; baseline -0.002 -11"><span class='ocrx_word' id='word_1_298' title='bbox 139 2366 278 2395; x_wconf 84' lang='lat' dir='ltr'><strong>acturus</strong></span> <span class='ocrx_word' id='word_1_299' title='bbox 301 2361 606 2406; x_wconf 83' lang='lat' dir='ltr'><strong>magistratumque</strong></span> <span class='ocrx_word' id='word_1_300' title='bbox 632 2360 820 2406; x_wconf 82' lang='lat' dir='ltr'><strong>positurus,</strong></span> <span class='ocrx_word' id='word_1_301' title='bbox 845 2360 990 2404; x_wconf 90' lang='lat' dir='ltr'><strong>primum</strong></span> <span class='ocrx_word' id='word_1_302' title='bbox 1010 2360 1182 2394; x_wconf 86' lang='lat' dir='ltr'><strong>honorans</strong></span> <span class='ocrx_word' id='word_1_303' title='bbox 1202 2372 1256 2393; x_wconf 89' lang='lat' dir='ltr'><strong>me</strong></span> <span class='ocrx_word' id='word_1_304' title='bbox 1280 2359 1479 2405; x_wconf 84' lang='lat' dir='ltr'><strong>praefectus</strong></span> <span class='ocrx_word' id='word_1_305' title='bbox 1502 2359 1597 2401; x_wconf 86' lang='lat' dir='ltr'><strong>(erat</strong></span> 
     </span>
     <span class='ocr_line' id='line_1_33' title="bbox 138 2404 1595 2452; baseline -0.002 -10"><span class='ocrx_word' id='word_1_306' title='bbox 138 2413 251 2442; x_wconf 83' lang='lat' dir='ltr'><strong>autem</strong></span> <span class='ocrx_word' id='word_1_307' title='bbox 270 2407 419 2452; x_wconf 88' lang='lat' dir='ltr'><strong>optimus</strong></span> <span class='ocrx_word' id='word_1_308' title='bbox 439 2406 498 2441; x_wconf 90' lang='lat' dir='ltr'><strong>ille</strong></span> <span class='ocrx_word' id='word_1_309' title='bbox 519 2407 754 2452; x_wconf 85' lang='lat' dir='ltr'><strong>Hephaestus‚</strong></span> <span class='ocrx_word' id='word_1_310' title='bbox 777 2406 832 2440; x_wconf 88' lang='lat' dir='ltr'><strong>vir</strong></span> <span class='ocrx_word' id='word_1_311' title='bbox 850 2407 981 2448; x_wconf 88' lang='lat' dir='ltr'><strong>bonus,</strong></span> <span class='ocrx_word' id='word_1_312' title='bbox 1008 2405 1082 2440; x_wconf 87' lang='lat' dir='ltr'><strong>solo</strong></span> <span class='ocrx_word' id='word_1_313' title='bbox 1102 2406 1239 2439; x_wconf 88' lang='lat' dir='ltr'><strong>nomine</strong></span> <span class='ocrx_word' id='word_1_314' title='bbox 1258 2404 1473 2439; x_wconf 83' lang='lat' dir='ltr'><strong>nobilitatem</strong></span> <span class='ocrx_word' id='word_1_315' title='bbox 1498 2415 1595 2439; x_wconf 85' lang='lat' dir='ltr'><strong>suam</strong></span> 
     </span>
     <span class='ocr_line' id='line_1_34' title="bbox 137 2449 1595 2498; baseline -0.001 -12"><span class='ocrx_word' id='word_1_316' title='bbox 137 2453 342 2488; x_wconf 79' lang='lat' dir='ltr'><strong>ostendens:</strong></span> <span class='ocrx_word' id='word_1_317' title='bbox 365 2454 408 2487; x_wconf 84' lang='lat' dir='ltr'><strong>ab</strong></span> <span class='ocrx_word' id='word_1_318' title='bbox 426 2453 630 2498; x_wconf 84' lang='lat' dir='ltr'><strong>Hephaesto</strong></span> <span class='ocrx_word' id='word_1_319' title='bbox 648 2452 751 2496; x_wconf 89' lang='lat' dir='ltr'><strong>enim,</strong></span> <span class='ocrx_word' id='word_1_320' title='bbox 776 2451 886 2497; x_wconf 83' lang='lat' dir='ltr'><strong>primo</strong></span> <span class='ocrx_word' id='word_1_321' title='bbox 906 2451 1159 2497; x_wconf 83' lang='lat' dir='ltr'><strong>Aegyptiorum</strong></span> <span class='ocrx_word' id='word_1_322' title='bbox 1179 2463 1264 2496; x_wconf 86' lang='lat' dir='ltr'><strong>rege</strong></span> <span class='ocrx_word' id='word_1_323' title='bbox 1285 2451 1471 2485; x_wconf 86' lang='lat' dir='ltr'><strong>secundum</strong></span> <span class='ocrx_word' id='word_1_324' title='bbox 1490 2449 1595 2484; x_wconf 89' lang='lat' dir='ltr'><strong>Sicu-</strong></span> 
     </span>
     <span class='ocr_line' id='line_1_35' title="bbox 135 2495 1593 2544; baseline -0.003 -10"><span class='ocrx_word' id='word_1_325' title='bbox 135 2498 217 2542; x_wconf 84' lang='lat' dir='ltr'><strong>lum,</strong></span> <span class='ocrx_word' id='word_1_326' title='bbox 239 2510 347 2544; x_wconf 79' lang='lat' dir='ltr'><strong>genus</strong></span> <span class='ocrx_word' id='word_1_327' title='bbox 371 2500 498 2534; x_wconf 87' lang='lat' dir='ltr'><strong>ducere</strong></span> <span class='ocrx_word' id='word_1_328' title='bbox 518 2500 720 2542; x_wconf 82' lang='lat' dir='ltr'><strong>ferebatur)</strong></span> <span class='ocrx_word' id='word_1_329' title='bbox 741 2498 913 2542; x_wconf 83' lang='lat' dir='ltr'><strong>surrexit,</strong></span> <span class='ocrx_word' id='word_1_330' title='bbox 939 2509 1062 2542; x_wconf 89' lang='lat' dir='ltr'><strong>meque</strong></span> <span class='ocrx_word' id='word_1_331' title='bbox 1081 2497 1237 2532; x_wconf 86' lang='lat' dir='ltr'><strong>suaviter</strong></span> <span class='ocrx_word' id='word_1_332' title='bbox 1253 2495 1474 2536; x_wconf 84' lang='lat' dir='ltr'><strong>resalutavit;</strong></span> <span class='ocrx_word' id='word_1_333' title='bbox 1499 2507 1593 2530; x_wconf 93' lang='lat' dir='ltr'><strong>cum-</strong></span> 
     </span>
     <span class='ocr_line' id='line_1_36' title="bbox 138 2541 1596 2590; baseline -0.001 -12"><span class='ocrx_word' id='word_1_334' title='bbox 138 2555 206 2590; x_wconf 88' lang='lat' dir='ltr'><strong>que</strong></span> <span class='ocrx_word' id='word_1_335' title='bbox 228 2543 398 2584; x_wconf 74' lang='lat' dir='ltr'><strong>osculatus</strong></span> <span class='ocrx_word' id='word_1_336' title='bbox 421 2551 534 2589; x_wconf 83' lang='lat' dir='ltr'><strong>esset,</strong></span> <span class='ocrx_word' id='word_1_337' title='bbox 568 2545 685 2579; x_wconf 85' lang='lat' dir='ltr'><strong>statim</strong></span> <span class='ocrx_word' id='word_1_338' title='bbox 714 2543 853 2589; x_wconf 90' lang='lat' dir='ltr'><strong>quidem</strong></span> <span class='ocrx_word' id='word_1_339' title='bbox 883 2545 1078 2579; x_wconf 87' lang='lat' dir='ltr'><strong>mandatum</strong></span> <span class='ocrx_word' id='word_1_340' title='bbox 1108 2554 1318 2577; x_wconf 85' lang='lat' dir='ltr'><strong>annonarum</strong></span> <span class='ocrx_word' id='word_1_341' title='bbox 1342 2542 1414 2575; x_wconf 84' lang='lat' dir='ltr'><strong>suis</strong></span> <span class='ocrx_word' id='word_1_342' title='bbox 1438 2541 1596 2578; x_wconf 82' lang='lat' dir='ltr'><strong>manibus</strong></span> 
     </span>
     <span class='ocr_line' id='line_1_37' title="bbox 137 2588 1595 2636; baseline -0.001 -10"><span class='ocrx_word' id='word_1_343' title='bbox 137 2589 247 2634; x_wconf 77' lang='lat' dir='ltr'><strong>dedit,</strong></span> <span class='ocrx_word' id='word_1_344' title='bbox 269 2590 399 2635; x_wconf 74' lang='lat' dir='ltr'><strong>gratias</strong></span> <span class='ocrx_word' id='word_1_345' title='bbox 423 2603 554 2636; x_wconf 77' lang='lat' dir='ltr'><strong>agens3</strong></span> <span class='ocrx_word' id='word_1_346' title='bbox 603 2597 658 2625; x_wconf 86' lang='lat' dir='ltr'><strong>ost</strong></span> <span class='ocrx_word' id='word_1_347' title='bbox 680 2591 876 2625; x_wconf 86' lang='lat' dir='ltr'><strong>innumeras</strong></span> <span class='ocrx_word' id='word_1_348' title='bbox 902 2602 988 2624; x_wconf 81' lang='lat' dir='ltr'><strong>vero</strong></span> <span class='ocrx_word' id='word_1_349' title='bbox 1010 2589 1143 2633; x_wconf 88' lang='lat' dir='ltr'><strong>laudes,</strong></span> <span class='ocrx_word' id='word_1_350' title='bbox 1166 2595 1239 2623; x_wconf 90' lang='lat' dir='ltr'><strong>toto</strong></span> <span class='ocrx_word' id='word_1_351' title='bbox 1259 2592 1444 2634; x_wconf 80' lang='lat' dir='ltr'><strong>praesente</strong></span> <span class='ocrx_word' id='word_1_352' title='bbox 1464 2588 1595 2632; x_wconf 85' lang='lat' dir='ltr'><strong>officio,</strong></span> 
     </span>
     <span class='ocr_line' id='line_1_38' title="bbox 137 2634 1593 2682; baseline -0.002 -12"><span class='ocrx_word' id='word_1_353' title='bbox 137 2638 314 2671; x_wconf 88' lang='lat' dir='ltr'><strong>decretum</strong></span> <span class='ocrx_word' id='word_1_354' title='bbox 335 2635 422 2681; x_wconf 79' lang='lat' dir='ltr'><strong>legit</strong></span> <span class='ocrx_word' id='word_1_355' title='bbox 444 2638 523 2672; x_wconf 86' lang='lat' dir='ltr'><strong>hoc.</strong></span> <span class='ocrx_word' id='word_1_356' title='bbox 567 2634 576 2648; x_wconf 74' lang='lat'>¹</span> <span class='ocrx_word' id='word_1_357' title='bbox 591 2638 740 2671; x_wconf 88' lang='lat' dir='ltr'><strong>Ioannes</strong></span> <span class='ocrx_word' id='word_1_358' title='bbox 765 2636 984 2671; x_wconf 83' lang='lat' dir='ltr'><strong>doctissimus</strong></span> <span class='ocrx_word' id='word_1_359' title='bbox 1009 2636 1092 2679; x_wconf 85' lang='lat' dir='ltr'><strong>(hac</strong></span> <span class='ocrx_word' id='word_1_360' title='bbox 1110 2635 1201 2670; x_wconf 85' lang='lat' dir='ltr'><strong>enim</strong></span> <span class='ocrx_word' id='word_1_361' title='bbox 1223 2634 1455 2682; x_wconf 82' lang='lat' dir='ltr'><strong>appellatione</strong></span> <span class='ocrx_word' id='word_1_362' title='bbox 1477 2634 1593 2679; x_wconf 87' lang='lat' dir='ltr'><strong>potius</strong></span> 
     </span>
     <span class='ocr_line' id='line_1_39' title="bbox 137 2681 1592 2728; baseline -0.001 -12"><span class='ocrx_word' id='word_1_363' title='bbox 137 2693 240 2728; x_wconf 89' lang='lat' dir='ltr'><strong>quam</strong></span> <span class='ocrx_word' id='word_1_364' title='bbox 268 2683 476 2717; x_wconf 79' lang='lat' dir='ltr'><strong>ornamentis</strong></span> <span class='ocrx_word' id='word_1_365' title='bbox 510 2696 531 2718; x_wconf 84' lang='lat' dir='ltr'><strong>a</strong></span> <span class='ocrx_word' id='word_1_366' title='bbox 563 2683 696 2719; x_wconf 84' lang='lat' dir='ltr'><strong>collatis</strong></span> <span class='ocrx_word' id='word_1_367' title='bbox 729 2684 765 2717; x_wconf 92' lang='lat' dir='ltr'><strong>in</strong></span> <span class='ocrx_word' id='word_1_368' title='bbox 795 2684 907 2728; x_wconf 90' lang='lat' dir='ltr'><strong>ipsum</strong></span> <span class='ocrx_word' id='word_1_369' title='bbox 939 2682 1136 2716; x_wconf 88' lang='lat' dir='ltr'><strong>muneribus</strong></span> <span class='ocrx_word' id='word_1_370' title='bbox 1159 2682 1374 2724; x_wconf 83' lang='lat' dir='ltr'><strong>delectatur)</strong></span> <span class='ocrx_word' id='word_1_371' title='bbox 1398 2681 1465 2714; x_wconf 86' lang='lat' dir='ltr'><strong>iam</strong></span> <span class='ocrx_word' id='word_1_372' title='bbox 1488 2686 1592 2715; x_wconf 85' lang='lat' dir='ltr'><strong>antea</strong></span> 
     </span>
     <span class='ocr_line' id='line_1_40' title="bbox 137 2727 1589 2775; baseline -0.002 -12"><span class='ocrx_word' id='word_1_373' title='bbox 137 2728 287 2763; x_wconf 90' lang='lat' dir='ltr'><strong>omnium</strong></span> <span class='ocrx_word' id='word_1_374' title='bbox 307 2739 421 2762; x_wconf 85' lang='lat' dir='ltr'><strong>rerum</strong></span> <span class='ocrx_word' id='word_1_375' title='bbox 441 2729 690 2775; x_wconf 84' lang='lat' dir='ltr'><strong>pulcherrimis,</strong></span> <span class='ocrx_word' id='word_1_376' title='bbox 713 2729 861 2764; x_wconf 88' lang='lat' dir='ltr'><strong>scientia</strong></span> <span class='ocrx_word' id='word_1_377' title='bbox 876 2728 1058 2774; x_wconf 84' lang='lat' dir='ltr'><strong>literisque</strong></span> <span class='ocrx_word' id='word_1_378' title='bbox 1075 2728 1266 2773; x_wconf 84' lang='lat' dir='ltr'><strong>inquimus,</strong></span> <span class='ocrx_word' id='word_1_379' title='bbox 1302 2727 1405 2762; x_wconf 82' lang='lat' dir='ltr'><strong>talem</strong></span> <span class='ocrx_word' id='word_1_380' title='bbox 1427 2739 1466 2761; x_wconf 86' lang='lat' dir='ltr'><strong>se</strong></span> <span class='ocrx_word' id='word_1_381' title='bbox 1490 2727 1589 2761; x_wconf 85' lang='lat' dir='ltr'><strong>exhi-</strong></span> 
     </span>
     <span class='ocr_line' id='line_1_41' title="bbox 136 2773 1590 2821; baseline -0.002 -12"><span class='ocrx_word' id='word_1_382' title='bbox 136 2774 215 2809; x_wconf 90' lang='lat' dir='ltr'><strong>buit</strong></span> <span class='ocrx_word' id='word_1_383' title='bbox 236 2778 276 2808; x_wconf 87' lang='lat' dir='ltr'><strong>ut</strong></span> <span class='ocrx_word' id='word_1_384' title='bbox 295 2785 365 2809; x_wconf 88' lang='lat' dir='ltr'><strong>nou</strong></span> <span class='ocrx_word' id='word_1_385' title='bbox 385 2774 462 2821; x_wconf 87' lang='lat' dir='ltr'><strong>ipse</strong></span> <span class='ocrx_word' id='word_1_386' title='bbox 482 2780 614 2811; x_wconf 88' lang='lat' dir='ltr'><strong>tantum</strong></span> <span class='ocrx_word' id='word_1_387' title='bbox 636 2775 857 2811; x_wconf 85' lang='lat' dir='ltr'><strong>admirationi</strong></span> <span class='ocrx_word' id='word_1_388' title='bbox 881 2780 992 2819; x_wconf 87' lang='lat' dir='ltr'><strong>esset,</strong></span> <span class='ocrx_word' id='word_1_389' title='bbox 1026 2786 1145 2811; x_wconf 87' lang='lat' dir='ltr'><strong>verum</strong></span> <span class='ocrx_word' id='word_1_390' title='bbox 1166 2775 1263 2811; x_wconf 84' lang='lat' dir='ltr'><strong>multi</strong></span> <span class='ocrx_word' id='word_1_391' title='bbox 1287 2775 1391 2809; x_wconf 86' lang='lat' dir='ltr'><strong>etiam</strong></span> <span class='ocrx_word' id='word_1_392' title='bbox 1413 2773 1490 2818; x_wconf 90' lang='lat' dir='ltr'><strong>alii,</strong></span> <span class='ocrx_word' id='word_1_393' title='bbox 1515 2773 1590 2807; x_wconf 89' lang='lat' dir='ltr'><strong>eius</strong></span> 
     </span>
     <span class='ocr_line' id='line_1_42' title="bbox 135 2820 1590 2869; baseline -0.001 -14"><span class='ocrx_word' id='word_1_394' title='bbox 135 2820 301 2856; x_wconf 82' lang='lat' dir='ltr'><strong>videlicet</strong></span> <span class='ocrx_word' id='word_1_395' title='bbox 318 2832 427 2866; x_wconf 84' lang='lat' dir='ltr'><strong>opera</strong></span> <span class='ocrx_word' id='word_1_396' title='bbox 442 2821 606 2858; x_wconf 81' lang='lat' dir='ltr'><strong>instituti.</strong></span> <span class='ocrx_word' id='word_1_397' title='bbox 651 2834 797 2869; x_wconf 86' lang='lat' dir='ltr'><strong>parvum</strong></span> <span class='ocrx_word' id='word_1_398' title='bbox 820 2827 945 2866; x_wconf 86' lang='lat' dir='ltr'><strong>autem,</strong></span> <span class='ocrx_word' id='word_1_399' title='bbox 970 2826 1007 2855; x_wconf 89' lang='lat' dir='ltr'><strong>ut</strong></span> <span class='ocrx_word' id='word_1_400' title='bbox 1024 2820 1176 2865; x_wconf 79' lang='lat' dir='ltr'><strong>videtur,</strong></span> <span class='ocrx_word' id='word_1_401' title='bbox 1198 2827 1306 2865; x_wconf 86' lang='lat' dir='ltr'><strong>ratus,</strong></span> <span class='ocrx_word' id='word_1_402' title='bbox 1332 2821 1363 2855; x_wconf 88' lang='lat' dir='ltr'><strong>si</strong></span> <span class='ocrx_word' id='word_1_403' title='bbox 1384 2820 1467 2855; x_wconf 90' lang='lat' dir='ltr'><strong>solis</strong></span> <span class='ocrx_word' id='word_1_404' title='bbox 1486 2831 1590 2854; x_wconf 87' lang='lat' dir='ltr'><strong>orna-</strong></span> 
     </span>
     <span class='ocr_line' id='line_1_43' title="bbox 135 2866 1590 2916; baseline 0 -15"><span class='ocrx_word' id='word_1_405' title='bbox 135 2872 232 2902; x_wconf 85' lang='lat' dir='ltr'><strong>retur</strong></span> <span class='ocrx_word' id='word_1_406' title='bbox 253 2866 431 2902; x_wconf 82' lang='lat' dir='ltr'><strong>literarum</strong></span> <span class='ocrx_word' id='word_1_407' title='bbox 447 2868 574 2903; x_wconf 80' lang='lat' dir='ltr'><strong>studiis</strong></span> <span class='ocrx_word' id='word_1_408' title='bbox 599 2869 725 2916; x_wconf 83' lang='lat' dir='ltr'><strong>(atqui</strong></span> <span class='ocrx_word' id='word_1_409' title='bbox 750 2868 835 2915; x_wconf 88' lang='lat' dir='ltr'><strong>quid</strong></span> <span class='ocrx_word' id='word_1_410' title='bbox 864 2868 919 2903; x_wconf 83' lang='lat' dir='ltr'><strong>his</strong></span> <span class='ocrx_word' id='word_1_411' title='bbox 946 2867 1054 2903; x_wconf 80' lang='lat' dir='ltr'><strong>maius</strong></span> <span class='ocrx_word' id='word_1_412' title='bbox 1075 2867 1257 2914; x_wconf 82' lang='lat' dir='ltr'><strong>quisquam</strong></span> <span class='ocrx_word' id='word_1_413' title='bbox 1276 2867 1526 2912; x_wconf 52' lang='lat' dir='ltr'><strong>existimem),</strong></span> <span class='ocrx_word' id='word_1_414' title='bbox 1553 2871 1590 2901; x_wconf 84' lang='lat' dir='ltr'><strong>et</strong></span> 
     </span>
    </p>
   </div>
  </div>
 </body>
</html>
