1748 3210
579 171 654 215 οΕ
686 152 960 216 MENsmus
990 170 1072 216 lv.
1467 170 1532 217 67

98 287 149 333 τό·
162 285 294 344 ἀέριον
318 289 411 343 πῦρ.
477 285 515 328 οἱ
534 286 577 329 δὲ
597 287 758 343 φυσικοὶ
776 284 896 342 ’Άρεα
921 285 995 340 μέν
1019 282 1094 339 οὗχ
1115 281 1170 335 ὥς
1190 284 1228 326 οἱ
1247 288 1534 341 γραμματικῶν

97 358 237 406 παῖδες
257 357 300 398 ἔκ
319 359 392 408 τῆς
415 352 569 410 ἅρσεως
589 356 656 397 καὶ
689 354 926 410 ἀναιρέσεως
955 352 1077 396 αῧτόν
1098 352 1379 407 ὀνομασθῆναί
1395 369 1533 409 φασιν,

97 423 191 467 εἰλλ’
213 425 256 466 ἐκ
271 426 344 465 τοῦ
367 421 525 478 ἀρήγειν
550 425 616 465 καὶ
641 420 936 476 συλλαμβάνειν
963 428 1046 472 τοῖς
1073 420 1177 464 κατὰ
1197 423 1292 475 βίαν
1314 422 1380 463 καὶ
1398 419 1532 475 μάχην

94 489 408 545 συμπτώμασιν,
442 489 469 544 ἢ
499 489 554 540 ὥς
584 490 768 547 ἀρκτικὸν
794 492 860 532 καὶ
883 493 1110 545 μεταβολῆς
1132 489 1258 532 αἴτιον
1287 487 1465 544 (διδόασι
1492 489 1535 531 δὲ

62 559 208 617 εαῦτῷ
225 558 382 613 ὕψωμα
402 558 471 600 τὸν
493 557 744 614 αι’γόκερων)·
778 557 805 612 ἢ
826 557 944 614 Ἄρεα
963 558 1032 601 τὸν
1048 557 1149 615 παρ’
1175 558 1350 615 ἀρρένων
1370 559 1436 600 καὶ
1456 555 1536 612 μό·-

93 644 174 670 νων
197 625 432 681 τιμώμενον,
465 625 492 680 ἢ
512 627 554 668 ἐκ
574 630 646 668 τοῦ
660 624 913 682 μάρνασθαι.
981 625 1135 682 ὁῖΆρης
1150 629 1306 680 χαλκοῦ
1330 627 1396 667 καὶ
1418 623 1536 680 σιδή-

93 712 168 752 ρου
190 693 350 751 εὑρετὴς
368 695 528 750 ἐγένετο.
570 693 643 748 τὴν
664 695 707 736 δὲ
718 694 960 751 Ἀφροδίτην
983 694 1022 736 οἱ
1041 696 1201 750 φυσικοὶ
1223 694 1317 736 ποτὲ
1335 695 1408 747 μὲν
1427 695 1539 752 αὐτῷ
1586 716 1597 728 ·

92 763 188 806 ποτὲ
209 763 252 806 δὲ
265 760 478 820 Ἡφαίστῳ
500 760 778 814 συνάπτουσιν,
799 761 916 804 οἱονεὶ
938 766 990 818 τῇ
1004 760 1109 821 ὑγρᾷ
1126 761 1243 820 οὗσίᾳ
1261 762 1335 816 τὴν
1352 761 1535 818 πυρώδη,

93 831 136 882 ἐξ
152 829 277 887 ὖγροῧ
302 829 504 885 δήπουθεν
525 832 592 872 καὶ
611 833 771 886 θερμοῦ
791 830 967 886 προϊέναι
987 830 1059 884 τὴν
1085 830 1233 885 γένεσιν
1254 829 1536 884 αἶνιττόμενοι·

41 897 120 954 1οῆ
148 900 216 942 καὶ
247 897 380 952 ἐπειδὴ
407 897 536 949 κοινὸς
569 898 703 949 αὐτοῖς
733 897 753 941 ὅ
783 899 993 955 σκορπίος,
1020 897 1159 953 Ἄρεος
1175 898 1250 951 μὲν
1270 902 1344 940 τοῦ
1358 900 1536 955 κέντρου,

91 971 174 1009 τῶν
205 967 248 1010 δὲ
275 970 408 1022 χηλῶν
430 967 681 1023 Ἀφροδίτης.
767 966 1059 1023 ἀποστρέφεται
1090 966 1134 1008 δὲ
1159 963 1293 1022 ὥσπερ
1325 965 1428 1008 κατὰ
1466 966 1537 1008 τὸν

91 1038 228 1088 μῦθον
245 1034 460 1091 Ἀφροδίτη
491 1034 560 1076 τὸν
585 1034 727 1091 Ἄρην,
762 1034 896 1090 ἐπειδὴ
929 1032 950 1076 ὅ
977 1034 1130 1088 χειμὼν
1156 1033 1378 1076 ἀκολουθεῖ
1389 1038 1447 1092 τῷ
1463 1038 1537 1077 τοῦ

84 1101 221 1159 Ἄρεος
247 1103 335 1160 ἰδίῳ
361 1101 658 1157 καταστήματι,
682 1100 708 1156 ἡ
734 1104 776 1145 δὲ
787 1103 1004 1160 Ἀφροδίτη
1025 1102 1230 1159 εὔκρατος.
1299 1101 1399 1145 ὥστε
1422 1103 1537 1144 ἔναν-

86 1171 185 1220 τίως
213 1169 346 1224 ἔχουσι
372 1170 473 1227 πρὸς
497 1169 685 1221 ἑαυτούς,
721 1171 815 1212 ἀλλ’
848 1171 898 1213 ὀὗ
922 1169 1102 1212 καθόλου
1117 1184 1128 1196 ·
1162 1173 1228 1213 καὶ
1250 1169 1327 1227 γὰρ
1349 1169 1538 1225 ἀλλήλοις

38 1237 196 1283 15κατᾶ
222 1238 268 1280 τὸ
299 1242 372 1280 τοῦ
403 1242 546 1295 καιροῦ
583 1240 772 1294 προσεχὲς
796 1237 1071 1281 συνάπτεσθαι
1107 1241 1293 1281 δοκοῦσι·
1326 1239 1429 1291 μετὰ
1459 1239 1538 1295 γὰρ

85 1309 267 1360 χειμῶνα
291 1306 336 1348 τὸ
358 1305 428 1363 ξἀρ
446 1306 698 1363 ἀναφέρεται.
747 1306 1013 1362 θεραπεύεται
1038 1308 1080 1349 δὲ
1100 1305 1121 1348 ὃ
1137 1307 1258 1363 Ἄρης
1272 1305 1385 1361 ἤχοις
1406 1305 1540 1348 ὅπλων

90 1375 159 1416 καὶ
190 1372 394 1430 σάλπιγξι,
428 1377 494 1416 καὶ
524 1375 591 1416 διὰ
621 1379 738 1417 τοῦτο
768 1375 878 1432 αὐτῷ
898 1375 970 1430 τὴν
990 1373 1153 1431 πρώτην
1172 1374 1312 1430 ἑορτὴν
1333 1374 1540 1417 ἐπετέλουν

90 1442 129 1483 οἱ
145 1439 356 1496 Ῥωμαῖοι,
395 1446 606 1492 καλοῦντες
642 1443 767 1496 αὐτὴν
795 1442 1127 1499 ἀρμιλούστριον,
1172 1444 1289 1485 οἱονεὶ
1323 1442 1540 1498 καθαρμὸν

89 1507 244 1561 ὅπλων,
270 1510 328 1564 μὴ
349 1511 561 1563 χείματος,
589 1510 647 1564 μὴ
670 1509 807 1566 ἑτέρας
827 1511 931 1561 τινὸς
948 1509 1218 1566 περιστάσεως
1238 1509 1446 1567 εἷργούσης
1467 1510 1540 1565 τὴν

31 1579 240 1632 Ξοκίνησιν
263 1581 343 1620 τῶν
361 1576 494 1620 ὅπλων
509 1579 571 1619 ἐπὶ
595 1582 653 1635 τῷ
670 1583 741 1620 τοῦ
758 1578 895 1633 Ἄρεος
917 1580 1051 1636 πεδίῳ.
1094 1577 1223 1632 ὄνομα
1245 1579 1289 1620 δὲ
1312 1579 1422 1636 αὐτῷ
1443 1577 1538 1620 κατ’

86 1647 335 1702 Αἷγυπτίους
355 1644 553 1702 Πυρῦεις,
585 1645 681 1688 ὅθεν
700 1648 766 1688 καὶ
785 1645 997 1697 Ξανθικὸς
1017 1647 1128 1704 παρὰ
1149 1645 1401 1690 ΖΠακεδόσιν.
1441 1645 1538 1688 ’Ἐλ-

89 1717 202 1768 ληνες
221 1714 264 1756 δὲ
287 1711 418 1766 αὐτόν,
437 1712 492 1764 ὡς
510 1715 677 1772 εἴρηται,
697 1714 816 1772 Ἄρεα
838 1716 880 1757 ἐκ
899 1719 978 1758 τῶν
995 1714 1243 1772 πραγμάτων
1265 1713 1537 1772 προσηγόρευ-

177 1821 199 1855 8
222 1817 262 1856 δὲ
285 1821 354 1856 add
372 1821 582 1857 Roetherus.

86 1911 223 1958 physici
239 1923 325 1947 vero
348 1913 509 1958 Martem,
534 1924 604 1947 non
627 1918 667 1948 ut
691 1913 999 1948 Grammaticorum
1023 1911 1099 1957 filii,
1124 1909 1164 1948 ἐκ
1185 1913 1251 1958 τῆς
1274 1908 1415 1957 &cosme
1439 1911 1481 1958 (ἰ.
1502 1925 1535 1948 e.

87 1970 110 1992 a
131 1958 342 2003 sublatione)
369 1964 406 1994 et
426 1957 646 2001 ἀναιρέσεως
670 1959 712 2002 (i.
739 1972 772 1993 e.
799 1961 841 1994 ab
864 1960 1124 2003 intersectione)
1152 1971 1228 1993 eum
1247 1959 1455 1993 nominatum
1481 1960 1536 1993 di-

87 2009 180 2048 cunt,
199 2005 260 2039 sed
280 2002 318 2038 ἐκ
339 2004 407 2039 τοῦ
432 2001 581 2048 ἀρήγειν
601 2005 643 2048 (i.
666 2017 699 2038 e.
721 2016 741 2038 a
762 2006 907 2039 ferendo
927 2005 1105 2049 auxilium)
1129 2010 1164 2039 et
1181 2005 1378 2039 adiuvando
1398 2005 1536 2038 casibus

87 2049 148 2094 qui
167 2054 248 2083 sunt
265 2049 302 2084 in
324 2050 363 2084 vi
385 2061 426 2084 ac
450 2061 578 2095 pugna,
598 2049 657 2085 vel
680 2055 843 2094 tanquam
867 2048 1040 2094 ἄρκτικόν
1062 2050 1104 2094 (i.
1131 2063 1164 2084 e.
1188 2051 1281 2084 initii
1307 2050 1535 2093 efficientem)

86 2099 124 2128 et
144 2095 343 2129 mutationis
369 2101 543 2129 auctorem
569 2095 765 2138 (assignant
788 2102 900 2129 autem
926 2096 959 2130 ei
980 2096 1205 2130 summitatem
1224 2108 1255 2130 s.
1275 2107 1438 2130 summam
1462 2101 1535 2130 sta-

84 2139 214 2174 tionem
240 2141 524 2185 Capricornum):
548 2141 606 2174 vel
618 2137 726 2182 ’Ἄρεα
749 2151 826 2175 eum
849 2142 910 2186 qui
934 2153 954 2176 a
978 2141 1060 2175 solis
1085 2141 1236 2176 maribus
1263 2142 1399 2186 colitur,
1423 2141 1480 2175 vel
1499 2139 1538 2175 ἐκ

85 2185 155 2219 τοῦ
178 2182 392 2228 μάρνασθαι
418 2186 465 2229 (i.
493 2198 526 2219 e.
554 2199 575 2220 a
598 2187 813 2230 pugnando).
860 2188 956 2221 Mars
982 2187 1072 2221 aeris
1098 2192 1135 2221 et
1158 2187 1244 2221 ferri
1267 2188 1431 2222 inventor
1454 2187 1535 2221 fuit.

85 2230 258 2264 Venerem
287 2237 399 2265 autem
423 2231 562 2276 physici
592 2234 692 2266 modo
723 2243 798 2266 cum
822 2232 881 2266 illo
906 2234 1006 2267 modo
1031 2244 1106 2267 cum
1131 2233 1286 2267 Vulcano
1311 2234 1537 2277 coniungunt,

86 2275 183 2310 velut
201 2287 276 2310 cum
295 2277 432 2310 humida
455 2277 607 2310 essentia
631 2277 779 2322 igneam,
805 2291 848 2313 ex
869 2279 1008 2313 humida
1027 2277 1193 2312 videlicet
1217 2285 1254 2313 et
1277 2279 1389 2313 calida⁴
1414 2284 1537 2312 natura

83 2321 226 2375 prodire
244 2323 500 2366 generationem
521 2323 668 2356 obscure
690 2323 945 2367 significantes:
966 2323 1023 2358 vel
1045 2324 1148 2358 etiam
1167 2325 1329 2368 quoniam
1351 2323 1537 2358 communis

82 2372 177 2401 mter
197 2378 256 2401 eos
275 2367 442 2412 Scorpius
461 2372 526 2411 est,
553 2379 628 2401 cum
646 2368 771 2403 Martis
796 2369 951 2403 stimulus
970 2369 1028 2414 sit,
1056 2370 1209 2414 forcipes
1235 2377 1350 2404 autem
1371 2368 1534 2402 Veneris.

86 2418 267 2446 aversatur
290 2418 414 2456 autem,
441 2417 480 2446 ut
502 2418 557 2447 est
576 2414 612 2447 in
634 2412 762 2457 fabula,
786 2415 905 2451 Venus
927 2416 1089 2459 Martem,
1114 2427 1189 2449 cum
1212 2412 1332 2459 hyems
1354 2413 1536 2448 comitetur

85 2457 211 2492 Mettis
233 2458 408 2503 proprium
429 2463 567 2503 statum,
593 2459 712 2493 Venus
736 2464 848 2495 autem
874 2461 921 2495 sit
943 2463 1035 2496 bene
1056 2466 1262 2507 temperata.
1309 2462 1427 2504 itaque
1451 2470 1535 2492 con-

86 2503 188 2537 trarii
206 2503 299 2537 inter
315 2515 354 2538 se
375 2510 466 2548 sunt,
491 2515 556 2539 nec
577 2508 693 2539 tamen
717 2507 872 2540 omnino:
897 2507 1023 2541 etenim
1050 2519 1094 2541 ex
1113 2506 1331 2551 tempestatis
1353 2504 1536 2539 continua-

84 2548 183 2582 tione
201 2548 294 2582 inter
310 2560 349 2583 se
366 2549 554 2585 cohaerere
573 2551 758 2592 videntum
779 2556 861 2596 post
877 2551 1022 2587 hiemem
1047 2553 1137 2588 enim
1157 2564 1222 2587 ver
1240 2552 1363 2586 oritur.
1410 2549 1535 2586 colitur

86 2598 202 2628 autem
222 2593 318 2627 Mass
342 2605 510 2628 armorum
531 2596 681 2641 strepitu
703 2602 739 2630 et
761 2598 868 2642 tubis,
894 2604 930 2632 et
947 2598 1037 2632 hanc
1057 2601 1101 2633 ob
1123 2609 1260 2633 causam
1280 2597 1313 2630 ei
1330 2595 1458 2640 primas
1476 2596 1533 2629 fe·

85 2639 158 2673 rias
182 2639 332 2682 agebant
354 2639 523 2684 Romani,
552 2648 718 2676 vocantes
743 2654 802 2676 eas
828 2643 1091 2688 armilustrium,
1118 2643 1214 2678 velut
1237 2641 1478 2687 purgationem
1501 2652 1534 2675 s.

86 2683 324 2718 lustrationem
347 2695 535 2730 armorum,
565 2699 634 2721 non
658 2687 771 2722 hiem‘e
795 2700 908 2734 neque
932 2689 1000 2723 alio
1026 2701 1108 2724 casu
1131 2688 1339 2735 prohibente
1364 2697 1534 2721 armorum

87 2730 329 2764 tractationem
345 2729 383 2763 in
400 2741 519 2775 campo
536 2731 679 2767 Martio.
713 2745 837 2768 nomen
856 2740 969 2769 autem
988 2735 1021 2769 ei
1042 2737 1134 2780 apud
1150 2733 1344 2778 Aegyptios
1363 2729 1534 2775 Πυρόεις,

87 2776 180 2810 unde
204 2780 241 2809 et
261 2774 451 2814 Ξανθικός
475 2778 567 2820 apud
589 2778 818 2821 Macedones3
843 2781 974 2814 Graeci
998 2787 1111 2815 autem
1137 2791 1225 2822 eum,
1248 2783 1288 2812 ut
1313 2777 1440 2813 dictum
1466 2783 1532 2822 est,

79 2815 187 2864 ’‘Aesoe
207 2832 228 2856 a
244 2822 349 2856 rebus
368 2820 556 2866 appellant.
594 2834 708 2868 neque
725 2824 816 2859 enim
835 2825 912 2870 quis
931 2826 1108 2860 invenerit
1124 2823 1320 2871 generalem
1338 2823 1396 2858 dei
1413 2823 1535 2869 appel-
