1748 3210
429 194 508 239 DE
531 191 977 238 MAGISTRATIBUS
1003 190 1052 237 P.
1079 190 1134 236 R.
1166 190 1272 235 LIB.
1301 190 1336 235 Ι.
1521 191 1616 238 123

92 360 98 370 θ
296 312 343 356 3.
381 306 588 363 Ῥωμύλος
606 308 739 352 τοίνυν
762 306 866 352 ὀκτὼ
885 307 987 366 πρὸς
1002 312 1086 358 τοῖς
1107 306 1204 350 δέκα
1225 305 1328 350 ἔτεσι
1349 305 1520 364 γεγονώς
1543 306 1617 350 σὺν

158 382 219 439 τῷ
247 377 414 437 ἀδελφῷ
436 376 565 436 Ῥέμῳ
594 377 666 433 τὴν
702 378 858 435 μητέρα
888 382 961 432 τῆς
989 378 1198 431 βασιλείας
1223 374 1383 431 Ῥώμην
1417 378 1616 430 ἐδείματο.

160 449 291 504 ὄνομα
306 449 352 490 δὲ
369 452 442 502 τῆς
462 447 590 504 ἀρχῆς
612 446 746 489 αὐτῶν
765 446 788 489 ὃ
810 447 956 488 Ἰταλοὶ
985 447 1142 502 λέγουσι
1163 442 1300 503 ῥήγιον
1310 477 1324 497 ,
1359 443 1444 488 οἷον
1467 463 1617 502 τυραν-

160 515 290 562 νικόν·
337 516 431 559 οὐδὲ
457 516 536 573 γὰρ
563 516 773 570 βασιλείας
800 512 1027 569 Ῥωμαϊκῆς
1055 512 1221 570 ἐννόμου
1251 515 1335 557 ἐστὶ
1358 512 1617 570 σημαντικόν,

125 585 218 638 ὄῶς
235 603 339 637 ‘cmg
357 583 712 639 ὗπολαμβάνουσι,
746 583 792 626 τὸ
811 582 948 641 ρήγιον
967 582 1116 638 ὄνομα·
1150 583 1248 626 ὅθεν
1269 582 1398 626 οὐκέτι
1421 582 1524 637 μετὰ
1544 582 1619 637 τὴν

157 655 330 711 ἐκβολὴν
343 659 425 698 τῶν
441 653 574 711 ῥηγῶν
594 653 706 710 παρὰ
718 651 954 707 Ῥωμαίοις,
975 653 1104 695 καίτοι
1119 652 1467 707 βασιλευομένοις,
1496 653 1618 708 ἐχρη-

157 723 338 780 μάτισεν.
403 723 537 779 ἕτερον
557 721 634 779 γὰρ
653 721 699 764 τὸ
721 725 794 777 τῆς
815 720 984 775 ἐννόμου
1007 723 1216 775 βασιλείας
1237 723 1305 764 καὶ
1326 722 1458 779 ἕτερον
1477 720 1523 762 τὸ
1545 737 1619 763 τυ-

157 793 344 851 ραννίδος
361 793 430 835 καὶ
452 790 552 834 ἄλλο
573 790 620 833 τὸ
640 794 714 846 τῆς
735 789 1054 847 αὐτοκρατορίας
1075 789 1249 844 ἀξίωμα.
1316 792 1384 832 καὶ
1416 788 1525 839 ὅπως
1550 789 1619 831 διὰ

156 861 344 918 βραχέων
377 861 470 917 ἐρῶ.
535 857 727 914 βασιλεύς
757 860 864 902 ἐστιν
894 857 915 901 ὃ
949 863 1030 901 τῶν
1061 857 1210 902 ἑαυτοῦ
1240 857 1428 914 ὑπηκόων
1459 861 1621 914 πρῶτος

104 928 292 988 1οψήφῳ
311 929 628 985 ἐπιλελεγμένος,
661 926 894 984 ἐπιβάθραν
921 927 1012 970 τινὰ
1042 926 1176 984 ὥσπερ
1204 929 1271 969 καὶ
1294 930 1470 984 κρηπῖδα
1495 924 1620 982 τύχης

157 1000 380 1057 κρείττονος
398 995 499 1054 ὖπὲρ
520 996 616 1047 τοὺς
636 995 784 1047 ἄλλους
805 994 964 1050 λαχών,
1014 993 1070 1046 ὧς
1095 999 1312 1052 Σοφοκλῆς
1331 998 1420 1053 περὶ
1438 996 1620 1045 Αἴαντος

156 1061 284 1119 εἶπεν,
331 1065 434 1120 ἔχειν
467 1064 591 1108 αὐτὸν
617 1063 787 1122 βάθραν
818 1070 891 1119 τῆς
922 1063 1116 1121 ἀγχιάλου
1141 1067 1386 1118 Σαλαμῖνος.
1452 1065 1555 1107 ἴδιον
1575 1065 1621 1106 δὲ

153 1135 356 1190 βασιλέως
384 1135 469 1177 ἐστὶ
499 1133 546 1177 τὸ
576 1135 731 1189 μηδένα
760 1132 957 1184 καθάπαξ
983 1138 1064 1176 τῶν
1085 1137 1158 1176 τοῦ
1176 1131 1467 1187 πολιτεύματος
1486 1131 1621 1187 νόμων

155 1202 357 1256 σαλεύειν,
405 1203 502 1245 ἀλλ’
524 1204 727 1260 ἐγκρατῶς
746 1202 819 1256 τὴν
840 1201 938 1255 ὄψιν
957 1205 1031 1256 τῆς
1049 1201 1195 1244 ἑαυτοῦ
1215 1204 1414 1252 πολιτείας
1433 1203 1623 1262 βασιλεία

102 1277 148 1316 15
160 1275 374 1330 διατηρεῖν,
397 1273 465 1314 καὶ
483 1271 609 1325 μηδὲν
627 1272 700 1324 μὲν
717 1270 810 1312 κατ’
833 1271 1049 1313 αὖθεντιάν
1065 1269 1142 1321 ἔξω
1160 1275 1241 1312 τῶν
1262 1269 1396 1324 νόμων
1415 1269 1620 1327 πράττειν,

155 1341 203 1384 τὸ
228 1342 272 1383 δὲ
293 1346 378 1390 τοῖς
401 1340 578 1397 ἀρίστοις
597 1343 672 1381 τοῦ
691 1337 983 1393 πολιτεύματος
1006 1340 1251 1396 συναρέσκον
1275 1337 1435 1396 ψήφοις
1458 1340 1621 1388 οἴκειάις

156 1410 476 1467 ἐπισφραγίζειν,
511 1407 665 1465 πατρὸς
687 1407 774 1461 ἅμα
797 1410 864 1450 καὶ
887 1406 1080 1463 ἡγεμόνος
1099 1408 1272 1465 στοργὴν
1292 1410 1382 1464 περὶ
1401 1407 1496 1458 τοὺς
1514 1405 1620 1462 ῧπη-

157 1476 280 1529 κόους
298 1475 605 1530 ἐνδεικνύμενον,
643 1475 779 1518 ὁποῖον
798 1474 895 1530 ἡμῖν
914 1476 1014 1526 θεὸς
1033 1479 1099 1519 καὶ
1118 1482 1260 1534 καιροῦ
1282 1476 1462 1531 δεξιότης
1484 1477 1621 1532 ἐχαρί-

155 1563 274 1591 σατο.
341 1545 437 1588 ἀλλ’
464 1545 539 1599 οὐχ
558 1544 686 1595 οὕτως
706 1543 727 1587 ὃ
747 1543 942 1601 τύραννος
962 1545 1060 1595 τοὺς
1084 1544 1155 1588 ὑπ’
1182 1546 1294 1604 αὐτῷ
1317 1544 1512 1595 πεσόντας
1531 1547 1620 1586 δια·

99 1614 357 1671 Ξθθήσεται,
406 1612 548 1672 πράξει
582 1615 626 1656 δὲ
655 1613 748 1655 κατ’
781 1615 966 1664 ἐξουσίαν
996 1611 1153 1670 ἀλόγως
1186 1614 1228 1656 εἴ
1249 1631 1287 1656 τι
1319 1617 1386 1656 καὶ
1417 1613 1622 1667 βούλεται,

155 1685 263 1740 μηδὲ
282 1682 432 1738 νόμους
453 1686 575 1737 τιμᾶν
598 1682 733 1734 ἀξιῶν,
765 1683 869 1738 μηδὲ
885 1680 1055 1740 γράφειν
1073 1683 1176 1737 μετὰ
1196 1687 1350 1737 βουλῆς
1372 1681 1622 1736 ἀνεχόμενος,

155 1760 248 1804 ταῖς
267 1754 313 1796 δὲ
335 1754 497 1803 οἰκείαις
518 1750 663 1809 ὁρμαῖς
684 1750 934 1807 ἐξαγόμενος.
1004 1751 1088 1795 ἔστι
1108 1752 1186 1808 γὰρ
1210 1752 1412 1806 βασιλέως
1434 1752 1508 1805 μὲν
1527 1750 1622 1807 τρό-

156 1839 234 1873 πος
253 1820 274 1864 ὅ
296 1819 419 1876 νόμος
428 1853 442 1874 ,
471 1819 668 1879 τυράννου
693 1821 736 1864 δὲ
754 1819 878 1876 νόμος
902 1819 923 1863 ὃ
941 1818 1102 1879 τρόπος.
1156 1819 1229 1876 (4)
1257 1821 1303 1862 τὸ
1322 1820 1400 1878 γὰρ
1418 1825 1498 1863 τῶν
1512 1821 1622 1862 Και-

251 1918 295 1953 10
318 1915 378 1952 ἐπὶ
397 1915 550 1962 βάθραν
572 1915 691 1962 vulgo.
844 1918 887 1952 13
910 1914 1159 1961 τὸν-νόμον
1183 1917 1232 1951 C:
1257 1928 1336 1952 corr
1357 1917 1403 1952 F.
1498 1916 1543 1952 16
1566 1914 1623 1951 οἰ-

249 1963 363 2004 κείοις
382 1964 432 1998 C:
457 1975 536 1998 corr
558 1964 604 1998 F.
742 1963 789 1998 20
811 1963 850 1997 εἴ
869 1965 930 2008 τι]
954 1963 1068 1998 malim
1094 1960 1117 1998 ὅ
1136 1975 1184 1998 τι.
1658 1975 1662 1979 ’

248 2043 286 2078 3.
332 2044 499 2078 Romulus
519 2043 628 2088 igitur
648 2042 890 2085 duodeviginti
914 2054 1021 2076 annos
1050 2047 1151 2077 natus
1180 2054 1255 2077 cum
1280 2044 1393 2076 fratre
1415 2042 1524 2076 Remo
1547 2042 1621 2076 Ro-

158 2101 269 2133 mam,
302 2088 442 2134 imperii
471 2094 636 2132 matrem,
671 2088 839 2122 condidit.
888 2100 1012 2122 nomen
1037 2095 1151 2123 autem
1173 2089 1311 2134 imperii
1336 2088 1495 2132 illorum,
1530 2090 1624 2132 quod

158 2135 240 2170 Itali
259 2134 380 2169 dicunt
398 2134 532 2179 regium
545 2161 554 2178 ‚
581 2134 619 2169 id
638 2140 692 2168 est
708 2134 945 2177 tyrannicum:
976 2146 1091 2180 neque
1113 2134 1203 2169 enim
1225 2134 1415 2179 legitimum
1440 2134 1623 2180 imperium

158 2181 374 2225 Romanum,
408 2187 448 2214 ut
474 2181 614 2224 quidam
641 2180 858 2224 existimant,
890 2192 1015 2214 nomen
1036 2181 1171 2225 regium
1193 2181 1381 2225 significat.
1428 2182 1521 2214 unde
1544 2185 1625 2225 post

158 2226 295 2260 eiectos
311 2237 414 2271 reges
436 2227 529 2271 apud
547 2227 743 2270 Romanos,
775 2227 932 2272 quamvis
958 2227 1128 2272 principis
1148 2227 1295 2272 imperio
1314 2232 1478 2272 parentes
1491 2253 1500 2270 ‚
1531 2227 1623 2260 haud

155 2271 307 2317 amplius
327 2278 530 2318 usurpatum
550 2278 618 2306 est.
666 2272 796 2318 quippe
818 2272 886 2306 alia
909 2279 964 2307 est
985 2273 1132 2317 legitimi
1155 2273 1385 2318 principatus,
1408 2273 1478 2306 alia
1498 2278 1622 2315 tyran-

160 2317 277 2361 nidis,
301 2317 370 2352 alia
390 2318 495 2352 etiam
514 2318 736 2363 imperatoris
759 2318 927 2362 dignitas;
964 2324 1069 2364 atque
1093 2324 1133 2353 ut
1153 2319 1272 2364 paucis
1296 2319 1426 2362 dicam,
1458 2318 1623 2362 princeps

156 2368 218 2398 est
243 2363 304 2408 qui
337 2364 464 2398 civium
489 2376 628 2399 suorum
656 2365 823 2409 suffragio
852 2365 983 2409 primus
1012 2366 1057 2399 ad
1084 2367 1228 2408 gradum
1257 2365 1356 2410 quasi
1386 2370 1422 2398 et
1445 2364 1624 2408 fastigium

155 2415 306 2443 evectus
331 2409 538 2445 eminentem
564 2422 671 2456 super
701 2410 787 2444 alios
819 2412 992 2445 fortunam
1017 2411 1161 2444 sortitus
1186 2415 1259 2453 est,
1295 2410 1405 2443 veluti
1431 2409 1625 2454 Sophocles

160 2455 208 2490 de
225 2454 332 2490 Aiace
350 2456 452 2501 dixit,
478 2463 602 2492 tenere
621 2468 697 2490 eum
714 2457 833 2491 sedem
856 2457 943 2490 mari
967 2456 1160 2491 adiacentis
1184 2456 1384 2490 Salaminis.
1433 2462 1488 2488 est
1511 2461 1625 2489 autem

160 2500 341 2554 proprium
360 2502 529 2548 principis
549 2502 673 2537 nullam
695 2502 833 2537 omnino
852 2503 1006 2536 civitatis
1027 2502 1141 2547 legum
1163 2507 1349 2535 concutere
1363 2527 1372 2543 ‚
1408 2503 1471 2535 sed
1498 2507 1625 2535 statum

161 2545 275 2590 :psius
296 2547 350 2580 rei
369 2548 529 2592 publicae
552 2549 700 2595 imperio
725 2554 926 2582 constanter
945 2549 1056 2592 tueri,
1090 2559 1205 2592 neque
1228 2547 1410 2592 quicquam
1439 2559 1501 2581 suo
1530 2547 1625 2581 arbi—

163 2596 259 2625 tratu
284 2592 452 2638 neglectis
473 2595 610 2640 legibus
632 2595 769 2638 facet-03
801 2595 865 2628 sed
889 2606 978 2639 quae
1002 2594 1078 2629 visa
1100 2593 1324 2638 optimatibus
1350 2592 1525 2636 civitatis,
1563 2605 1626 2627 suo

162 2637 333 2682 suffragio
355 2643 599 2685 comprobare,
636 2640 748 2686 patris
766 2640 868 2674 simul
894 2647 930 2674 et
952 2640 1050 2675 ducis
1074 2651 1224 2674 amorem
1248 2639 1285 2672 in
1306 2638 1483 2673 subiectos
1507 2643 1625 2673 osten-

163 2683 323 2725 dentem3
356 2684 490 2729 qualem
518 2687 619 2721 nobis
649 2689 736 2721 deus
769 2691 806 2720 et
834 2692 1026 2732 temporum
1051 2686 1202 2720 felicitas
1227 2686 1456 2720 donaverunt.
1504 2691 1541 2719 at
1558 2697 1627 2718 non

164 2728 218 2762 ita
234 2734 404 2772 tyrannus
427 2730 498 2765 sibi
518 2733 696 2767 subiectos
716 2732 904 2773 tractabit3
938 2734 1000 2766 sed
1018 2744 1082 2778 pro
1105 2731 1264 2777 potentia
1286 2736 1437 2774 temere,
1462 2731 1627 2775 quicquid

164 2772 338 2818 voluerit,
366 2781 468 2820 aget,
488 2776 584 2821 leges
604 2784 640 2813 et
663 2778 782 2813 vereri
800 2790 967 2812 recusans
993 2784 1031 2812 et
1051 2789 1127 2812 cum
1150 2783 1274 2811 senatu
1299 2778 1417 2819 ferre,
1441 2788 1525 2811 suae
1547 2782 1626 2810 tan-

165 2825 238 2853 tum
259 2831 385 2864 parens
408 2820 559 2856 libidini.
606 2830 662 2859 est
693 2824 784 2858 enim
819 2824 987 2869 principis
1019 2835 1093 2858 mos
1123 2823 1201 2866 lex,
1239 2828 1276 2856 et
1295 2822 1437 2866 tyranni
1459 2822 1516 2856 lex
1539 2834 1625 2856 mos.

164 2865 225 2910 (4)
249 2877 327 2901 118111
346 2866 612 2916 imperatorum,
640 2870 679 2907 id
699 2874 756 2906 est
772 2867 1080 2917 αὐτοκρατόρων,
1105 2880 1296 2915 cognomen
1313 2879 1427 2914 neque
1449 2868 1627 2915 principa-
