1748 3210
444 156 504 200 IN
541 155 758 200 LIBRUM
789 155 865 198 DE
899 153 1184 200 OSTENTIS.
1331 191 1333 193 .
1445 154 1540 200 393

91 279 176 307 sam
197 265 359 304 incurrit
381 272 420 304 et
439 266 563 304 oculis
584 272 643 304 est
664 266 836 304 orbatus.
878 264 970 304 vide
991 266 1034 303 C.
1053 266 1117 302 Fr.
1133 261 1313 302 Walchii
1330 273 1541 304 comment.

91 322 143 362 de
161 325 308 374 Glycae
329 324 567 361 annalibus*
557 337 598 360 111
618 323 894 360 Commentatt.
918 336 996 361 soc.
1020 323 1194 372 Gotting.
1216 322 1242 363 5
1275 324 1324 362 18
1346 335 1432 374 sqq.

201 393 242 431 p·
259 378 342 419 294
362 393 400 417 v-
425 380 462 419 1
519 377 593 429 τὴν
617 376 764 431 ἄλλην]
794 380 932 416 malim
954 394 1027 430 την
1049 377 1224 446 ἑτέραν,
1237 384 1281 415 ut
1301 379 1484 416 annotavi
1500 379 1543 415 111

90 446 181 474 ora:
210 447 439 487 quanquam
462 434 692 473 Eustathius
719 435 771 472 ad
793 437 841 473 Il.
870 439 888 475 l
920 437 1024 482 469,
1055 432 1150 474 ἄλλο
1182 429 1224 474 δ’
1253 433 1313 473 ἐνὶ
1339 432 1542 489 προδόμω,

88 489 166 529 hoc
193 503 318 542 genus
347 491 558 543 loquendi,
588 499 632 528 ut
655 489 774 539 ἄλλος
793 499 962 543 ponatur
979 504 1050 542 pro
1070 490 1221 556 ἕτερος,
1251 491 1438 542 frequens
1457 505 1542 528 esse

89 520 218 598 apud²³
220 549 371 586 Atticos
392 555 570 586 auctores
590 547 708 586 dicat.
752 555 855 586 certe
877 546 1045 600 Lydus
1034 560 1120 598 lpse
1143 548 1299 598 scripsit
1314 562 1387 599 την
1406 546 1540 601 ἑτέραν

86 616 128 655 p.
86 602 230 655 p295
258 603 329 644 24.

198 673 240 711 P·
259 661 341 700 296
361 673 401 698 v.
421 662 488 702 10·
546 656 830 728 αρχικωτερος]
862 661 961 698 verti
977 661 1107 709 aptior
1125 659 1213 697 ad
1196 660 1423 710 zmperium,
1443 658 1543 697 hae-

87 716 212 754 sitans
242 722 376 753 tamen
403 717 452 754 ob
482 715 667 754 adiectivi
687 712 849 770 αρχικός
867 717 994 754 varias
1017 715 1123 767 apud
1145 723 1321 753 auctores
1338 723 1427 767 post
1449 715 1542 753 Chr.

86 778 226 809 natum
249 772 566 822 significationes.
623 786 720 825 quas
749 786 842 823 age,
875 786 964 810 cum
990 786 1131 823 parum
1161 772 1366 810 distinctae
1395 775 1474 810 sint
1499 774 1541 810 in

82 827 250 876 lexicis,
281 826 348 866 hic
367 828 560 868 duntaxat
577 830 868 882 aliquantulum
887 835 1098 880 evagantes
1117 842 1407 867 enumeremus.
1466 824 1542 884 ἆρ-

86 880 199 936 χικός
215 885 323 922 valet

52 941 54 944 ’
201 939 252 992 1)
296 939 404 993 quod
426 942 599 992 pertinet
625 942 685 980 ad
701 943 979 992 principatum
1013 941 1096 979 sive
1133 942 1315 979 convenit
1343 943 1541 992 principi,

80 996 340 1048 principalis,
368 1011 558 1036 summus.
619 999 674 1035 ita
701 997 850 1035 habent
875 998 918 1035 S.
942 999 1154 1048 Gregorius
1171 1000 1373 1049 Nyssenus
1395 998 1444 1035 de
1463 998 1541 1035 110-

84 1054 206 1090 minis
227 1053 380 1104 opificio
401 1055 424 1093 1
454 1054 508 1094 58
527 1056 585 1103 B,
615 1055 721 1092 Orat.
750 1055 773 1094 1
797 1055 840 1091 111
860 1053 924 1102 id,
953 1055 1098 1091 faciam
1125 1053 1330 1092 hominem
1360 1054 1411 1091 ad
1437 1057 1542 1091 ima—

85 1110 223 1159 ginem
239 1115 362 1147 nostr.
382 1110 406 1149 1
438 1110 518 1150 143
534 1112 595 1158 Ar,
624 1109 741 1148 Philo
760 1109 1055 1148 Alexandrinus
1076 1110 1124 1148 de
1142 1110 1370 1148 Abrahamo
1391 1112 1472 1152 285
1489 1112 1518 1148 C
1529 1123 1542 1158 3

83 1163 284 1215 Theolog.
305 1164 504 1203 arithmet.
525 1169 550 1207 8
565 1168 619 1214 B,
650 1168 703 1206 38
720 1169 775 1214 Β,
806 1167 848 1204 S.
868 1169 1035 1204 Ioannes
1055 1166 1357 1218 Chrysostomus
1376 1166 1544 1203 homilia

87 1220 140 1262 15
159 1223 201 1258 in
219 1223 427 1272 epistolam
447 1223 612 1259 alteram
630 1221 681 1259 ad
702 1222 908 1260 Corinthos
928 1226 952 1262 3
983 1225 1065 1263 632
1094 1226 1173 1270 203
1204 1224 1246 1260 S.
1269 1223 1442 1260 Isidorus
1463 1225 1545 1260 Pe-

84 1277 230 1315 lusiota
253 1279 380 1328 Epist.
405 1276 488 1319 314
516 1280 597 1321 625
616 1280 666 1316 D.
724 1281 859 1331 sicque
886 1280 928 1317 S.
950 1280 1119 1316 Basilius
1136 1281 1304 1330 Magnus
1327 1278 1493 1316 homilia
1516 1281 1544 1319 2

83 1333 128 1371 111
156 1335 436 1372 Hexaemeron
464 1335 486 1373 1
517 1336 571 1375 21
598 1336 651 1372 C:
681 1331 824 1387 α’ρχική
843 1351 902 1383 τις
923 1334 990 1374 καὶ
1009 1333 1167 1388 πονηροὶ
1186 1331 1368 1386 δύναμις.
1426 1336 1543 1372 vertit

84 1388 326 1428 Godefridus
358 1391 596 1437 Tihnannus
620 1392 862 1442 principalis
897 1392 1095 1443 quaedam
1123 1406 1173 1429 ae
1203 1392 1314 1428 mala
1343 1393 1542 1441 potentia,

83 1443 162 1483 hoc
181 1453 261 1495 est,
296 1459 398 1498 quae
417 1454 554 1484 manat
573 1461 595 1484 a
612 1449 805 1499 principio
823 1448 946 1485 malo.
1005 1455 1244 1500 usurpatque
1263 1447 1405 1486 eodem
1424 1461 1543 1485 sensu

82 1501 194 1540 idem
211 1503 254 1541 S.
274 1504 445 1540 Basilius
464 1503 577 1549 Quod
597 1504 694 1541 deus
714 1518 793 1541 non
813 1511 870 1542 est
889 1511 1024 1541 auctor
1040 1506 1136 1541 mali
1162 1508 1179 1544 1
1213 1504 1292 1545 433
1316 1506 1363 1542 B.
1424 1511 1543 1555 atque

83 1559 140 1596 ita
161 1555 325 1612 ἀρχικόν
346 1574 388 1599 τε
405 1559 472 1599 καὶ
491 1557 699 1612 βασιλικόν
714 1561 898 1598 lubenter
917 1562 1046 1611 iungit
1062 1561 1257 1598 Eusebius
1274 1562 1543 1598 Demonstrat.

84 1627 227 1666 evang.
250 1614 330 1656 155
348 1616 392 1664 C,
421 1618 647 1668 Praeparat.
667 1630 808 1668 evang.
828 1619 909 1657 302
927 1619 976 1665 D,
1008 1619 1088 1658 331
1108 1619 1166 1663 D3
1199 1624 1237 1654 et
1253 1616 1347 1654 ibid.
1370 1620 1451 1658 372
1464 1619 1499 1653 A
1512 1618 1545 1653 B

82 1671 205 1709 tribui
226 1670 349 1709 Iudae
371 1669 417 1712 τό
435 1668 602 1725 οἷρχικόν
621 1669 776 1724 α’ξίωμα
797 1674 852 1710 ait
873 1687 958 1710 esse
979 1674 1246 1723 assignatum,
1281 1686 1383 1724 quae
1405 1671 1547 1709 eadem

83 1728 206 1765 verba
230 1735 438 1766 occurrunt
461 1728 568 1781 apud
586 1730 629 1768 S.
650 1732 842 1767 Ioannem
865 1728 1191 1780 chrysostomum
1212 1732 1388 1767 oratione
1408 1730 1450 1765 in
1469 1742 1545 1765 na-

83 1785 280 1822 tivitatem
314 1783 482 1833 Christi,
524 1793 563 1823 et
594 1785 702 1838 quod
730 1787 944 1837 unicuique
976 1786 1126 1823 climati
1152 1787 1327 1836 praesint
1355 1783 1544 1834 angeli5

81 1839 164 1881 853
193 1843 263 1882 28·
322 1837 483 1894 αρχικόν
511 1840 542 1893 ἦ
570 1843 706 1892 φιλία,
747 1853 906 1879 summa
932 1855 993 1878 res
1019 1843 1199 1878 αηιὶοίίια
1232 1848 1304 1885 est,
1340 1856 1439 1880 κατα
1474 1838 1546 1880 τὸν

77 1891 364 1948 Ἐμπεδοκλέα,
403 1896 677 1949 Athenagoras
711 1899 764 1935 ait
801 1900 1019 1948 Legatioue
1044 1911 1115 1948 pro
1143 1896 1377 1935 Christianis
1406 1900 1462 1937 22
1494 1898 1546 1933 D.

82 1964 107 1989 a
121 1954 306 1990 Nemesio
322 1955 518 1991 Emeseno
536 1961 669 1991 autem
690 1953 738 1991 de
754 1961 894 1991 natura
912 1953 1086 1991 hominis
1105 1953 1177 2004 (84
1193 1956 1229 1990 A
1250 1953 1314 1990 ed.
1333 1951 1545 2003 Matthaei)

82 2010 217 2045 anima
239 2006 310 2048 τόν
333 2004 496 2059 ἆρχικόν
517 2009 659 2046 dicitur
683 2009 835 2060 ἐπέχειν
855 2005 995 2060 λόγον,
1026 2009 1102 2047 hoc
1125 2017 1182 2047 est
1194 2011 1393 2060 principis·
1415 2010 1547 2046 locum

81 2064 267 2102 obtinere.
329 2066 385 2102 sic
405 2072 658 2116 opponuntur
675 2065 782 2116 apud
803 2066 844 2102 S.
863 2068 1041 2102 Marcum
1066 2068 1270 2103 eremitam
1295 2065 1343 2102 de
1362 2065 1545 2130 paradiso

83 2127 124 2158 et
143 2121 233 2171 lege
253 2122 450 2172 spirituali
469 2124 550 2163 898
566 2123 598 2158 Β
621 2117 780 2174 οἷρχικός
796 2120 1068 2176 ὖποτακτικῷ,
1101 2124 1135 2160 is
1155 2124 1225 2173 qui
1243 2124 1285 2159 in
1305 2124 1467 2172 imperio
1490 2129 1547 2158 esc

81 2175 238 2214 subdito
269 2177 390 2229 (quae
411 2191 493 2215 vox
512 2191 558 2215 eo
578 2191 698 2215 seusu
715 2191 794 2215 non
815 2185 874 2215 est
892 2180 934 2215 111
950 2177 1134 2229 lexicis);
1168 2187 1206 2216 et
1220 2180 1262 2217 S.
1281 2181 1405 2215 Maici
1424 2179 1546 2216 v·e1ba

80 2232 240 2270 iteravit
270 2232 483 2271 scholiasta
514 2233 566 2270 ad
596 2235 638 2272 S.
671 2235 830 2272 Ioannis
852 2235 1016 2272 Climaci
1036 2237 1183 2272 scalam
1200 2235 1374 2302 paradisi
1397 2238 1475 2275 102
1494 2237 1544 2272 A.

82 2287 269 2340 apudque
295 2290 337 2327 S.
361 2292 552 2327 loannem
575 2289 899 2341 Chrysostomum
920 2305 1102 2329 sermone
1122 2291 1177 2333 40
1207 2293 1250 2328 111
1277 2292 1546 2342 Evangelium

81 2346 241 2383 Ioannis
264 2348 291 2386 2
320 2346 402 2388 758
433 2347 484 2388 13
513 2348 555 2383 111
582 2348 703 2384 simili
729 2345 991 2384 disiunctione
1014 2355 1072 2386 est
1094 2364 1136 2388 το
1160 2344 1324 2400 αρχικόν
1348 2355 1386 2384 et
1410 2348 1451 2387 οἱ
1473 2343 1546 2398 ἅρ-

80 2397 256 2453 χόμενοι.
311 2403 442 2454 neque
467 2404 581 2440 aliter
605 2416 628 2440 a
658 2403 834 2454 patribus
858 2406 1034 2441 asceticis
1054 2406 1083 2440 ii
1105 2406 1173 2456 qui
1196 2406 1300 2440 inter
1321 2404 1448 2440 malos
1472 2416 1546 2453 ge-

81 2458 170 2495 nios
191 2457 311 2496 duces
329 2466 444 2507 sunt,
476 2455 632 2512 α’ρχικοὶ
650 2460 835 2510 δαίμονες
855 2461 983 2497 solent
1006 2463 1159 2508 vocari,
1190 2461 1299 2497 velut
1320 2473 1343 2496 a
1362 2459 1545 2497 Palladio

81 2514 229 2551 Histor.
259 2516 451 2552 Lausiaca
480 2519 534 2556 73
564 2518 617 2564 Β,
646 2518 700 2557 78
724 2517 783 2563 A,
814 2522 852 2552 et
882 2517 938 2553 sic
966 2529 1097 2567 saepe.
1157 2517 1382 2568 Sanctoque
1412 2518 1545 2554 Marco

44 2590 46 2594 =
80 2569 164 2606 iam
181 2579 397 2609 memorato
416 2570 682 2623 disputatione
706 2585 795 2608 cum
816 2571 1012 2609 causidico
1034 2572 1113 2613 974
1135 2574 1164 2610 C
1187 2574 1229 2612 οἱ
1249 2569 1405 2625 οἷρχικοί
1428 2586 1546 2622 supe-

81 2626 202 2662 riores
240 2634 331 2664 sunt
363 2630 494 2679 potius
528 2642 669 2681 quam,
710 2635 754 2665 ut
792 2631 910 2665 vertit
942 2631 1109 2666 Ioannes
1139 2631 1277 2677 Picus,
1319 2636 1541 2680 magnates.

0 2719 7 2734 ,
73 2688 216 2718 ¹contra
233 2682 340 2734 apud
359 2685 576 2722 Eusebium
595 2686 696 2722 Hist.
715 2685 855 2722 eccles.
875 2687 957 2726 366
976 2686 1011 2721 D
1030 2685 1072 2724 οἱ
1088 2685 1131 2725 ἐν
1149 2681 1329 2738 ἀρχικοῖς
1348 2682 1548 2737 ἀξιώμασι

20 2787 21 2790 ¹
81 2739 288 2788 speciatim
319 2739 504 2778 videntur
527 2742 831 2792 provinciarum
857 2742 1014 2791 imperii
1032 2742 1213 2779 Romani
1230 2749 1408 2779 rectores.
1471 2755 1546 2778 ne-

81 2806 158 2846 que
179 2795 257 2833 alio
276 2808 397 2839 sensu
412 2804 623 2850 usurpatur
641 2798 905 2851 superlativus
929 2793 1195 2852 ἆρχικώτατος
1207 2813 1219 2836 .·
1251 2799 1446 2837 Eusebius
1463 2799 1546 2836 De-
