1748 3210
664 173 740 217 DE
774 173 1063 218 OSTENTIS.
1329 216 1331 218 ,
1499 174 1528 218 3
1538 173 1596 220 15

289 285 340 332 κ’.
374 289 409 332 εἴ
432 285 635 346 βροντήσῃ
645 318 659 341 ,
697 286 898 332 ἀπώλειαν
916 291 1071 331 κλεινοῦ
1097 282 1316 345 ἀνθρώπου
1335 287 1403 330 καὶ
1425 284 1599 342 πόλεμον

157 357 318 401 ἀπειλεῖ.

290 421 368 467 κοί.
404 425 439 466 εἲ
457 421 686 482 βροντήσῃ,
721 421 851 475 λύπας
874 426 940 467 καὶ
963 425 1105 480 ζημίας
1121 427 1178 484 τῷ
1199 420 1315 482 δήμῳ
1336 421 1499 466 ἀπειλεῖ.

292 491 370 547 κβ’.
406 495 440 534 εἰ
461 491 687 550 βροντήσῃ,
731 493 921 549 εὐθηνίαν
949 493 1045 548 μέν,
1092 497 1272 548 χειμῶνα
1302 493 1344 535 δὲ
1373 492 1505 550 βαρὺν
1533 494 1602 534 καὶ

124 557 277 619 ὅῦγρόν
296 562 493 616 σημαίνει.

290 627 364 686 κγ’.
400 631 434 672 εἰ
448 626 664 686 βροντήσῃ,
687 627 756 671 τὸν
769 632 948 683 χειμῶνα
966 632 1040 672 τοῦ
1056 627 1169 680 ἔτους
1188 629 1302 672 ἐνδεᾶ
1317 627 1511 685 προλέγει.

291 695 368 740 κδ’.
402 699 436 740 εἰ
453 695 679 754 βροντήσῃ,
708 699 947 754 λειψυδρίαν
964 694 1126 740 ἄὴειλεῖ.
1193 701 1274 739 τῶν
1301 697 1344 738 δὲ
1368 692 1602 753 ἀκροδρύων

157 764 328 823 εὔφορία
354 765 491 809 ἔσται·
546 767 636 823 περὶ
666 765 710 807 δὲ
741 766 787 809 τὸ
829 764 1090 823 φθινόπωρον
1133 765 1324 815 θυέλλαις
1364 762 1603 822 διαφθαρή-

157 848 307 877 σονται.

104 909 149 944 10
292 899 362 945 κε’.
397 902 431 944 εἰ
446 900 649 959 βροντήσῃ
659 932 673 952 ,
717 901 760 943 ἔκ
791 899 990 954 διχονοίας
1013 903 1086 942 τοῦ
1105 894 1394 953 πολιτεύματος
1412 898 1605 957 τύραννος

157 968 445 1025 ἀναστήσεται,
482 971 547 1012 καὶ
572 968 693 1018 αὐτὸς
707 969 781 1023 μὲν
800 968 1029 1020 ἀπολεῖται,
1071 968 1229 1022 ζημίαις
1252 968 1296 1010 δὲ
1324 967 1544 1026 ἀφορήτοις
1565 969 1604 1011 οἳ

156 1039 319 1081 δυνατοὶ
337 1035 642 1092 ὖποστήσονται.

289 1103 364 1156 κς’.
398 1103 665 1161 εἶβροντῆσῃ,
699 1102 720 1147 ὃ
741 1103 865 1153 κακὸς
884 1100 1083 1158 δυνάστης
1099 1107 1230 1160 βουλῇ
1244 1107 1348 1147 θεοῦ
1363 1111 1551 1146 πεσεῖται.

289 1171 363 1226 κζ’.
394 1175 429 1215 εἰ
445 1171 649 1229 βροντήσῃ
659 1204 672 1225 ,
709 1173 870 1215 δυνατοὶ
889 1171 990 1228 πρὸς
1012 1169 1179 1222 ἑαυτοὺς
1196 1170 1518 1227 ὁιενεχθήσονται
1539 1174 1604 1213 καὶ

104 1249 147 1286 15
159 1237 358 1294 ἀλλήλους
379 1240 638 1293 διαλάβωσιν.

290 1307 366 1363 κη’.
402 1310 437 1350 εἴ
455 1305 673 1363 βροντήσῃ,
706 1313 853 1361 σημεῖα
874 1304 984 1349 ἴσται
1008 1304 1256 1363 πραγμάτων
1273 1304 1457 1363 μεγάλων
1477 1323 1605 1362 μηνυ-

155 1373 260 1419 τικᾶ.
328 1375 568 1430 εὐλαβητέον
588 1375 630 1417 δὲ
650 1375 708 1429 μὴ
733 1376 800 1416 καὶ
816 1375 913 1432 πυρὶ
935 1376 1168 1432 ἕπομβρίσει
1192 1377 1324 1428 ιάχοῦ.

291 1442 375 1486 κθ’.
410 1447 444 1486 εἷ
462 1443 680 1500 βροντήσῃ,
712 1442 868 1497 αὐχμὸν
889 1445 1088 1498 ἐπιβλαβῆ
1109 1443 1270 1485 ἀπειλεῖ.

293 1509 344 1555 λ’.
379 1514 413 1555 εἲ
428 1510 646 1569 βροντήσῃ,
676 1511 754 1554 ἀπὸ
768 1509 960 1568 χειρόνων
982 1513 1044 1553 ἐπὶ
1065 1512 1117 1555 τὰ
1135 1513 1299 1569 κρείττω
1318 1511 1369 1554 τὰ
1391 1509 1519 1554 κοινά.

246 1665 272 1700 2
339 1663 462 1708 μαίνει
482 1666 590 1711 Rutg.
755 1665 779 1700 ⁶7
800 1663 876 1698 τῶν
899 1662 990 1698 δέκα
1011 1664 1055 1698 C.
1218 1664 1261 1700 15
1287 1676 1331 1699 an
1354 1660 1609 1708 διαβάλωσινῖ

250 1710 295 1745 16
334 1721 391 1744 στι
408 1711 536 1746 mavult
558 1713 666 1756 Rutg.
770 1711 813 1744 17
833 1709 946 1743 καὶ-
959 1709 1090 1754 ἰαχοῢ]
1114 1709 1201 1745 haec
1224 1722 1293 1744 non
1315 1714 1395 1744 sunt
1412 1721 1497 1743 sana
1511 1736 1521 1754 ,
1546 1721 1611 1742 nec

248 1756 331 1800 quid
357 1757 477 1800 Lydus
507 1756 690 1802 scripserit
722 1756 834 1790 adhuc
864 1755 1042 1790 affirmare
1070 1756 1167 1790 licet.
1214 1768 1278 1802 pro
1302 1755 1410 1800 ἰαχοῦ
1434 1760 1548 1789 tamen
1571 1755 1609 1788 in

272 1807 408 1846 romptu
437 1806 492 1836 est
523 1800 669 1846 ἐνιαχοῦ
704 1801 851 1844 alicubi,
883 1802 1038 1846 uspiam:
1081 1803 1165 1838 vide
1191 1814 1270 1848 cap.
1295 1803 1353 1837 58.
1400 1800 1608 1846 Rutgersius

245 1811 353 1882 {abet
372 1845 608 1894 ἐπομβρήσηε
630 1847 764 1894 reliqua
786 1848 1012 1883 concordant.
1059 1849 1108 1883 H.

158 1985 267 2027 tonat,
286 1981 465 2018 interitum
483 1983 567 2018 clari
585 1983 732 2018 hominis
753 1983 947 2028 bellumque
971 1983 1132 2018 minatur.
1223 1983 1283 2018 21.
1309 1983 1341 2017 si
1363 1986 1473 2028 tonat,
1495 1983 1610 2028 aegri—
1668 2013 1671 2018 .

158 2028 297 2063 tudines
321 2034 357 2062 et
380 2029 587 2063 detrimenta
610 2030 758 2063 minatur
781 2029 908 2073 populo
930 2029 1100 2063 Romano.
1215 2029 1274 2063 22.
1300 2029 1332 2062 si
1353 2035 1475 2073 tonat,
1501 2031 1612 2063 abun-

158 2073 322 2118 dantiam,
343 2075 404 2109 sed
422 2074 570 2108 hiemem
591 2085 732 2118 gravem
754 2080 791 2106 et
809 2085 970 2116 aquosam
993 2075 1181 2118 significat.
1269 2074 1329 2109 23.
1353 2075 1385 2108 si
1406 2079 1516 2118 tonat,
1535 2075 1610 2108 hie-

159 2130 246 2153 mem
260 2119 341 2153 anni
356 2119 447 2153 illius
463 2130 578 2153 rerum
597 2118 869 2152 necessariarum
886 2118 1040 2162 indigam
1058 2121 1134 2153 fore
1152 2118 1336 2163 praedicit.
1428 2119 1487 2154 24.
1507 2120 1539 2153 si
1556 2125 1613 2154 to-

159 2169 232 2208 nat,
252 2165 432 2210 penuriam
455 2176 565 2209 aquae
588 2164 750 2198 minatur.
786 2165 966 2198 baccarum
992 2165 1029 2199 in
1050 2164 1230 2199 arboribus
1254 2166 1342 2198 uber
1364 2165 1432 2199 erit
1455 2177 1608 2210 proven-

161 2213 231 2253 tus,
255 2211 318 2244 sed
341 2212 406 2245 sub
428 2216 624 2244 autumnum
647 2208 807 2255 procellis
830 2209 1006 2254 peribunt.
1085 2211 1141 2246 25.
1166 2210 1198 2244 si
1220 2210 1385 2256 tonuerit,
1410 2223 1453 2245 ex
1472 2211 1609 2246 dissen-

160 2254 260 2289 sione
286 2254 339 2289 rei
366 2255 527 2301 publicae
556 2267 643 2289 unus
672 2255 817 2300 imperio
851 2255 1020 2309 potietur.
1067 2255 1098 2290 is
1120 2256 1273 2302 peribit,
1307 2257 1368 2291 sed
1391 2262 1553 2302 potentes
1574 2258 1612 2292 in

160 2300 339 2346 republica
359 2300 456 2335 malis
476 2300 750 2336 intolerabilibus
770 2301 978 2336 afficlentur.
1105 2302 1164 2337 26.
1189 2302 1220 2336 si
1243 2302 1408 2346 tonuerit,
1432 2303 1612 2349 improbus

159 2345 356 2380 dominator
381 2345 560 2381 voluntate
587 2348 728 2381 deorum
758 2346 998 2382 immortalium
1022 2353 1173 2382 corruet.
1309 2348 1367 2382 27.
1392 2348 1423 2382 si
1446 2350 1611 2393 tonuerit,

161 2396 323 2437 potentes
346 2391 438 2426 inter
460 2405 499 2428 se
522 2393 741 2427 dissidebant
767 2404 874 2437 seque
895 2393 1178 2428 circumvenient.
1316 2394 1374 2428 28.
1395 2394 1425 2428 si
1446 2395 1613 2437 tonuerit,

160 2437 323 2482 prodigia
349 2442 450 2472 erunt
475 2439 518 2473 de
547 2440 651 2473 rebus
681 2438 814 2482 magnis
846 2439 1077 2474 admonentia.
1125 2439 1315 2473 cavendum
1334 2445 1447 2474 autem
1469 2452 1515 2474 ne
1536 2439 1612 2485 igni

161 2493 300 2536 qpoque
314 2482 346 2518 *.
452 2486 509 2520 29.
529 2484 560 2518 si
582 2487 693 2528 tonat,
716 2483 908 2518 siccitatem
928 2485 1066 2519 noxiam
1089 2485 1249 2519 minatur.
1355 2486 1414 2522 30.
1434 2486 1466 2521 si
1486 2491 1611 2521 tonue-

163 2532 224 2573 nt,
245 2539 302 2564 res
319 2528 459 2576 publica
480 2542 502 2567 a
522 2530 698 2567 deteriore
721 2530 759 2565 in
780 2530 956 2566 meliorem
979 2536 1105 2566 statum
1123 2530 1319 2577 perveniet.
