1748 3210
359 173 435 217 DE
474 169 922 217 MAGISTRATIBUS
950 169 999 214 Ρ.
1030 168 1086 215 R.
1121 167 1226 212 Lm.
1261 166 1302 216 1.'
1451 166 1555 212 153

99 290 136 349 ἦ
159 287 479 347 καταστολαρία,
512 286 657 343 μιμικὴ
679 285 706 342 ῆ
730 291 801 330 νῦν
826 287 951 342 δῆθεν
980 282 1085 341 μόνη
1112 282 1341 339 σωζομένη,
1379 282 1558 337 τεχνικὸν

102 361 180 417 μὲν
194 359 342 415 ἔχουσα
361 358 498 410 οὐδέν,
533 355 639 415 λόγῳ
657 354 782 410 μόνον
800 355 846 398 τὸ
867 358 1026 410 πλῆθος
1044 351 1247 410 ἐπάγουσα
1263 354 1418 409 γε’λωτι.

241 426 323 474 41.
366 426 474 470 -(Ὀτι
496 427 539 469 δὲ
559 426 773 481 ἀναγκαῖον
789 423 901 478 οἶμαι
920 425 1170 481 ἐμβραδῦναι
1189 426 1248 480 τῷ
1265 419 1390 480 λόγῳ,
1425 435 1556 477 προσ-

105 494 228 553 θήσω
257 499 325 539 καὶ
357 500 492 538 τοῦτο.
552 492 758 537 ζΡίνθωνα
785 494 852 535 καὶ
875 492 1075 549 ,Ἀσκήραν
1109 493 1176 535 καὶ
1202 491 1358 534 Βλέσον
1375 491 1442 532 καὶ
1459 488 1559 539 τοῦς

64 565 255 616 ὔὸλλους
270 570 352 608 τῶν
369 561 632 620 Πυθαγόρων
651 561 766 617 ἔσμεν
784 562 830 604 οὗ
851 567 1005 619 μικρῶν
1025 558 1281 617 διδαγμάτων
1303 561 1366 602 ἐπὶ
1386 562 1459 613 τῆς
1481 574 1556 612 με-

103 633 234 693 γάλης-
253 632 451 684 Ἑλλάδος
474 633 662 689 γενέσθαι
690 629 925 686 καθηγητάς
939 663 952 683 ,
979 632 1047 673 καὶ
1069 628 1342 687 διαφερόντως
1361 625 1559 670 vav-‘Plr-

96 707 249 755 θωνα,
282 702 328 754 ὃς
358 701 588 759 ἑξαμέτροις
613 699 764 757 ἔγραψε
797 703 957 756 πρῶτος
985 701 1221 757 κωμῳδίαν·
1257 698 1299 749 ἐξ
1325 692 1372 740 οὗ
1398 699 1563 754 πρῶτος

105 772 246 826 λαβὼν
265 771 340 823 τὰς
360 770 551 829 ἀφορμὰς
573 770 796 819 Λουκίλιος
816 766 837 810 ὅ
856 766 1062 823 εΡωμαΐος
1085 766 1273 825 ῆρωῖκοῒς
1298 766 1430 809 ἔπεσιν
1456 765 1557 806 ἔκω-

106 839 284 899 μῴδησε.
350 840 453 895 μεθ’
487 838 532 881 ὃν
561 840 629 881 καὶ
655 838 750 891 τοὺς
777 837 870 891 μετ’
905 835 1026 879 αὐτόν
1034 868 1047 889 ,
1083 835 1154 887 οὓς
1173 841 1342 879 καλοῦσι
1357 833 1559 888 ζΡωμαῖοι

41 907 379 966 Χίωσατυρικοῦς,
405 908 443 951 οἶ
468 905 652 964 νεώτεροι
672 906 741 949 τὸν
761 906 966 963 Κρατίνου
987 908 1055 948 καὶ
1075 904 1301 954 Εὐπόλιδος
1318 907 1561 961 χαρακτῆρα

106 976 366 1034 ζηλώσαντες,
391 983 476 1028 τοῖς
493 977 566 1031 μὲν
579 974 803 1025 ςΡίνθωνος
821 976 982 1032 με’τροις
997 981 1082 1024 τοῖς
1101 974 1145 1016 δὲ
1159 977 1239 1016 τῶν
1258 971 1562 1028 μνημονευθένω

105 1063 188 1090 των
207 1049 445 1104 διασυρμοΐς
461 1042 732 1102 χρησάμενοι,
762 1043 836 1098 τὴν
855 1043 1074 1101 σατυρικὴν
1090 1041 1310 1100 ἓκράτυναν
1329 1042 1564 1098 κωμῳδίαν,

100 1113 380 1173 Ὁράτιοςμὲν
400 1113 472 1157 οὔκ
494 1114 573 1165 ἔξω
593 1118 665 1168 τῆς
683 1113 822 1168 τέχνης
835 1117 1004 1170 χωρῶν,
1032 1112 1211 1169 Πέρσιος
1233 1112 1276 1154 δὲ
1300 1111 1370 1153 τὸν
1391 1108 1565 1163 ποιητὴν

105 1182 310 1241 Σώφρονα
327 1181 590 1238 μιμήσασθαι
606 1183 741 1224 θέλων
763 1181 808 1224 τὸ
827 1180 1103 1239 Λυκόφρονος
1124 1185 1334 1238 παρῆλθεν
1357 1175 1561 1234 ἀμαυρόν·

51 1252 95 1292 15
110 1255 291 1310 Τοῦρνος
317 1253 360 1294 δὲ
386 1254 453 1294 καὶ
470 1250 734 1305 Ἰουβενάλιος
752 1252 818 1292 καὶ
837 1248 1089 1306 Πετρώνιος,
1126 1247 1300 1292 αὐτόθεν
1317 1255 1404 1298 ταῖς
1424 1249 1562 1288 λοιδο-

107 1323 215 1379 ρίαις
236 1319 536 1371 ἐπεξελθόντες,
563 1319 632 1361 τὸν
654 1318 869 1374 σατυρικὸν
887 1317 1011 1372 νόμον
1033 1319 1309 1375 παρέτρεσσαν.
1343 1318 1410 1359 καὶ
1432 1319 1562 1358 ταῦτα

105 1390 182 1444 μὲν
198 1390 288 1446 περὶ
307 1393 380 1444 τῆς
402 1388 574 1445 ἀρχαίας
594 1389 808 1444 κωμῳδίας
828 1404 869 1429 τε
891 1388 960 1428 καὶ
979 1389 1219 1444 τραγῳδίας.

244 1455 325 1503 42·
395 1461 483 1512 Τῆς
515 1457 558 1498 δὲ
587 1453 710 1511 τύχης
739 1455 791 1498 τὰ
816 1453 1032 1509 Ῥωμαίων
1061 1458 1117 1506 εἷς
1143 1454 1253 1510 ὕψος
1279 1449 1561 1510 ἀναφερούσης

105 1523 394 1580 ἠκολούθησαν
419 1523 581 1574 εἰκότως
610 1526 675 1566 καὶ
709 1524 939 1577 πταίσματα
948 1555 961 1575 ,
996 1526 1062 1566 καὶ
1094 1521 1366 1580 διαφερόντως
1393 1521 1560 1571 ἀσωτιά,

49 1593 208 1638 iodim&
229 1593 332 1648 μετὰ
351 1598 431 1637 τῶν
448 1592 621 1635 δυόδεκα
642 1593 790 1634 δέλτων
808 1594 875 1634 καὶ
893 1592 962 1634 τὸν
978 1593 1067 1648 περὶ
1089 1592 1266 1641 ἀσωτίας
1281 1588 1418 1643 νόμον,
1447 1588 1561 1645 παρὰ

106 1663 339 1722 Κορινθίων
373 1661 500 1705 πάλαι
532 1662 725 1713 τεθέντα,
759 1659 919 1718 γράψαι
943 1659 1187 1715 εΡωμαίους.
1256 1660 1387 1708 τίτλος
1409 1658 1452 1700 δὲ
1471 1656 1562 1712 ἤτοι

197 1760 218 1795 1
238 1757 507 1802 καταστολαρίοι
527 1757 611 1804 quid
633 1758 698 1800 sit,
720 1756 852 1791 nescio.
882 1758 929 1793 F.
977 1755 1166 1792 convenire
1184 1767 1259 1790 eam
1277 1753 1448 1788 riciniatis
1470 1754 1563 1799 apud

194 1805 338 1840 Festum
362 1805 472 1839 mimis
493 1805 642 1839 docebat
659 1805 836 1838 Reuvens.
1002 1804 1025 1837 2
1048 1800 1159 1837 οὐδὲν
1179 1799 1294 1847 λόγῳ,
1317 1798 1437 1844 μόνον
1456 1798 1495 1834 δὲ
1514 1798 1557 1834 τὰ

195 1851 360 1885 Osannus
377 1850 534 1885 Analect.
559 1850 636 1885 crit.
662 1862 698 1895 p.
718 1851 776 1885 78.
931 1849 955 1884 4
979 1849 1120 1893 Σκίροιν
1136 1847 1199 1882 καὶ
1214 1850 1371 1882 Βλαῖσον
1389 1845 1452 1880 καὶ
1471 1843 1564 1885 τοὺς

193 1890 328 1936 ἄλλους
346 1898 420 1931 τῶν
440 1894 736 1940 φλυακογράφων
759 1897 934 1930 Reuvens.
1095 1895 1116 1930 5
1141 1891 1186 1928 οὗ
1206 1894 1368 1938 μικρῶν]
1391 1892 1562 1935 κωμικῶν

192 1942 371 1989 Adolphus
390 1943 544 1987 Langius
570 1942 775 1984 (Schriften
796 1942 865 1976 und
883 1942 1007 1976 Reden
1029 1954 1066 1987 p.
1091 1941 1175 1984 99).
1326 1939 1367 1974 15
1397 1939 1563 1981 Τοῦρνος

195 1994 394 2034 corruptum
413 1993 512 2034 putat
530 1989 560 2022 F
572 2014 581 2030 ,
606 1993 723 2022 tuetur
742 1989 920 2022 Reuvens.
1055 1988 1102 2022 20
1120 1984 1189 2021 τὸν
1207 1983 1496 2020 δυοδεκάδελτον
1513 1985 1560 2019 F.

193 2031 312 2078 νόμον
335 2035 390 2078 F,
412 2031 531 2077 μόνον
554 2034 598 2067 C.

103 2123 196 2147 nunc
218 2112 294 2147 sola
313 2115 425 2147 restat
449 2110 645 2155 comoedia,
670 2109 851 2145 artificiosi
875 2110 924 2145 nil
944 2110 1098 2155 habens,
1123 2122 1281 2145 sermone
1301 2112 1435 2145 tantum
1456 2109 1564 2145 risum

105 2169 248 2194 movens
269 2157 491 2192 multitudini.

195 2205 255 2238 41.
301 2203 475 2244 Quoniam
501 2215 586 2238 vero
608 2202 645 2236 in
669 2206 868 2248 argumento
890 2202 1136 2237 immorandum
1161 2201 1337 2247 existimo,
1374 2202 1440 2236 hoc
1459 2202 1563 2236 etiam

107 2249 245 2283 addam.
290 2249 524 2284 Rhinthonem
555 2249 719 2283 Asceram
752 2254 786 2283 et
816 2249 953 2283 Blesum
978 2249 1134 2292 aliosque
1155 2249 1454 2292 Pythagoreorum
1479 2260 1563 2282 con-

107 2299 180 2329 stat
211 2295 428 2340 egregiarum
460 2295 717 2341 disciplinarum
748 2295 786 2328 in
814 2307 939 2339 magna
965 2294 1118 2328 Grae‘cia
1149 2300 1307 2328 auctores
1349 2294 1475 2338 fuisse,
1521 2306 1564 2328 ac

106 2340 297 2387 praecipue
335 2342 591 2386 Rhinthonem,
633 2341 694 2387 qui
732 2341 861 2386 primus
901 2341 1109 2376 hexametris
1147 2341 1360 2375 comoediam
1397 2340 1564 2385 scripsit3

106 2396 210 2431 quem
250 2387 380 2433 primus
415 2387 570 2422 imitatus
600 2387 756 2421 Lucilius
787 2388 962 2422 Romanus
994 2386 1146 2421 heroicis
1172 2387 1332 2420 versibus
1366 2386 1563 2420 comoedias

107 2433 313 2479 composuit.
360 2438 441 2479 post
472 2434 563 2468 hunc
594 2438 628 2467 et
659 2433 720 2479 qui
748 2445 823 2467 eum
851 2433 983 2477 secuti,
1018 2444 1104 2478 quos
1128 2433 1301 2476 satyricos
1324 2431 1472 2466 Romani
1498 2443 1563 2466 vo·-

106 2483 209 2523 caut,
240 2480 470 2524 recentiores,
508 2479 646 2514 Cratini
670 2484 705 2513 et
731 2479 915 2525 Eupolidis
941 2478 1065 2513 aemuli
1088 2478 1318 2522 characteris,
1353 2477 1565 2512 Rhinthonis

107 2528 217 2558 metro
251 2529 285 2559 et
316 2531 580 2560 memoratorum
601 2525 787 2560 dicacitate
810 2526 886 2570 usi,
923 2525 1110 2570 satyricam
1134 2525 1345 2558 comoediam
1367 2525 1565 2558 firmarunt:

109 2574 145 2603 et
167 2569 334 2605 Horatius
356 2571 493 2616 quidem
515 2573 559 2606 ab
584 2578 660 2606 arte
682 2583 750 2605 non
776 2571 970 2615 aberravit,
1006 2570 1148 2604 Persius
1180 2575 1311 2613 autem,
1347 2570 1566 2616 Sophronem

106 2619 246 2661 poetam
263 2615 394 2651 imitari
413 2618 568 2664 cupiens,
593 2617 837 2664 Lycophronis
857 2617 1038 2662 caliginem
1059 2617 1256 2662 superavit3
1280 2617 1434 2660 Turnus,
1458 2617 1563 2650 Iuve-

106 2660 196 2695 nalis
221 2666 256 2695 et
277 2662 481 2708 Petronius,
509 2664 671 2699 continuo
694 2663 862 2698 conviciis
883 2664 1075 2705 irruentes,
1099 2662 1246 2708 satyrici
1269 2662 1430 2697 carminis
1453 2662 1564 2707 legem

106 2706 296 2741 violarunt.
343 2708 430 2744 haec
453 2711 497 2744 de
519 2716 639 2745 vetere
665 2710 842 2745 comoedia
866 2709 1127 2754 tragoediaque.

196 2753 254 2787 42.
301 2754 458 2790 Fortuna
479 2760 591 2791 autem
615 2757 801 2791 extollente
823 2768 895 2790 rem
919 2757 1119 2798 Romanam,
1144 2757 1274 2798 secuta,
1298 2757 1336 2788 ut
1357 2754 1435 2787 fieri
1458 2757 1561 2795 amat,

103 2797 195 2832 vitia
226 2803 324 2845 sunt,
359 2811 401 2835 ac
430 2803 635 2855 praesertim
666 2803 826 2845 luxuria,
864 2807 902 2836 ut
931 2806 1069 2847 praeter
1091 2800 1270 2834 duodecim
1293 2799 1428 2834 tabulas
1451 2800 1561 2844 legem

105 2854 244 2890 quoque
263 2845 308 2881 de
329 2845 484 2895 luxuria,
515 2859 538 2884 a
557 2848 750 2885 Corinthiis
773 2849 854 2884 olim
874 2849 998 2894 latam,
1028 2847 1235 2894 scripserint
1253 2845 1416 2882 Romani.
1463 2846 1563 2881 cuius
