1748 3210
239 222 264 265 1
275 220 330 265 16
754 213 972 257 IOANNIS
1006 213 1138 255 LYDI

236 325 431 378 δευτέρας
457 325 544 365 τῶν
573 322 822 363 Φοινικικῶν
849 321 927 360 τοῦ
951 316 1172 371 Ἑρεννίου
1204 319 1394 370 Φίλωνος
1421 319 1490 358 ἔστι
1509 323 1651 370 λαβεῖν,

233 393 308 436 καὶ
346 393 594 447 βασιλεῦσαι
634 388 678 430 δὲ
707 382 894 439 αὐτόνῆ
925 384 1088 436 ἱστορία
1116 386 1416 432 παραδίδωσιν,
1448 386 1495 430 ὥς
1524 387 1652 433 ἔμπρο-

236 463 343 501 σθεν
372 452 670 510 ἀφηγησάμην,
699 454 798 494 κατά
824 466 867 492 τε
896 449 975 504 τὴν
1001 448 1171 503 Λιβύην
1197 453 1258 488 καὶ
1284 453 1494 499 Σικελίαν,
1523 455 1654 489 οἰκίσαι

237 540 275 562 τε
303 524 390 566 τούς
420 522 590 568 τόπους,
619 518 691 560 καὶ
723 519 836 559 πόλιν
864 517 1015 566 κτίσαι,
1051 515 1106 565 ὡς
1133 514 1156 557 ὁ
1179 515 1324 570 Χάραξ
1346 517 1462 572 φησί,
1486 518 1556 565 τὴν
1575 518 1654 554 τότε

237 591 301 637 μὲν
322 586 539 641 λεγομένην
565 585 765 637 Κρονίαν,
793 586 874 624 νῦν
897 582 942 624 δὲ
965 581 1100 635 Ἱεράν
1127 581 1265 629 πόλιν,
1293 580 1348 626 ὣς
1371 582 1557 637 Ἰσργονος
1575 584 1688 628 mols

236 656 467 701 Ἑλληνικῶν
504 654 620 693 θεῶν
651 650 723 693 καὶ
760 649 968 702 Πολέμων
1005 647 1077 690 καὶ
1117 646 1327 702 Αἰσχύλος
1364 647 1409 689 ἐν
1446 651 1499 703 τῇ
1526 648 1657 701 Αἴτνῃ

236 721 529 766 παραδιδόασιν,
567 716 590 765 ἦ
622 717 670 760 ὥς
697 720 799 756 πᾶσα
827 712 853 770 ἦ
885 715 1051 767 ἱστορία
1077 713 1184 756 κατὰ
1212 712 1288 756 τὸν
1316 709 1541 766 Εὐήμερον
1566 726 1660 753 ποι-

238 786 432 831 κίλλεται,
463 789 584 832 σοφῶς
611 784 679 830 τήν
707 784 794 823 τῶν
822 780 1060 835 λεγομένων
1088 782 1205 821 θεῶν
1232 776 1540 833 ὑπογράφουσα
1565 782 1660 820 θεω-

237 856 322 899 ρίαν
334 875 636 888 .............
651 845 886 895 ἀποκρύπτει
899 871 1079 884 ........
1093 861 1162 886 ον.
1176 872 1186 883 .
1200 873 1210 883 .
1224 872 1235 883 .
1249 847 1322 888 δα.
1335 871 1346 882 .
1359 855 1451 886 εσεν
1460 867 1662 881 .........

238 916 326 954 ὥστε
354 918 415 953 καὶ
443 919 562 958 καλῶς
593 911 614 955 ὁ
648 915 694 954 Π
706 938 886 950 ........
910 913 947 949 ἐν
975 915 1031 965 τῷ
1060 912 1157 962 περὶ
1184 910 1404 955 Διονύσου
1433 908 1538 964 φησὶ
1565 907 1664 958 τούς
1675 919 1716 953 10

238 986 402 1024 δικαίους
430 985 503 1018 τῶν
531 980 712 1028 βασιλέων
740 982 801 1016 καὶ
831 977 967 1025 ἱερέων
996 981 1088 1026 ταῖς
1117 979 1227 1027 ἰ’σαις
1255 984 1384 1031 τιμαῖς
1485 973 1562 1018 ὑπ’
1592 973 1666 1017 αὕ-

239 1052 313 1086 τῶν
349 1051 420 1084 τῶν
459 1047 576 1088 θεῶν
617 1044 688 1087 καὶ
725 1044 1034 1098 προσηγορίαις
1062 1046 1307 1098 τιμηθῆναι,
1356 1041 1576 1096 καὶταύτῃ
1603 1041 1668 1087 μὲν

241 1117 411 1161 εἰρῆσθαι
439 1113 634 1160 μυθικῶς,
664 1110 742 1165 τήν
771 1110 815 1152 δὲ
844 1111 1037 1162 ἱστορίαν
1065 1110 1326 1156 πεπλασμένως
1344 1106 1668 1162 παραδεδόσθαι.
1711 1129 1714 1133 ·

238 1179 322 1223 εἰσὶ
352 1178 397 1220 δὲ
427 1179 473 1220 οἴ
498 1187 604 1230 φασι
631 1174 709 1218 τὸν
733 1175 908 1229 Κρόνον,
938 1175 962 1224 ἢ
992 1176 1089 1218 κατά
1121 1173 1379 1221 ἁντιστοιχείαν
1406 1176 1469 1213 τὸν
1497 1174 1667 1226 χρόνον,

245 1234 438 1292 Οὐρανοῦ
469 1240 578 1284 εἶναι
605 1242 755 1283 παῖδα·
795 1242 866 1284 καὶ
904 1241 986 1295 γὰρ
1027 1242 1073 1284 ἐκ
1110 1245 1185 1295 τῆς
1214 1238 1407 1293 οὐρανοῦ
1435 1243 1612 1290 κινήσεως
1645 1237 1721 1284 (315

242 1309 410 1366 χρόνος.
465 1307 512 1350 ἐν
550 1307 596 1350 δὲ
632 1309 691 1362 τῷ
720 1306 818 1350 κατ’
848 1306 981 1350 αὐτόν
1010 1309 1130 1362 ἱερῷ,
1173 1304 1230 1356 ὤς
1258 1317 1365 1361 φησι
1395 1305 1603 1360 Φύλαρχος
1632 1307 1670 1344 ἐν

243 1381 287 1425 τῇ
323 1371 655 1429 ἑπτακαιδεκάτῃ
684 1373 754 1416 καὶ
783 1372 1043 1426 Μένανδρός
1073 1388 1119 1427 γε
1148 1377 1190 1422 τῇ
1219 1371 1386 1429 πρώτῃ,
1428 1370 1525 1416 οὔτε
1561 1371 1670 1426 γυνὴ

246 1442 335 1485 οὔτε
370 1444 466 1480 κύων
504 1439 591 1482 οἷ’-τε
628 1443 731 1493 μυῖα
767 1437 908 1495 εἰσῄει.
966 1443 1142 1482 τοιαῦτα
1177 1438 1249 1486 μὲν
1282 1435 1355 1480 οὖν
1389 1444 1480 1490 τοῖς
1515 1439 1672 1490 ἔξωθεν

245 1510 412 1556 εἴρηται·
443 1507 462 1545 ὁ
493 1507 531 1544 δὲ
562 1507 657 1553 ἱερὸς
682 1505 809 1559 λόγος
838 1506 1004 1562 (αὐτοῖς
1031 1505 1114 1560 γάρ
1142 1509 1233 1553 τοῖς
1259 1508 1339 1547 τοῦ
1364 1509 1532 1553 μεγάλου
1561 1502 1673 1558 Πρό-

244 1578 353 1619 κλου
391 1570 622 1628 χρησόμεθα
660 1574 813 1621 ῥήμασι)
852 1571 956 1624 πρὸς
992 1571 1102 1622 λέξιν
1141 1570 1276 1621 οὕτως
1302 1570 1426 1625 λέγει.
1483 1569 1506 1614 ὁ
1545 1572 1584 1610 δὲ
1625 1564 1669 1618 δή
1682 1583 1726 1619 20

246 1639 427 1690 Κρόνος,
470 1638 668 1690 τέταρτος
708 1636 790 1685 ὧν,
835 1643 896 1676 καὶ
924 1643 986 1689 βίᾳ
1016 1640 1165 1684 δέχεται
1193 1636 1242 1679 τό
1271 1634 1430 1691 πατρός
1458 1639 1673 1692 σκῆπτρον

245 1705 319 1750 καὶ
347 1705 614 1757 παραδίδωσι
642 1706 701 1760 τῷ
729 1707 834 1742 παιδὶ
861 1704 1057 1755 βιασθείς,
1086 1703 1193 1747 κατὰ
1221 1701 1269 1746 τὸ
1298 1706 1377 1746 τοῦ
1399 1702 1545 1758 μύθου
1573 1702 1674 1756 πρό-

249 1783 384 1820 σχημα·
449 1770 497 1813 τὸ
527 1770 572 1814 δὲ
601 1771 742 1814 αἴτιον
768 1775 835 1818 τῆς
862 1773 1041 1826 τοιαύτης
1072 1772 1296 1826 διασκευῆς
1324 1770 1367 1813 οἱ
1394 1769 1572 1825 μυθικοὶ
1604 1771 1674 1812 δο-

318 1878 328 1883 “
342 1871 385 1925 12
406 1869 518 1948 mali?
534 1870 663 1905 ταῦτα.
693 1869 848 1906 Hiems.
962 1871 1004 1906 18
1028 1869 1136 1916 εἰσείη
1159 1871 1201 1906 C.
1336 1871 1379 1906 21
1402 1868 1468 1905 τόν
1491 1870 1534 1904 C.
1557 1869 1674 1914 quidni

338 1928 381 1950 το
406 1926 472 1949 του

251 2008 295 2041 de
314 2006 461 2038 Saturno
482 2005 630 2049 habent,
665 2005 941 2050 quemadmodum
971 2017 1013 2040 ex
1039 2005 1127 2039 libro
1151 2007 1299 2041 secundo
1321 2005 1581 2040 Phoeniciorum
1602 2003 1675 2036 He-

250 2050 364 2085 rennii
391 2050 543 2083 Philonis
566 2050 648 2083 licet
668 2051 937 2095 deprehendere.
964 2056 1000 2084 et
1016 2062 1179 2094 regnasse
1198 2064 1271 2092 eum
1291 2051 1434 2085 historia
1450 2050 1567 2092 tradit,
1588 2049 1677 2082 sicut

252 2095 410 2139 superius
429 2095 590 2139 exposui,
624 2095 660 2128 in
677 2096 795 2129 Africa
815 2095 1003 2139 Siciliaque
1016 2122 1024 2138 ‚
1058 2096 1246 2149 incolisque
1264 2098 1499 2140 frequentasse
1515 2095 1610 2136 loca,
1642 2098 1678 2125 et

253 2139 447 2173 condidisse
475 2141 613 2183 urbem,
651 2147 689 2173 ut
715 2141 852 2174 Charax
881 2140 944 2183 ait,
980 2151 1067 2184 quae
1098 2142 1226 2174 Cronia
1253 2147 1434 2175 vocaretur
1454 2146 1554 2182 tunc,
1588 2149 1677 2172 nunc

252 2184 469 2227 Hierapolis,
494 2185 770 2228 quemadmodum
792 2186 949 2228 Isigonus
977 2186 1019 2218 de
1047 2186 1112 2219 diis
1135 2187 1279 2220 Graecis
1306 2193 1341 2220 et
1364 2185 1526 2219 Polemon
1554 2189 1590 2217 et
1609 2182 1677 2216 Ae-

253 2229 392 2272 schylus
415 2228 452 2261 in
476 2228 587 2262 Aetna
608 2231 748 2264 tradunt
774 2254 783 2263 .
809 2230 863 2263 vel
886 2235 924 2263 ut
947 2229 1055 2264 omnis
1079 2231 1222 2264 historia
1244 2237 1383 2265 auctore
1405 2231 1577 2263 Evemero
1600 2227 1677 2261 illu—

255 2280 401 2316 stratur,
435 2273 613 2316 ingeniose
635 2286 751 2308 eorum
775 2275 834 2318 qui
858 2274 906 2307 dii
937 2275 1149 2318 appellantur
1178 2278 1428 2310 submonstrans
1451 2274 1678 2318 cognitionem

258 2343 269 2353 .
289 2343 298 2352 .
318 2343 326 2351 .
346 2318 524 2351 abscondit
539 2343 548 2352 .
569 2342 578 2352 .
597 2343 605 2352 .
624 2324 728 2363 utque
750 2324 844 2353 recte
866 2318 994 2352 idcirco
1016 2319 1044 2352 P
1064 2344 1073 2353 .
1093 2345 1102 2353 .
1125 2345 1134 2353 .
1167 2321 1202 2353 in
1223 2320 1500 2354 commentatione
1523 2319 1566 2352 de
1588 2319 1674 2351 Bac-

257 2364 321 2397 cho
354 2362 482 2396 dixerit
509 2363 647 2406 regibus
678 2369 713 2397 et
740 2364 974 2397 sacerdotibus
997 2364 1096 2398 iustis
1121 2365 1278 2408 aequales
1309 2377 1383 2398 esse
1407 2365 1551 2398 honores
1575 2367 1677 2406 atque

256 2407 502 2452 appellationes
526 2410 568 2440 ab
592 2408 677 2452 ipsis
703 2409 769 2442 diis
793 2409 1036 2442 immortalibus
1059 2409 1267 2454 impertitos,
1305 2416 1339 2442 et
1361 2408 1436 2442 illos
1462 2409 1524 2442 hac
1545 2408 1677 2441 ratione

257 2452 413 2487 fabulose
435 2452 644 2495 celebratos,
679 2453 854 2487 historiam
877 2459 988 2486 autem
1013 2465 1088 2486 esse
1118 2454 1275 2487 traditam
1299 2454 1492 2487 commentis
1514 2454 1677 2486 obscura-

257 2504 340 2531 tam.
387 2502 466 2531 sunt
489 2497 547 2540 qni
574 2498 689 2530 dicant
711 2496 776 2532 τὸν
802 2496 965 2539 Κρόνον,
997 2498 1073 2532 sive
1095 2498 1193 2532 litera
1214 2504 1404 2543 permutata
1427 2495 1494 2530 τὸν
1520 2495 1676 2539 Χρόνον,

258 2542 324 2575 hoc
353 2548 406 2575 est
431 2547 583 2586 tempus,
616 2542 712 2575 Caeli
743 2554 818 2576 esse
847 2542 968 2575 filium:
1000 2543 1124 2576 etenim
1144 2556 1162 2576 e
1181 2543 1264 2576 caeli
1284 2549 1373 2576 motu
1391 2548 1523 2586 tempus
1543 2542 1584 2575 fit
1607 2564 1618 2574 .
1641 2540 1677 2572 in

258 2587 347 2620 illius
367 2591 478 2620 antem
498 2586 675 2631 templum,
699 2592 736 2620 ut
756 2588 805 2620 ait
822 2587 1032 2629 Phylarchus
1054 2588 1141 2621 libro
1167 2588 1295 2621 decimo
1316 2586 1460 2630 septimo
1479 2593 1514 2620 et
1534 2587 1677 2620 Menan-

259 2633 321 2665 der
342 2632 462 2675 primo,
487 2642 597 2676 neque
617 2632 742 2665 femina
765 2643 875 2676 neque
897 2632 990 2665 canis
1012 2643 1122 2676 neque
1143 2644 1255 2666 musca
1273 2632 1449 2666 introibat.
1496 2632 1580 2664 haec
1595 2641 1675 2674 pro-

259 2677 384 2709 duntur
407 2688 428 2709 a
450 2676 621 2721 profanis:
655 2678 716 2710 sed
738 2677 894 2711 doctrina
914 2688 1012 2710 sacra
1041 2677 1147 2720 (ipsis
1172 2683 1302 2711 utemur
1320 2676 1431 2720 magni
1449 2676 1562 2709 Procli
1581 2674 1676 2708 voci—

258 2721 340 2761 bus)
363 2721 405 2754 ad
425 2723 566 2755 verbum
588 2721 638 2754 ita
660 2722 774 2755 hahet.
822 2722 1006 2762 Saturnus,
1038 2715 1259 2765 qui'qnartus
1283 2729 1355 2764 est,
1389 2726 1424 2754 et
1446 2732 1508 2765 per
1530 2720 1599 2754 vim
1621 2719 1674 2750 in-

258 2765 356 2798 vadit
372 2771 508 2810 sceptra
527 2765 631 2810 patris
651 2772 686 2799 et
703 2771 838 2799 coactus
853 2766 960 2798 tradit
974 2766 1056 2809 filio,
1074 2766 1169 2799 iuxta
1187 2767 1320 2800 fabulae
1337 2771 1560 2810 praetextum.
1582 2764 1676 2798 cuius

258 2810 408 2844 fictionis
436 2811 602 2845 rationem
630 2811 817 2845 fabularum
841 2810 1034 2845 conditores
1060 2811 1220 2846 videntur
1243 2824 1286 2846 ex
1305 2811 1362 2845 dei
1382 2809 1593 2855 proprietate
1612 2818 1674 2853 pe-
