<?xml version="1.0" encoding="UTF-8"?>
<!DOCTYPE html PUBLIC "-//W3C//DTD XHTML 1.0 Transitional//EN"
    "http://www.w3.org/TR/xhtml1/DTD/xhtml1-transitional.dtd">
<html xmlns="http://www.w3.org/1999/xhtml" xml:lang="en" lang="en">
 <head>
  <title>
</title>
<meta http-equiv="Content-Type" content="text/html;charset=utf-8" />
  <meta name='ocr-system' content='tesseract 3.04.00' />
  <meta name='ocr-capabilities' content='ocr_page ocr_carea ocr_par ocr_line ocrx_word'/>
</head>
<body>
  <div class='ocr_page' id='page_1' title='image "./corpusscriptorum27niebuoft_0271.png"; bbox 0 0 1748 3210; ppageno 0'>
   <div class='ocr_carea' id='block_1_1' title="bbox 391 170 1592 224">
    <p class='ocr_par' dir='ltr' id='par_1_1' title="bbox 391 170 1592 224">
     <span class='ocr_line' id='line_1_1' title="bbox 391 170 1592 224; baseline -0.001 -1"><span class='ocrx_word' id='word_1_1' title='bbox 391 178 468 223; x_wconf 91' lang='lat' dir='ltr'><strong><em>DE</em></strong></span> <span class='ocrx_word' id='word_1_2' title='bbox 498 172 948 224; x_wconf 83' lang='lat' dir='ltr'>MAGISTRATIBUS</span> <span class='ocrx_word' id='word_1_3' title='bbox 978 173 1027 219; x_wconf 80' lang='lat' dir='ltr'><strong><em>P.</em></strong></span> <span class='ocrx_word' id='word_1_4' title='bbox 1050 172 1105 218; x_wconf 86' lang='lat' dir='ltr'><strong><em>R.</em></strong></span> <span class='ocrx_word' id='word_1_5' title='bbox 1138 170 1246 217; x_wconf 90' lang='lat' dir='ltr'><strong>LIB.</strong></span> <span class='ocrx_word' id='word_1_6' title='bbox 1269 171 1348 218; x_wconf 83' lang='lat'>111.</span> <span class='ocrx_word' id='word_1_7' title='bbox 1493 175 1592 222; x_wconf 77' lang='lat'><strong><em>201</em></strong></span> 
     </span>
    </p>
   </div>
   <div class='ocr_carea' id='block_1_2' title="bbox 75 285 1597 1974">
    <p class='ocr_par' dir='ltr' id='par_1_2' title="bbox 136 285 1594 556">
     <span class='ocr_line' id='line_1_2' title="bbox 273 285 1594 347; baseline -0.004 -9"><span class='ocrx_word' id='word_1_8' title='bbox 273 294 319 340; x_wconf 90' lang='lat'><strong><em>8.</em></strong></span> <span class='ocrx_word' id='word_1_9' title='bbox 387 297 586 336; x_wconf 78' lang='grc' dir='ltr'><strong><em>Τοιαῦται</em></strong></span> <span class='ocrx_word' id='word_1_10' title='bbox 614 292 688 347; x_wconf 73' lang='grc' dir='ltr'><strong><em>μὲν</em></strong></span> <span class='ocrx_word' id='word_1_11' title='bbox 717 292 784 334; x_wconf 81' lang='grc' dir='ltr'><strong><em>καὶ</em></strong></span> <span class='ocrx_word' id='word_1_12' title='bbox 814 293 1007 335; x_wconf 78' lang='grc' dir='ltr'><strong><em>τοσαῦται</em></strong></span> <span class='ocrx_word' id='word_1_13' title='bbox 1029 290 1151 345; x_wconf 78' lang='grc' dir='ltr'><strong><em>τομαὶ</em></strong></span> <span class='ocrx_word' id='word_1_14' title='bbox 1169 292 1249 332; x_wconf 78' lang='grc' dir='ltr'><strong><em>τῶν</em></strong></span> <span class='ocrx_word' id='word_1_15' title='bbox 1269 285 1503 345; x_wconf 75' lang='grc' dir='ltr'><strong><em>καταλόγων</em></strong></span> <span class='ocrx_word' id='word_1_16' title='bbox 1520 294 1594 344; x_wconf 73' lang='grc' dir='ltr'><strong><em>τῆς</em></strong></span> 
     </span>
     <span class='ocr_line' id='line_1_3' title="bbox 136 357 1593 420; baseline -0.005 -13"><span class='ocrx_word' id='word_1_17' title='bbox 136 361 277 420; x_wconf 69' lang='grc' dir='ltr'><strong><em>ἀρχῆς.</em></strong></span> <span class='ocrx_word' id='word_1_18' title='bbox 345 361 572 419; x_wconf 80' lang='grc' dir='ltr'><strong><em>κούρσωρες</em></strong></span> <span class='ocrx_word' id='word_1_19' title='bbox 600 359 702 418; x_wconf 88' lang='grc' dir='ltr'><strong><em>γάρ,</em></strong></span> <span class='ocrx_word' id='word_1_20' title='bbox 738 361 856 403; x_wconf 74' lang='grc' dir='ltr'><strong><em>οἱονεὶ</em></strong></span> <span class='ocrx_word' id='word_1_21' title='bbox 886 357 1158 417; x_wconf 85' lang='grc' dir='ltr'><strong><em>ταχυὸρόμοι,</em></strong></span> <span class='ocrx_word' id='word_1_22' title='bbox 1190 359 1263 413; x_wconf 78' lang='grc' dir='ltr'><strong><em>τὴν</em></strong></span> <span class='ocrx_word' id='word_1_23' title='bbox 1286 362 1358 413; x_wconf 84' lang='grc' dir='ltr'><strong><em>τῆς</em></strong></span> <span class='ocrx_word' id='word_1_24' title='bbox 1380 360 1593 415; x_wconf 74' lang='grc' dir='ltr'><strong><em>στρατείας</em></strong></span> 
     </span>
     <span class='ocr_line' id='line_1_4' title="bbox 137 425 1594 487; baseline -0.005 -12"><span class='ocrx_word' id='word_1_25' title='bbox 137 430 373 487; x_wconf 76' lang='grc' dir='ltr'><strong><em>ἀπαλλαγὴν</em></strong></span> <span class='ocrx_word' id='word_1_26' title='bbox 398 433 461 474; x_wconf 77' lang='grc' dir='ltr'><strong><em>ἐπὶ</em></strong></span> <span class='ocrx_word' id='word_1_27' title='bbox 491 435 563 484; x_wconf 84' lang='grc' dir='ltr'><strong><em>τῆς</em></strong></span> <span class='ocrx_word' id='word_1_28' title='bbox 594 431 719 484; x_wconf 81' lang='grc' dir='ltr'><strong><em>αὐλῆς</em></strong></span> <span class='ocrx_word' id='word_1_29' title='bbox 752 429 1023 486; x_wconf 75' lang='grc' dir='ltr'><strong><em>εὑρίσκουσιν·</em></strong></span> <span class='ocrx_word' id='word_1_30' title='bbox 1062 425 1333 484; x_wconf 79' lang='grc' dir='ltr'><strong><em>ἀπλικιτάριοί</em></strong></span> <span class='ocrx_word' id='word_1_31' title='bbox 1356 443 1397 483; x_wconf 89' lang='grc' dir='ltr'><strong><em>γε</em></strong></span> <span class='ocrx_word' id='word_1_32' title='bbox 1421 427 1504 481; x_wconf 80' lang='grc' dir='ltr'><strong><em>μὴν</em></strong></span> <span class='ocrx_word' id='word_1_33' title='bbox 1524 427 1594 468; x_wconf 84' lang='grc' dir='ltr'><strong><em>καὶ</em></strong></span> 
     </span>
     <span class='ocr_line' id='line_1_5' title="bbox 137 493 1594 556; baseline -0.003 -14"><span class='ocrx_word' id='word_1_34' title='bbox 137 498 464 556; x_wconf 80' lang='grc' dir='ltr'><strong><em>κλαβικουλάριοι</em></strong></span> <span class='ocrx_word' id='word_1_35' title='bbox 476 531 488 551; x_wconf 91' lang='grc'><strong><em>,</em></strong></span> <span class='ocrx_word' id='word_1_36' title='bbox 518 493 572 541; x_wconf 77' lang='grc' dir='ltr'><strong><em>ὧν</em></strong></span> <span class='ocrx_word' id='word_1_37' title='bbox 598 499 635 540; x_wconf 78' lang='grc' dir='ltr'><strong><em>οἱ</em></strong></span> <span class='ocrx_word' id='word_1_38' title='bbox 658 499 731 553; x_wconf 72' lang='grc' dir='ltr'><strong><em>μὲν</em></strong></span> <span class='ocrx_word' id='word_1_39' title='bbox 753 497 847 547; x_wconf 78' lang='grc' dir='ltr'><strong><em>τοὺς</em></strong></span> <span class='ocrx_word' id='word_1_40' title='bbox 867 496 1120 554; x_wconf 78' lang='grc' dir='ltr'><strong><em>ῥαβδούχους</em></strong></span> <span class='ocrx_word' id='word_1_41' title='bbox 1139 494 1264 551; x_wconf 84' lang='grc' dir='ltr'><strong><em>μόνον</em></strong></span> <span class='ocrx_word' id='word_1_42' title='bbox 1290 495 1386 545; x_wconf 71' lang='grc' dir='ltr'><strong><em>τοὺς</em></strong></span> <span class='ocrx_word' id='word_1_43' title='bbox 1407 499 1594 550; x_wconf 86' lang='grc' dir='ltr'><strong><em>συλλαμ-</em></strong></span> 
     </span>
    </p>

    <p class='ocr_par' dir='ltr' id='par_1_3' title="bbox 75 563 1597 1789">
     <span class='ocr_line' id='line_1_6' title="bbox 101 563 1594 623; baseline -0.004 -12"><span class='ocrx_word' id='word_1_44' title='bbox 101 566 336 623; x_wconf 69' lang='grc' dir='ltr'><strong><em>ξβάνοντας</em></strong></span> <span class='ocrx_word' id='word_1_45' title='bbox 365 568 460 618; x_wconf 75' lang='grc' dir='ltr'><strong><em>τοὺς</em></strong></span> <span class='ocrx_word' id='word_1_46' title='bbox 488 565 746 623; x_wconf 76' lang='grc' dir='ltr'><strong><em>ἐγκλημάτων</em></strong></span> <span class='ocrx_word' id='word_1_47' title='bbox 775 567 886 609; x_wconf 69' lang='grc' dir='ltr'><strong><em>ἕνεκα</em></strong></span> <span class='ocrx_word' id='word_1_48' title='bbox 917 566 1190 620; x_wconf 76' lang='grc' dir='ltr'><strong><em>πιεζομένους,</em></strong></span> <span class='ocrx_word' id='word_1_49' title='bbox 1225 582 1263 607; x_wconf 88' lang='grc' dir='ltr'><strong><em>οι</em></strong></span> <span class='ocrx_word' id='word_1_50' title='bbox 1286 565 1329 607; x_wconf 74' lang='grc' dir='ltr'><strong><em>δὲ</em></strong></span> <span class='ocrx_word' id='word_1_51' title='bbox 1351 564 1445 614; x_wconf 80' lang='grc' dir='ltr'><strong><em>τοὺς</em></strong></span> <span class='ocrx_word' id='word_1_52' title='bbox 1464 563 1594 618; x_wconf 77' lang='grc' dir='ltr'><strong><em>δεσμὰ</em></strong></span> 
     </span>
     <span class='ocr_line' id='line_1_7' title="bbox 134 632 1594 720; baseline -0.003 -42"><span class='ocrx_word' id='word_1_53' title='bbox 134 638 461 694; x_wconf 71' lang='grc' dir='ltr'><strong><em>περιτιθεμένους</em></strong></span> <span class='ocrx_word' id='word_1_54' title='bbox 481 637 617 686; x_wconf 76' lang='grc' dir='ltr'><strong><em>αὐτοῖς</em></strong></span> <span class='ocrx_word' id='word_1_55' title='bbox 638 636 945 689; x_wconf 75' lang='grc' dir='ltr'><strong><em>ὃιασημαίνουσι</em></strong></span> <span class='ocrx_word' id='word_1_56' title='bbox 954 666 968 687; x_wconf 87' lang='grc'><strong><em>,</em></strong></span> <span class='ocrx_word' id='word_1_57' title='bbox 997 635 1270 720; x_wconf 75' lang='grc' dir='ltr'><strong><em>λειτουργίας,</em></strong></span> <span class='ocrx_word' id='word_1_58' title='bbox 1297 632 1344 675; x_wconf 78' lang='grc' dir='ltr'><strong><em>οὗ</em></strong></span> <span class='ocrx_word' id='word_1_59' title='bbox 1365 632 1447 688; x_wconf 79' lang='grc' dir='ltr'><strong><em>μὴν</em></strong></span> <span class='ocrx_word' id='word_1_60' title='bbox 1466 649 1594 689; x_wconf 87' lang='grc' dir='ltr'><strong><em>στρα-</em></strong></span> 
     </span>
     <span class='ocr_line' id='line_1_8' title="bbox 134 699 1593 762; baseline -0.004 -14"><span class='ocrx_word' id='word_1_61' title='bbox 134 707 244 756; x_wconf 77' lang='grc' dir='ltr'><strong><em>τείας</em></strong></span> <span class='ocrx_word' id='word_1_62' title='bbox 264 707 330 748; x_wconf 82' lang='grc' dir='ltr'><strong><em>καὶ</em></strong></span> <span class='ocrx_word' id='word_1_63' title='bbox 351 709 524 760; x_wconf 68' lang='grc' dir='ltr'><strong><em>βαθμοῦ</em></strong></span> <span class='ocrx_word' id='word_1_64' title='bbox 551 705 675 762; x_wconf 77' lang='grc' dir='ltr'><strong><em>πέρας</em></strong></span> <span class='ocrx_word' id='word_1_65' title='bbox 704 706 956 754; x_wconf 80' lang='grc' dir='ltr'><strong><em>...ξ...ενον</em></strong></span> <span class='ocrx_word' id='word_1_66' title='bbox 986 721 1042 746; x_wconf 91' lang='grc' dir='ltr'><strong><em>ων</em></strong></span> <span class='ocrx_word' id='word_1_67' title='bbox 1073 704 1147 745; x_wconf 82' lang='grc' dir='ltr'><strong><em>εἶσὶ</em></strong></span> <span class='ocrx_word' id='word_1_68' title='bbox 1175 703 1380 744; x_wconf 64' lang='lat' dir='ltr'><strong>‹inumat-</strong></span> <span class='ocrx_word' id='word_1_69' title='bbox 1413 699 1593 744; x_wconf 88' lang='grc' dir='ltr'><strong><em>υπασπί-</em></strong></span> 
     </span>
     <span class='ocr_line' id='line_1_9' title="bbox 135 768 1595 830; baseline -0.003 -14"><span class='ocrx_word' id='word_1_70' title='bbox 135 775 248 825; x_wconf 86' lang='grc' dir='ltr'><strong><em>ζουσι</em></strong></span> <span class='ocrx_word' id='word_1_71' title='bbox 279 774 356 830; x_wconf 83' lang='grc' dir='ltr'><strong><em>γὰρ</em></strong></span> <span class='ocrx_word' id='word_1_72' title='bbox 386 780 470 824; x_wconf 82' lang='grc' dir='ltr'><strong><em>τοῖς</em></strong></span> <span class='ocrx_word' id='word_1_73' title='bbox 492 774 858 828; x_wconf 86' lang='grc' dir='ltr'><strong><em>κομμενταρισιόις,</em></strong></span> <span class='ocrx_word' id='word_1_74' title='bbox 885 787 956 822; x_wconf 88' lang='grc' dir='ltr'><strong><em>ους</em></strong></span> <span class='ocrx_word' id='word_1_75' title='bbox 972 768 1422 827; x_wconf 80' lang='grc' dir='ltr'><strong><em>ὖπομνηματογράφους</em></strong></span> <span class='ocrx_word' id='word_1_76' title='bbox 1438 768 1464 824; x_wconf 79' lang='grc' dir='ltr'><strong><em>ἦ</em></strong></span> <span class='ocrx_word' id='word_1_77' title='bbox 1481 768 1595 821; x_wconf 78' lang='grc' dir='ltr'><strong><em>τάξις</em></strong></span> 
     </span>
     <span class='ocr_line' id='line_1_10' title="bbox 126 837 1597 897; baseline -0.002 -12"><span class='ocrx_word' id='word_1_78' title='bbox 126 839 338 897; x_wconf 82' lang='grc' dir='ltr'><strong><em>Ῥωμαίων</em></strong></span> <span class='ocrx_word' id='word_1_79' title='bbox 358 840 564 897; x_wconf 79' lang='grc' dir='ltr'><strong><em>ὠνόμασεν</em></strong></span> <span class='ocrx_word' id='word_1_80' title='bbox 571 875 585 894; x_wconf 93' lang='grc'><strong><em>,</em></strong></span> <span class='ocrx_word' id='word_1_81' title='bbox 620 839 675 892; x_wconf 78' lang='grc' dir='ltr'><strong><em>ὥς</em></strong></span> <span class='ocrx_word' id='word_1_82' title='bbox 695 840 860 897; x_wconf 60' lang='grc' dir='ltr'><strong><em>ἔφαμεν.</em></strong></span> <span class='ocrx_word' id='word_1_83' title='bbox 929 839 974 882; x_wconf 74' lang='grc' dir='ltr'><strong><em>ὃν</em></strong></span> <span class='ocrx_word' id='word_1_84' title='bbox 995 840 1072 895; x_wconf 79' lang='grc' dir='ltr'><strong><em>γὰρ</em></strong></span> <span class='ocrx_word' id='word_1_85' title='bbox 1093 837 1242 895; x_wconf 81' lang='grc' dir='ltr'><strong><em>τρόπον</em></strong></span> <span class='ocrx_word' id='word_1_86' title='bbox 1259 839 1296 880; x_wconf 75' lang='grc' dir='ltr'><strong><em>οἳ</em></strong></span> <span class='ocrx_word' id='word_1_87' title='bbox 1317 837 1597 892; x_wconf 80' lang='grc' dir='ltr'><strong><em>νομενκλάτω-</em></strong></span> 
     </span>
     <span class='ocr_line' id='line_1_11' title="bbox 79 905 1597 968; baseline -0.003 -14"><span class='ocrx_word' id='word_1_88' title='bbox 79 919 126 955; x_wconf 82' lang='grc'><strong><em>10</em></strong></span> <span class='ocrx_word' id='word_1_89' title='bbox 137 927 204 968; x_wconf 86' lang='grc' dir='ltr'><strong><em>ρες</em></strong></span> <span class='ocrx_word' id='word_1_90' title='bbox 220 909 447 968; x_wconf 82' lang='grc' dir='ltr'><strong><em>φρόντισμα</em></strong></span> <span class='ocrx_word' id='word_1_91' title='bbox 465 914 661 967; x_wconf 80' lang='grc' dir='ltr'><strong><em>πληροῦσι</em></strong></span> <span class='ocrx_word' id='word_1_92' title='bbox 682 911 748 951; x_wconf 84' lang='grc' dir='ltr'><strong><em>καὶ</em></strong></span> <span class='ocrx_word' id='word_1_93' title='bbox 768 907 862 958; x_wconf 73' lang='grc' dir='ltr'><strong><em>τοὺς</em></strong></span> <span class='ocrx_word' id='word_1_94' title='bbox 882 906 1055 965; x_wconf 79' lang='grc' dir='ltr'><strong><em>ῥήτορας</em></strong></span> <span class='ocrx_word' id='word_1_95' title='bbox 1075 937 1128 949; x_wconf 87' lang='grc'><strong><em>...</em></strong></span> <span class='ocrx_word' id='word_1_96' title='bbox 1140 907 1344 962; x_wconf 77' lang='grc' dir='ltr'><strong><em>λέγουσιν,</em></strong></span> <span class='ocrx_word' id='word_1_97' title='bbox 1380 908 1423 957; x_wconf 72' lang='grc' dir='ltr'><strong><em>ἐξ</em></strong></span> <span class='ocrx_word' id='word_1_98' title='bbox 1442 905 1597 962; x_wconf 82' lang='grc' dir='ltr'><strong><em>ὀνόμα-</em></strong></span> 
     </span>
     <span class='ocr_line' id='line_1_12' title="bbox 132 974 1596 1036; baseline -0.004 -14"><span class='ocrx_word' id='word_1_99' title='bbox 132 995 203 1030; x_wconf 84' lang='grc' dir='ltr'><strong><em>τος</em></strong></span> <span class='ocrx_word' id='word_1_100' title='bbox 222 979 525 1036; x_wconf 79' lang='grc' dir='ltr'><strong><em>ἇναφωνοῦντες</em></strong></span> <span class='ocrx_word' id='word_1_101' title='bbox 545 976 690 1028; x_wconf 76' lang='grc' dir='ltr'><strong><em>αὐτούς</em></strong></span> <span class='ocrx_word' id='word_1_102' title='bbox 699 1009 712 1030; x_wconf 86' lang='grc'><strong><em>,</em></strong></span> <span class='ocrx_word' id='word_1_103' title='bbox 748 975 876 1026; x_wconf 79' lang='grc' dir='ltr'><strong><em>οὕτως</em></strong></span> <span class='ocrx_word' id='word_1_104' title='bbox 896 977 1034 1018; x_wconf 71' lang='grc' dir='ltr'><strong><em>ἐκεῖνοι</em></strong></span> <span class='ocrx_word' id='word_1_105' title='bbox 1055 982 1143 1026; x_wconf 76' lang='grc' dir='ltr'><strong><em>ταῖς</em></strong></span> <span class='ocrx_word' id='word_1_106' title='bbox 1165 977 1474 1030; x_wconf 78' lang='grc' dir='ltr'><strong><em>ἕγκληματικαῖς</em></strong></span> <span class='ocrx_word' id='word_1_107' title='bbox 1488 974 1596 1030; x_wconf 72' lang='grc' dir='ltr'><strong><em>ὑπη-</em></strong></span> 
     </span>
     <span class='ocr_line' id='line_1_13' title="bbox 133 1041 1595 1104; baseline -0.003 -14"><span class='ocrx_word' id='word_1_108' title='bbox 133 1052 338 1104; x_wconf 72' lang='grc' dir='ltr'><strong><em>ρετοῦνται</em></strong></span> <span class='ocrx_word' id='word_1_109' title='bbox 361 1049 502 1097; x_wconf 76' lang='grc' dir='ltr'><strong><em>δίκαις,</em></strong></span> <span class='ocrx_word' id='word_1_110' title='bbox 569 1047 605 1088; x_wconf 80' lang='grc' dir='ltr'><strong><em>οἶ</em></strong></span> <span class='ocrx_word' id='word_1_111' title='bbox 629 1047 672 1088; x_wconf 78' lang='grc' dir='ltr'><strong><em>δὲ</em></strong></span> <span class='ocrx_word' id='word_1_112' title='bbox 694 1043 1037 1102; x_wconf 81' lang='grc' dir='ltr'><strong><em>νομενκλάτωρες,</em></strong></span> <span class='ocrx_word' id='word_1_113' title='bbox 1073 1043 1128 1095; x_wconf 82' lang='grc' dir='ltr'><strong><em>ὥς</em></strong></span> <span class='ocrx_word' id='word_1_114' title='bbox 1149 1061 1272 1101; x_wconf 74' lang='grc' dir='ltr'><strong><em>φησιν</em></strong></span> <span class='ocrx_word' id='word_1_115' title='bbox 1294 1041 1314 1085; x_wconf 82' lang='grc' dir='ltr'><strong>ὅ</strong></span> <span class='ocrx_word' id='word_1_116' title='bbox 1338 1046 1531 1097; x_wconf 80' lang='grc' dir='ltr'><strong><em>Αἰμίλιος</em></strong></span> <span class='ocrx_word' id='word_1_117' title='bbox 1553 1045 1595 1086; x_wconf 74' lang='grc' dir='ltr'><strong><em>ἓν</em></strong></span> 
     </span>
     <span class='ocr_line' id='line_1_14' title="bbox 131 1112 1595 1173; baseline -0.003 -14"><span class='ocrx_word' id='word_1_118' title='bbox 131 1119 191 1173; x_wconf 74' lang='grc' dir='ltr'><strong><em>τῷ</em></strong></span> <span class='ocrx_word' id='word_1_119' title='bbox 217 1114 473 1170; x_wconf 71' lang='grc' dir='ltr'><strong><em>ὕπομνήματι</em></strong></span> <span class='ocrx_word' id='word_1_120' title='bbox 503 1119 583 1158; x_wconf 82' lang='grc' dir='ltr'><strong><em>τῶν</em></strong></span> <span class='ocrx_word' id='word_1_121' title='bbox 613 1116 889 1157; x_wconf 75' lang='grc' dir='ltr'><strong><em>Σαλλουστίου</em></strong></span> <span class='ocrx_word' id='word_1_122' title='bbox 921 1114 1129 1170; x_wconf 77' lang='grc' dir='ltr'><strong><em>ἱστοριῶν,</em></strong></span> <span class='ocrx_word' id='word_1_123' title='bbox 1165 1113 1385 1166; x_wconf 82' lang='grc' dir='ltr'><strong><em>ὃνομασταὶ</em></strong></span> <span class='ocrx_word' id='word_1_124' title='bbox 1406 1114 1473 1154; x_wconf 85' lang='grc' dir='ltr'><strong><em>καὶ</em></strong></span> <span class='ocrx_word' id='word_1_125' title='bbox 1495 1112 1595 1155; x_wconf 78' lang='grc' dir='ltr'><strong><em>ἀνα-</em></strong></span> 
     </span>
     <span class='ocr_line' id='line_1_15' title="bbox 132 1179 1595 1240; baseline -0.002 -14"><span class='ocrx_word' id='word_1_126' title='bbox 132 1189 315 1240; x_wconf 69' lang='grc' dir='ltr'><strong><em>φωνῆται</em></strong></span> <span class='ocrx_word' id='word_1_127' title='bbox 331 1189 411 1227; x_wconf 84' lang='grc' dir='ltr'><strong><em>τῶν</em></strong></span> <span class='ocrx_word' id='word_1_128' title='bbox 430 1182 609 1239; x_wconf 82' lang='grc' dir='ltr'><strong><em>τογάτων</em></strong></span> <span class='ocrx_word' id='word_1_129' title='bbox 639 1183 747 1238; x_wconf 78' lang='grc' dir='ltr'><strong><em>(ἀντὶ</em></strong></span> <span class='ocrx_word' id='word_1_130' title='bbox 766 1187 838 1225; x_wconf 82' lang='grc' dir='ltr'><strong><em>τοῦ</em></strong></span> <span class='ocrx_word' id='word_1_131' title='bbox 854 1186 934 1225; x_wconf 81' lang='grc' dir='ltr'><strong><em>τῶν</em></strong></span> <span class='ocrx_word' id='word_1_132' title='bbox 953 1180 1190 1237; x_wconf 78' lang='grc' dir='ltr'><strong><em>ὃικολόγων)</em></strong></span> <span class='ocrx_word' id='word_1_133' title='bbox 1221 1182 1330 1224; x_wconf 77' lang='grc' dir='ltr'><strong><em>εἰσίν.</em></strong></span> <span class='ocrx_word' id='word_1_134' title='bbox 1399 1179 1595 1236; x_wconf 81' lang='grc' dir='ltr'><strong><em>τογάτους</em></strong></span> 
     </span>
     <span class='ocr_line' id='line_1_16' title="bbox 77 1247 1594 1308; baseline -0.002 -14"><span class='ocrx_word' id='word_1_135' title='bbox 77 1259 122 1297; x_wconf 83' lang='lat'><strong><em>15</em></strong></span> <span class='ocrx_word' id='word_1_136' title='bbox 135 1253 178 1294; x_wconf 74' lang='grc' dir='ltr'><strong><em>δὲ</em></strong></span> <span class='ocrx_word' id='word_1_137' title='bbox 198 1250 398 1306; x_wconf 61' lang='grc' dir='ltr'><strong><em>ςΡωμαῖοι</em></strong></span> <span class='ocrx_word' id='word_1_138' title='bbox 419 1251 514 1298; x_wconf 76' lang='grc' dir='ltr'><strong><em>τοὺς</em></strong></span> <span class='ocrx_word' id='word_1_139' title='bbox 534 1252 592 1306; x_wconf 82' lang='grc' dir='ltr'><strong><em>μὴ</em></strong></span> <span class='ocrx_word' id='word_1_140' title='bbox 617 1251 956 1308; x_wconf 75' lang='grc' dir='ltr'><strong><em>στρατευομένους</em></strong></span> <span class='ocrx_word' id='word_1_141' title='bbox 975 1255 1167 1302; x_wconf 86' lang='grc' dir='ltr'><strong><em>καλοῦσι,</em></strong></span> <span class='ocrx_word' id='word_1_142' title='bbox 1203 1247 1400 1306; x_wconf 76' lang='grc' dir='ltr'><strong><em>φαινόλας</em></strong></span> <span class='ocrx_word' id='word_1_143' title='bbox 1417 1251 1461 1291; x_wconf 75' lang='grc' dir='ltr'><strong><em>δὲ</em></strong></span> <span class='ocrx_word' id='word_1_144' title='bbox 1481 1267 1594 1306; x_wconf 79' lang='grc' dir='ltr'><strong><em>περι·-</em></strong></span> 
     </span>
     <span class='ocr_line' id='line_1_17' title="bbox 131 1316 1595 1376; baseline -0.002 -14"><span class='ocrx_word' id='word_1_145' title='bbox 131 1321 336 1374; x_wconf 78' lang='grc' dir='ltr'><strong><em>κειμένους</em></strong></span> <span class='ocrx_word' id='word_1_146' title='bbox 361 1322 427 1362; x_wconf 81' lang='grc' dir='ltr'><strong><em>καὶ</em></strong></span> <span class='ocrx_word' id='word_1_147' title='bbox 451 1326 534 1370; x_wconf 79' lang='grc' dir='ltr'><strong><em>τοῖς</em></strong></span> <span class='ocrx_word' id='word_1_148' title='bbox 553 1320 710 1376; x_wconf 74' lang='grc' dir='ltr'><strong><em>λέγουσι</em></strong></span> <span class='ocrx_word' id='word_1_149' title='bbox 733 1319 806 1370; x_wconf 81' lang='grc' dir='ltr'><strong><em>τὰς</em></strong></span> <span class='ocrx_word' id='word_1_150' title='bbox 825 1321 939 1369; x_wconf 73' lang='grc' dir='ltr'><strong><em>δίκας</em></strong></span> <span class='ocrx_word' id='word_1_151' title='bbox 957 1323 1114 1374; x_wconf 85' lang='grc' dir='ltr'><strong><em>μισθοῦ</em></strong></span> <span class='ocrx_word' id='word_1_152' title='bbox 1135 1316 1496 1374; x_wconf 75' lang='grc' dir='ltr'><strong><em>συναγορεύοντας·</em></strong></span> <span class='ocrx_word' id='word_1_153' title='bbox 1531 1318 1595 1359; x_wconf 71' lang='grc' dir='ltr'><strong><em>ἐπὶ</em></strong></span> 
     </span>
     <span class='ocr_line' id='line_1_18' title="bbox 131 1385 1596 1445; baseline -0.002 -14"><span class='ocrx_word' id='word_1_154' title='bbox 131 1388 210 1445; x_wconf 79' lang='grc' dir='ltr'><strong><em>γὰρ</em></strong></span> <span class='ocrx_word' id='word_1_155' title='bbox 239 1393 311 1442; x_wconf 83' lang='grc' dir='ltr'><strong><em>τῆς</em></strong></span> <span class='ocrx_word' id='word_1_156' title='bbox 341 1387 493 1444; x_wconf 77' lang='grc' dir='ltr'><strong><em>ἀγορᾶς</em></strong></span> <span class='ocrx_word' id='word_1_157' title='bbox 517 1388 662 1439; x_wconf 75' lang='grc' dir='ltr'><strong><em>αὐτοὺς</em></strong></span> <span class='ocrx_word' id='word_1_158' title='bbox 693 1390 759 1430; x_wconf 85' lang='grc' dir='ltr'><strong><em>καὶ</em></strong></span> <span class='ocrx_word' id='word_1_159' title='bbox 789 1390 878 1445; x_wconf 84' lang='grc' dir='ltr'><strong><em>περὶ</em></strong></span> <span class='ocrx_word' id='word_1_160' title='bbox 898 1389 949 1430; x_wconf 80' lang='grc' dir='ltr'><strong><em>τὰ</em></strong></span> <span class='ocrx_word' id='word_1_161' title='bbox 972 1388 1112 1442; x_wconf 79' lang='grc' dir='ltr'><strong><em>βιβλία</em></strong></span> <span class='ocrx_word' id='word_1_162' title='bbox 1133 1385 1402 1441; x_wconf 78' lang='grc' dir='ltr'><strong><em>σχολάζοντας</em></strong></span> <span class='ocrx_word' id='word_1_163' title='bbox 1421 1389 1488 1428; x_wconf 80' lang='grc' dir='ltr'><strong><em>καὶ</em></strong></span> <span class='ocrx_word' id='word_1_164' title='bbox 1508 1392 1596 1436; x_wconf 87' lang='grc' dir='ltr'><strong><em>ταῖς</em></strong></span> 
     </span>
     <span class='ocr_line' id='line_1_19' title="bbox 134 1454 1597 1514; baseline -0.003 -14"><span class='ocrx_word' id='word_1_165' title='bbox 134 1463 315 1511; x_wconf 79' lang='grc' dir='ltr'><strong><em>νομικαΐς</em></strong></span> <span class='ocrx_word' id='word_1_166' title='bbox 346 1458 581 1507; x_wconf 84' lang='grc' dir='ltr'><strong><em>ὁυσκαλίαις</em></strong></span> <span class='ocrx_word' id='word_1_167' title='bbox 611 1457 912 1514; x_wconf 81' lang='grc' dir='ltr'><strong><em>ἀγρυπνοῦντας</em></strong></span> <span class='ocrx_word' id='word_1_168' title='bbox 933 1457 970 1499; x_wconf 80' lang='grc' dir='ltr'><strong><em>οἶ</em></strong></span> <span class='ocrx_word' id='word_1_169' title='bbox 989 1456 1063 1506; x_wconf 87' lang='grc' dir='ltr'><strong><em>τὰς</em></strong></span> <span class='ocrx_word' id='word_1_170' title='bbox 1085 1457 1198 1506; x_wconf 81' lang='grc' dir='ltr'><strong><em>ὁίκας</em></strong></span> <span class='ocrx_word' id='word_1_171' title='bbox 1218 1455 1396 1511; x_wconf 72' lang='grc' dir='ltr'><strong><em>λέγοντες</em></strong></span> <span class='ocrx_word' id='word_1_172' title='bbox 1417 1457 1480 1497; x_wconf 73' lang='grc' dir='ltr'><strong><em>ἐπὶ</em></strong></span> <span class='ocrx_word' id='word_1_173' title='bbox 1501 1454 1597 1505; x_wconf 77' lang='grc' dir='ltr'><strong><em>τοὺς</em></strong></span> 
     </span>
     <span class='ocr_line' id='line_1_20' title="bbox 131 1523 1595 1581; baseline -0.001 -15"><span class='ocrx_word' id='word_1_174' title='bbox 131 1526 346 1575; x_wconf 73' lang='grc' dir='ltr'><strong><em>πεὸανέους</em></strong></span> <span class='ocrx_word' id='word_1_175' title='bbox 381 1525 499 1579; x_wconf 84' lang='grc' dir='ltr'><strong><em>(ἀντὶ</em></strong></span> <span class='ocrx_word' id='word_1_176' title='bbox 531 1529 605 1567; x_wconf 81' lang='grc' dir='ltr'><strong><em>τοῦ</em></strong></span> <span class='ocrx_word' id='word_1_177' title='bbox 627 1524 984 1581; x_wconf 79' lang='grc' dir='ltr'><strong><em>χαμαιδικαστάς)</em></strong></span> <span class='ocrx_word' id='word_1_178' title='bbox 1021 1526 1110 1580; x_wconf 82' lang='grc' dir='ltr'><strong><em>περὶ</em></strong></span> <span class='ocrx_word' id='word_1_179' title='bbox 1139 1523 1207 1566; x_wconf 85' lang='grc' dir='ltr'><strong><em>τὸν</em></strong></span> <span class='ocrx_word' id='word_1_180' title='bbox 1238 1523 1379 1579; x_wconf 83' lang='grc' dir='ltr'><strong><em>καιρὸν</em></strong></span> <span class='ocrx_word' id='word_1_181' title='bbox 1403 1528 1475 1578; x_wconf 82' lang='grc' dir='ltr'><strong><em>τῆς</em></strong></span> <span class='ocrx_word' id='word_1_182' title='bbox 1503 1525 1595 1565; x_wconf 77' lang='grc' dir='ltr'><strong><em>δια-</em></strong></span> 
     </span>
     <span class='ocr_line' id='line_1_21' title="bbox 75 1591 1597 1650; baseline -0.003 -11"><span class='ocrx_word' id='word_1_183' title='bbox 75 1591 316 1650; x_wconf 79' lang='grc' dir='ltr'><strong><em>2ογνῶσεως</em></strong></span> <span class='ocrx_word' id='word_1_184' title='bbox 345 1592 513 1635; x_wconf 70' lang='grc' dir='ltr'><strong><em>ἐκάλουν</em></strong></span> <span class='ocrx_word' id='word_1_185' title='bbox 542 1593 643 1650; x_wconf 83' lang='grc' dir='ltr'><strong><em>πρὸς</em></strong></span> <span class='ocrx_word' id='word_1_186' title='bbox 672 1594 924 1650; x_wconf 88' lang='grc' dir='ltr'><strong><em>συνηγορίαν.</em></strong></span> <span class='ocrx_word' id='word_1_187' title='bbox 991 1591 1118 1649; x_wconf 77' lang='grc' dir='ltr'><strong><em>ταύτῃ</em></strong></span> <span class='ocrx_word' id='word_1_188' title='bbox 1142 1593 1209 1633; x_wconf 81' lang='grc' dir='ltr'><strong><em>καὶ</em></strong></span> <span class='ocrx_word' id='word_1_189' title='bbox 1232 1591 1445 1644; x_wconf 79' lang='lat' dir='ltr'><strong>advocati,</strong></span> <span class='ocrx_word' id='word_1_190' title='bbox 1477 1592 1597 1634; x_wconf 77' lang='grc' dir='ltr'><strong><em>οἱονεὶ</em></strong></span> 
     </span>
     <span class='ocr_line' id='line_1_22' title="bbox 129 1659 1595 1719; baseline -0.001 -15"><span class='ocrx_word' id='word_1_191' title='bbox 129 1659 496 1719; x_wconf 80' lang='grc' dir='ltr'><strong><em>προσκαλούμενοι,</em></strong></span> <span class='ocrx_word' id='word_1_192' title='bbox 538 1660 595 1704; x_wconf 64' lang='grc' dir='ltr'><strong><em>ἔτι</em></strong></span> <span class='ocrx_word' id='word_1_193' title='bbox 631 1663 698 1704; x_wconf 84' lang='grc' dir='ltr'><strong><em>καὶ</em></strong></span> <span class='ocrx_word' id='word_1_194' title='bbox 737 1666 807 1703; x_wconf 78' lang='grc' dir='ltr'><strong><em>νῦν</em></strong></span> <span class='ocrx_word' id='word_1_195' title='bbox 850 1662 1044 1717; x_wconf 77' lang='grc' dir='ltr'><strong><em>λέγονται.</em></strong></span> <span class='ocrx_word' id='word_1_196' title='bbox 1112 1662 1385 1716; x_wconf 89' lang='grc' dir='ltr'><strong><em>τουρμαριόυς</em></strong></span> <span class='ocrx_word' id='word_1_197' title='bbox 1420 1661 1498 1716; x_wconf 79' lang='grc' dir='ltr'><strong><em>γὰρ</em></strong></span> <span class='ocrx_word' id='word_1_198' title='bbox 1537 1659 1595 1702; x_wconf 66' lang='grc' dir='ltr'><strong><em>ἔτι</em></strong></span> 
     </span>
     <span class='ocr_line' id='line_1_23' title="bbox 130 1727 1596 1789; baseline -0.001 -16"><span class='ocrx_word' id='word_1_199' title='bbox 130 1728 302 1788; x_wconf 71' lang='grc' dir='ltr'><strong><em>φθάσας</em></strong></span> <span class='ocrx_word' id='word_1_200' title='bbox 321 1731 593 1786; x_wconf 73' lang='grc' dir='ltr'><strong><em>ὃιαμὲμνημαι</em></strong></span> <span class='ocrx_word' id='word_1_201' title='bbox 611 1727 815 1789; x_wconf 88' lang='grc' dir='ltr'><strong><em>παρόντας</em></strong></span> <span class='ocrx_word' id='word_1_202' title='bbox 831 1734 889 1789; x_wconf 77' lang='grc' dir='ltr'><strong><em>τῷ</em></strong></span> <span class='ocrx_word' id='word_1_203' title='bbox 908 1730 1071 1788; x_wconf 83' lang='grc' dir='ltr'><strong><em>σκρινίω</em></strong></span> <span class='ocrx_word' id='word_1_204' title='bbox 1093 1734 1174 1772; x_wconf 79' lang='grc' dir='ltr'><strong><em>τῶν</em></strong></span> <span class='ocrx_word' id='word_1_205' title='bbox 1196 1731 1507 1783; x_wconf 79' lang='grc' dir='ltr'><strong><em>σουβαὸιουβῶν</em></strong></span> <span class='ocrx_word' id='word_1_206' title='bbox 1527 1730 1596 1771; x_wconf 84' lang='grc' dir='ltr'><strong><em>καὶ</em></strong></span> 
     </span>
    </p>

    <p class='ocr_par' dir='ltr' id='par_1_4' title="bbox 219 1836 1594 1893">
     <span class='ocr_line' id='line_1_24' title="bbox 219 1836 1594 1893; baseline -0.001 -20"><span class='ocrx_word' id='word_1_207' title='bbox 219 1839 243 1874; x_wconf 84' lang='grc'><strong>6</strong></span> <span class='ocrx_word' id='word_1_208' title='bbox 264 1838 341 1884; x_wconf 84' lang='lat' dir='ltr'><strong>lego</strong></span> <span class='ocrx_word' id='word_1_209' title='bbox 364 1838 607 1893; x_wconf 77' lang='grc' dir='ltr'><strong><em>λειτουργιῶν.</em></strong></span> <span class='ocrx_word' id='word_1_210' title='bbox 630 1840 676 1874; x_wconf 88' lang='lat' dir='ltr'><strong><em>F.</em></strong></span> <span class='ocrx_word' id='word_1_211' title='bbox 833 1839 856 1874; x_wconf 87' lang='lat'>7</span> <span class='ocrx_word' id='word_1_212' title='bbox 876 1837 1030 1872; x_wconf 79' lang='lat' dir='ltr'>literas</span> <span class='ocrx_word' id='word_1_213' title='bbox 1019 1849 1058 1871; x_wconf 85' lang='lat' dir='ltr'><strong><em>in</em></strong></span> <span class='ocrx_word' id='word_1_214' title='bbox 1080 1838 1110 1872; x_wconf 88' lang='lat' dir='ltr'>C</span> <span class='ocrx_word' id='word_1_215' title='bbox 1133 1837 1324 1872; x_wconf 82' lang='lat' dir='ltr'><strong>exstinctas</strong></span> <span class='ocrx_word' id='word_1_216' title='bbox 1342 1837 1482 1883; x_wconf 87' lang='lat' dir='ltr'><strong>punctis</strong></span> <span class='ocrx_word' id='word_1_217' title='bbox 1499 1836 1594 1871; x_wconf 87' lang='lat' dir='ltr'><strong>indi-</strong></span> 
     </span>
    </p>

    <p class='ocr_par' dir='ltr' id='par_1_5' title="bbox 219 1880 1594 1928">
     <span class='ocr_line' id='line_1_25' title="bbox 219 1880 1594 1928; baseline -0.001 -9"><span class='ocrx_word' id='word_1_218' title='bbox 219 1885 311 1919; x_wconf 79' lang='lat' dir='ltr'><strong>cavi.</strong></span> <span class='ocrx_word' id='word_1_219' title='bbox 336 1886 382 1920; x_wconf 82' lang='lat' dir='ltr'><strong><em>F.</em></strong></span> <span class='ocrx_word' id='word_1_220' title='bbox 430 1897 475 1919; x_wconf 89' lang='lat' dir='ltr'><strong><em>an</em></strong></span> <span class='ocrx_word' id='word_1_221' title='bbox 499 1882 781 1928; x_wconf 76' lang='grc' dir='ltr'><strong><em>αναδεξαμένων</em></strong></span> <span class='ocrx_word' id='word_1_222' title='bbox 805 1883 901 1918; x_wconf 67' lang='lat' dir='ltr'><strong>scaz?</strong></span> <span class='ocrx_word' id='word_1_223' title='bbox 1023 1886 1044 1919; x_wconf 92' lang='grc'>8</span> <span class='ocrx_word' id='word_1_224' title='bbox 1068 1881 1158 1924; x_wconf 79' lang='grc' dir='ltr'><strong><em>τοὺς</em></strong></span> <span class='ocrx_word' id='word_1_225' title='bbox 1182 1885 1226 1920; x_wconf 83' lang='lat' dir='ltr'><strong><em>C.</em></strong></span> <span class='ocrx_word' id='word_1_226' title='bbox 1346 1885 1390 1918; x_wconf 78' lang='lat'><strong><em>12</em></strong></span> <span class='ocrx_word' id='word_1_227' title='bbox 1415 1882 1452 1918; x_wconf 77' lang='grc' dir='ltr'><strong><em>οἱ</em></strong></span> <span class='ocrx_word' id='word_1_228' title='bbox 1476 1880 1514 1917; x_wconf 82' lang='grc' dir='ltr'><strong><em>δὲ</em></strong></span> <span class='ocrx_word' id='word_1_229' title='bbox 1538 1884 1594 1917; x_wconf 84' lang='lat' dir='ltr'><strong><em>F:</em></strong></span> 
     </span>
    </p>

    <p class='ocr_par' dir='ltr' id='par_1_6' title="bbox 217 1925 1594 1974">
     <span class='ocr_line' id='line_1_26' title="bbox 217 1925 1594 1974; baseline -0.001 -9"><span class='ocrx_word' id='word_1_230' title='bbox 217 1929 257 1965; x_wconf 88' lang='lat' dir='ltr'><strong><em>in</em></strong></span> <span class='ocrx_word' id='word_1_231' title='bbox 282 1931 312 1965; x_wconf 90' lang='lat' dir='ltr'>C</span> <span class='ocrx_word' id='word_1_232' title='bbox 334 1930 459 1966; x_wconf 81' lang='lat' dir='ltr'><strong>literae</strong></span> <span class='ocrx_word' id='word_1_233' title='bbox 482 1931 688 1967; x_wconf 80' lang='lat' dir='ltr'><strong>exstinctae.</strong></span> <span class='ocrx_word' id='word_1_234' title='bbox 800 1931 843 1965; x_wconf 80' lang='lat'><strong><em>13</em></strong></span> <span class='ocrx_word' id='word_1_235' title='bbox 865 1941 913 1965; x_wconf 87' lang='grc' dir='ltr'><strong><em>υ.</em></strong></span> <span class='ocrx_word' id='word_1_236' title='bbox 973 1941 1084 1973; x_wconf 83' lang='grc' dir='ltr'><strong><em>.ματι</em></strong></span> <span class='ocrx_word' id='word_1_237' title='bbox 1106 1930 1149 1964; x_wconf 89' lang='lat' dir='ltr'><strong><em>C.</em></strong></span> <span class='ocrx_word' id='word_1_238' title='bbox 1258 1925 1354 1965; x_wconf 73' lang='grc' dir='ltr'><strong><em>οἶνοι.</em></strong></span> <span class='ocrx_word' id='word_1_239' title='bbox 1389 1940 1519 1974; x_wconf 58' lang='lat' dir='ltr'><strong>muz-ou</strong></span> <span class='ocrx_word' id='word_1_240' title='bbox 1543 1929 1594 1963; x_wconf 84' lang='lat' dir='ltr'><strong><em>C-</em></strong></span> 
     </span>
    </p>
   </div>
   <div class='ocr_carea' id='block_1_3' title="bbox 218 1975 1619 2062">
    <p class='ocr_par' dir='ltr' id='par_1_7' title="bbox 218 1975 1619 2062">
     <span class='ocr_line' id='line_1_27' title="bbox 218 1975 1619 2057; baseline -0.001 -46"><span class='ocrx_word' id='word_1_241' title='bbox 218 1977 268 2056; x_wconf 56' lang='lat' dir='ltr'><strong><em>{f-</em></strong></span> <span class='ocrx_word' id='word_1_242' title='bbox 293 1989 325 2011; x_wconf 89' lang='lat' dir='ltr'><strong><em>c.</em></strong></span> <span class='ocrx_word' id='word_1_243' title='bbox 346 1977 409 2057; x_wconf 53' lang='lat'><strong><em>{0-</em></strong></span> <span class='ocrx_word' id='word_1_244' title='bbox 594 1978 637 2012; x_wconf 88' lang='grc'><strong><em>16</em></strong></span> <span class='ocrx_word' id='word_1_245' title='bbox 661 1975 791 2021; x_wconf 76' lang='grc' dir='ltr'><strong><em>ψισθῶ</em></strong></span> <span class='ocrx_word' id='word_1_246' title='bbox 814 1976 867 2020; x_wconf 89' lang='lat' dir='ltr'><strong><em>C,</em></strong></span> <span class='ocrx_word' id='word_1_247' title='bbox 903 1976 1025 2022; x_wconf 80' lang='grc' dir='ltr'><strong><em>μισθῷ</em></strong></span> <span class='ocrx_word' id='word_1_248' title='bbox 1050 1976 1096 2010; x_wconf 83' lang='lat' dir='ltr'><strong><em>F.</em></strong></span> <span class='ocrx_word' id='word_1_249' title='bbox 1283 1977 1327 2011; x_wconf 84' lang='lat'><strong><em>18</em></strong></span> <span class='ocrx_word' id='word_1_250' title='bbox 1356 1975 1436 2020; x_wconf 85' lang='lat' dir='ltr'><strong>lego</strong></span> <span class='ocrx_word' id='word_1_251' title='bbox 1464 1975 1596 2010; x_wconf 83' lang='grc' dir='ltr'><strong><em>δυσκο-</em></strong></span> <span class='ocrx_word' id='word_1_252' title='bbox 1616 1996 1619 1999; x_wconf 60' lang='lat'>&lt;</span> 
     </span>
     <span class='ocr_line' id='line_1_28' title="bbox 240 2034 324 2062; baseline -0.014 -5"><span class='ocrx_word' id='word_1_253' title='bbox 240 2034 324 2062; x_wconf 79' lang='grc' dir='ltr'><strong><em>ιαις.</em></strong></span> 
     </span>
    </p>
   </div>
   <div class='ocr_carea' id='block_1_4' title="bbox 72 2111 1599 2897">
    <p class='ocr_par' dir='ltr' id='par_1_8' title="bbox 127 2111 1599 2480">
     <span class='ocr_line' id='line_1_29' title="bbox 219 2111 1599 2167; baseline 0.001 -19"><span class='ocrx_word' id='word_1_254' title='bbox 219 2113 256 2148; x_wconf 90' lang='grc'><strong><em>8.</em></strong></span> <span class='ocrx_word' id='word_1_255' title='bbox 304 2113 412 2148; x_wconf 89' lang='lat' dir='ltr'><strong>Tales</strong></span> <span class='ocrx_word' id='word_1_256' title='bbox 434 2116 557 2158; x_wconf 84' lang='lat' dir='ltr'><strong>totque</strong></span> <span class='ocrx_word' id='word_1_257' title='bbox 589 2115 707 2158; x_wconf 88' lang='lat' dir='ltr'><strong>partes</strong></span> <span class='ocrx_word' id='word_1_258' title='bbox 738 2112 972 2167; x_wconf 76' lang='lat' dir='ltr'><strong>catalogorum</strong></span> <span class='ocrx_word' id='word_1_259' title='bbox 995 2111 1120 2147; x_wconf 80' lang='lat' dir='ltr'><strong>officii.</strong></span> <span class='ocrx_word' id='word_1_260' title='bbox 1166 2123 1245 2147; x_wconf 88' lang='lat' dir='ltr'><strong><em>nam</em></strong></span> <span class='ocrx_word' id='word_1_261' title='bbox 1273 2124 1432 2148; x_wconf 85' lang='lat' dir='ltr'><strong>cursores</strong></span> <span class='ocrx_word' id='word_1_262' title='bbox 1458 2112 1518 2158; x_wconf 83' lang='lat' dir='ltr'><strong>(id</strong></span> <span class='ocrx_word' id='word_1_263' title='bbox 1543 2116 1599 2149; x_wconf 86' lang='lat' dir='ltr'><strong><em>est</em></strong></span> 
     </span>
     <span class='ocr_line' id='line_1_30' title="bbox 127 2155 1594 2205; baseline 0.001 -12"><span class='ocrx_word' id='word_1_264' title='bbox 127 2155 380 2203; x_wconf 80' lang='grc' dir='ltr'><strong><em>ταχυδρόμοι)</em></strong></span> <span class='ocrx_word' id='word_1_265' title='bbox 406 2159 510 2193; x_wconf 87' lang='lat' dir='ltr'><strong>finem</strong></span> <span class='ocrx_word' id='word_1_266' title='bbox 529 2158 671 2193; x_wconf 88' lang='lat' dir='ltr'><strong>militiae</strong></span> <span class='ocrx_word' id='word_1_267' title='bbox 694 2159 731 2194; x_wconf 86' lang='lat' dir='ltr'><strong><em>in</em></strong></span> <span class='ocrx_word' id='word_1_268' title='bbox 756 2159 835 2194; x_wconf 83' lang='lat' dir='ltr'><strong>aula</strong></span> <span class='ocrx_word' id='word_1_269' title='bbox 853 2159 1053 2204; x_wconf 85' lang='lat' dir='ltr'><strong>reperiunt:</strong></span> <span class='ocrx_word' id='word_1_270' title='bbox 1078 2159 1293 2205; x_wconf 87' lang='lat' dir='ltr'><strong>applicitarii</strong></span> <span class='ocrx_word' id='word_1_271' title='bbox 1314 2172 1400 2194; x_wconf 87' lang='lat' dir='ltr'><strong>vero</strong></span> <span class='ocrx_word' id='word_1_272' title='bbox 1425 2165 1461 2194; x_wconf 87' lang='lat' dir='ltr'><strong><em>et</em></strong></span> <span class='ocrx_word' id='word_1_273' title='bbox 1483 2161 1594 2194; x_wconf 82' lang='lat' dir='ltr'><strong>clavi-</strong></span> 
     </span>
     <span class='ocr_line' id='line_1_31' title="bbox 128 2204 1596 2251; baseline 0.001 -12"><span class='ocrx_word' id='word_1_274' title='bbox 128 2204 271 2248; x_wconf 82' lang='lat' dir='ltr'><strong>cularii,</strong></span> <span class='ocrx_word' id='word_1_275' title='bbox 292 2216 436 2248; x_wconf 87' lang='lat' dir='ltr'><strong>quorum</strong></span> <span class='ocrx_word' id='word_1_276' title='bbox 459 2204 510 2238; x_wconf 91' lang='lat' dir='ltr'><strong>illi</strong></span> <span class='ocrx_word' id='word_1_277' title='bbox 533 2204 675 2239; x_wconf 80' lang='lat' dir='ltr'><strong>lictores</strong></span> <span class='ocrx_word' id='word_1_278' title='bbox 696 2210 827 2240; x_wconf 88' lang='lat' dir='ltr'><strong>tantum</strong></span> <span class='ocrx_word' id='word_1_279' title='bbox 850 2217 931 2240; x_wconf 89' lang='lat' dir='ltr'><strong>reos</strong></span> <span class='ocrx_word' id='word_1_280' title='bbox 952 2204 1161 2240; x_wconf 84' lang='lat' dir='ltr'><strong>vinciendos</strong></span> <span class='ocrx_word' id='word_1_281' title='bbox 1181 2206 1535 2251; x_wconf 83' lang='lat' dir='ltr'><strong>comprehendentes,</strong></span> <span class='ocrx_word' id='word_1_282' title='bbox 1558 2206 1596 2240; x_wconf 85' lang='lat' dir='ltr'><strong>hi</strong></span> 
     </span>
     <span class='ocr_line' id='line_1_32' title="bbox 129 2249 1596 2296; baseline 0.003 -13"><span class='ocrx_word' id='word_1_283' title='bbox 129 2255 245 2284; x_wconf 85' lang='lat' dir='ltr'><strong>autem</strong></span> <span class='ocrx_word' id='word_1_284' title='bbox 268 2249 408 2284; x_wconf 82' lang='lat' dir='ltr'><strong>vincula</strong></span> <span class='ocrx_word' id='word_1_285' title='bbox 437 2250 560 2285; x_wconf 87' lang='lat' dir='ltr'><strong>iisdem</strong></span> <span class='ocrx_word' id='word_1_286' title='bbox 591 2250 842 2286; x_wconf 82' lang='lat' dir='ltr'><strong>circumdantes</strong></span> <span class='ocrx_word' id='word_1_287' title='bbox 872 2251 1092 2296; x_wconf 83' lang='lat' dir='ltr'><strong>significant,</strong></span> <span class='ocrx_word' id='word_1_288' title='bbox 1127 2263 1328 2296; x_wconf 88' lang='lat' dir='ltr'><strong>munerum,</strong></span> <span class='ocrx_word' id='word_1_289' title='bbox 1360 2263 1449 2296; x_wconf 89' lang='lat' dir='ltr'><strong>quae</strong></span> <span class='ocrx_word' id='word_1_290' title='bbox 1477 2264 1596 2287; x_wconf 87' lang='lat' dir='ltr'><strong>eorum</strong></span> 
     </span>
     <span class='ocr_line' id='line_1_33' title="bbox 129 2295 1595 2342; baseline 0.001 -12"><span class='ocrx_word' id='word_1_291' title='bbox 129 2295 268 2330; x_wconf 83' lang='lat' dir='ltr'><strong>nomine</strong></span> <span class='ocrx_word' id='word_1_292' title='bbox 300 2296 518 2340; x_wconf 84' lang='lat' dir='ltr'><strong>indicantur,</strong></span> <span class='ocrx_word' id='word_1_293' title='bbox 551 2308 621 2331; x_wconf 89' lang='lat' dir='ltr'><strong><em>non</em></strong></span> <span class='ocrx_word' id='word_1_294' title='bbox 652 2303 766 2331; x_wconf 88' lang='lat' dir='ltr'><strong>autem</strong></span> <span class='ocrx_word' id='word_1_295' title='bbox 796 2297 939 2332; x_wconf 89' lang='lat' dir='ltr'><strong>militiae</strong></span> <span class='ocrx_word' id='word_1_296' title='bbox 961 2298 1159 2342; x_wconf 85' lang='lat' dir='ltr'><strong>gradusque</strong></span> <span class='ocrx_word' id='word_1_297' title='bbox 1183 2299 1286 2332; x_wconf 84' lang='lat' dir='ltr'><strong>finem</strong></span> <span class='ocrx_word' id='word_1_298' title='bbox 1312 2304 1595 2342; x_wconf 82' lang='lat' dir='ltr'><strong>consequuntur:</strong></span> 
     </span>
     <span class='ocr_line' id='line_1_34' title="bbox 127 2342 1597 2396; baseline 0.001 -20"><span class='ocrx_word' id='word_1_299' title='bbox 127 2346 300 2396; x_wconf 76' lang='lat' dir='ltr'><strong>apparent</strong></span> <span class='ocrx_word' id='word_1_300' title='bbox 321 2342 412 2376; x_wconf 90' lang='lat' dir='ltr'><strong>enim</strong></span> <span class='ocrx_word' id='word_1_301' title='bbox 436 2342 820 2387; x_wconf 84' lang='lat' dir='ltr'><strong>commentariensibus,</strong></span> <span class='ocrx_word' id='word_1_302' title='bbox 847 2344 927 2388; x_wconf 89' lang='lat' dir='ltr'><strong>qui,</strong></span> <span class='ocrx_word' id='word_1_303' title='bbox 950 2350 989 2377; x_wconf 89' lang='lat' dir='ltr'><strong><em>ut</em></strong></span> <span class='ocrx_word' id='word_1_304' title='bbox 1006 2343 1175 2388; x_wconf 87' lang='lat' dir='ltr'><strong>diximus,</strong></span> <span class='ocrx_word' id='word_1_305' title='bbox 1200 2343 1597 2390; x_wconf 83' lang='lat' dir='ltr'><strong>hypomnematographi</strong></span> 
     </span>
     <span class='ocr_line' id='line_1_35' title="bbox 127 2387 1598 2435; baseline 0.001 -13"><span class='ocrx_word' id='word_1_306' title='bbox 127 2387 167 2422; x_wconf 81' lang='lat' dir='ltr'><strong><em>in</em></strong></span> <span class='ocrx_word' id='word_1_307' title='bbox 195 2387 312 2421; x_wconf 84' lang='lat' dir='ltr'><strong>officio</strong></span> <span class='ocrx_word' id='word_1_308' title='bbox 340 2389 496 2422; x_wconf 87' lang='lat' dir='ltr'><strong>Romano</strong></span> <span class='ocrx_word' id='word_1_309' title='bbox 529 2389 760 2435; x_wconf 78' lang='lat' dir='ltr'><strong>appellantur.</strong></span> <span class='ocrx_word' id='word_1_310' title='bbox 807 2401 884 2423; x_wconf 89' lang='lat' dir='ltr'><strong><em>nam</em></strong></span> <span class='ocrx_word' id='word_1_311' title='bbox 909 2389 1194 2434; x_wconf 88' lang='lat' dir='ltr'><strong>quemadmodum</strong></span> <span class='ocrx_word' id='word_1_312' title='bbox 1221 2389 1494 2423; x_wconf 90' lang='lat' dir='ltr'><strong>nomenclatores</strong></span> <span class='ocrx_word' id='word_1_313' title='bbox 1519 2401 1598 2423; x_wconf 88' lang='lat' dir='ltr'><strong>mu-</strong></span> 
     </span>
     <span class='ocr_line' id='line_1_36' title="bbox 129 2433 1597 2480; baseline 0 -12"><span class='ocrx_word' id='word_1_314' title='bbox 129 2445 214 2468; x_wconf 84' lang='lat' dir='ltr'><strong>nere</strong></span> <span class='ocrx_word' id='word_1_315' title='bbox 236 2433 445 2479; x_wconf 86' lang='lat' dir='ltr'><strong>funguntur,</strong></span> <span class='ocrx_word' id='word_1_316' title='bbox 468 2435 719 2480; x_wconf 87' lang='lat' dir='ltr'><strong>rhetoresque‚</strong></span> <span class='ocrx_word' id='word_1_317' title='bbox 744 2434 930 2469; x_wconf 87' lang='lat' dir='ltr'><strong>clamantes</strong></span> <span class='ocrx_word' id='word_1_318' title='bbox 955 2447 1072 2469; x_wconf 90' lang='lat' dir='ltr'><strong>eorum</strong></span> <span class='ocrx_word' id='word_1_319' title='bbox 1095 2435 1251 2479; x_wconf 89' lang='lat' dir='ltr'><strong>nomina,</strong></span> <span class='ocrx_word' id='word_1_320' title='bbox 1275 2435 1452 2478; x_wconf 86' lang='lat' dir='ltr'><strong>indicant,</strong></span> <span class='ocrx_word' id='word_1_321' title='bbox 1475 2435 1527 2469; x_wconf 88' lang='lat' dir='ltr'><strong><em>sic</em></strong></span> <span class='ocrx_word' id='word_1_322' title='bbox 1544 2435 1597 2469; x_wconf 87' lang='lat' dir='ltr'><strong>illi</strong></span> 
     </span>
    </p>

    <p class='ocr_par' dir='ltr' id='par_1_9' title="bbox 72 2479 1599 2897">
     <span class='ocr_line' id='line_1_37' title="bbox 72 2479 1597 2535; baseline 0.001 -22"><span class='ocrx_word' id='word_1_323' title='bbox 72 2484 83 2494; x_wconf 60' lang='lat'><strong>⁸</strong></span> <span class='ocrx_word' id='word_1_324' title='bbox 130 2479 365 2514; x_wconf 84' lang='lat' dir='ltr'><strong>criminalibus</strong></span> <span class='ocrx_word' id='word_1_325' title='bbox 397 2480 434 2513; x_wconf 91' lang='lat' dir='ltr'><strong><em>in</em></strong></span> <span class='ocrx_word' id='word_1_326' title='bbox 467 2481 582 2515; x_wconf 87' lang='lat' dir='ltr'><strong>causis</strong></span> <span class='ocrx_word' id='word_1_327' title='bbox 612 2487 795 2535; x_wconf 80' lang='lat' dir='ltr'><strong>apparent.</strong></span> <span class='ocrx_word' id='word_1_328' title='bbox 843 2481 1119 2515; x_wconf 84' lang='lat' dir='ltr'><strong>nomenclatores</strong></span> <span class='ocrx_word' id='word_1_329' title='bbox 1139 2487 1270 2525; x_wconf 86' lang='lat' dir='ltr'><strong>autem,</strong></span> <span class='ocrx_word' id='word_1_330' title='bbox 1307 2486 1346 2515; x_wconf 90' lang='lat' dir='ltr'><strong><em>ut</em></strong></span> <span class='ocrx_word' id='word_1_331' title='bbox 1367 2481 1534 2515; x_wconf 87' lang='lat' dir='ltr'><strong>Aemilius</strong></span> <span class='ocrx_word' id='word_1_332' title='bbox 1557 2481 1597 2515; x_wconf 91' lang='lat' dir='ltr'><strong><em>in</em></strong></span> 
     </span>
     <span class='ocr_line' id='line_1_38' title="bbox 129 2525 1598 2572; baseline 0.003 -14"><span class='ocrx_word' id='word_1_333' title='bbox 129 2525 385 2560; x_wconf 81' lang='lat' dir='ltr'><strong>commentariis</strong></span> <span class='ocrx_word' id='word_1_334' title='bbox 407 2527 452 2560; x_wconf 85' lang='lat' dir='ltr'><strong><em>ad</em></strong></span> <span class='ocrx_word' id='word_1_335' title='bbox 475 2526 633 2561; x_wconf 81' lang='lat' dir='ltr'><strong>Sallustii</strong></span> <span class='ocrx_word' id='word_1_336' title='bbox 652 2526 816 2561; x_wconf 85' lang='lat' dir='ltr'><strong>historias</strong></span> <span class='ocrx_word' id='word_1_337' title='bbox 835 2527 902 2572; x_wconf 89' lang='lat' dir='ltr'><strong>ait,</strong></span> <span class='ocrx_word' id='word_1_338' title='bbox 927 2527 1161 2561; x_wconf 87' lang='lat' dir='ltr'><strong>nominatores</strong></span> <span class='ocrx_word' id='word_1_339' title='bbox 1179 2527 1383 2571; x_wconf 87' lang='lat' dir='ltr'><strong>indicesque</strong></span> <span class='ocrx_word' id='word_1_340' title='bbox 1401 2532 1598 2571; x_wconf 81' lang='lat' dir='ltr'><strong>togatorum</strong></span> 
     </span>
     <span class='ocr_line' id='line_1_39' title="bbox 130 2570 1597 2617; baseline 0.001 -13"><span class='ocrx_word' id='word_1_341' title='bbox 130 2570 192 2614; x_wconf 87' lang='lat' dir='ltr'><strong>(id</strong></span> <span class='ocrx_word' id='word_1_342' title='bbox 215 2575 268 2604; x_wconf 82' lang='lat' dir='ltr'><strong><em>est</em></strong></span> <span class='ocrx_word' id='word_1_343' title='bbox 291 2573 563 2617; x_wconf 85' lang='lat' dir='ltr'><strong>advocatorum)</strong></span> <span class='ocrx_word' id='word_1_344' title='bbox 595 2577 687 2608; x_wconf 86' lang='lat' dir='ltr'><strong>sunt.</strong></span> <span class='ocrx_word' id='word_1_345' title='bbox 735 2578 874 2617; x_wconf 85' lang='lat' dir='ltr'><strong>togatos</strong></span> <span class='ocrx_word' id='word_1_346' title='bbox 898 2578 1012 2607; x_wconf 85' lang='lat' dir='ltr'><strong>autem</strong></span> <span class='ocrx_word' id='word_1_347' title='bbox 1035 2572 1183 2607; x_wconf 88' lang='lat' dir='ltr'><strong>Romani</strong></span> <span class='ocrx_word' id='word_1_348' title='bbox 1206 2578 1335 2607; x_wconf 77' lang='lat' dir='ltr'><strong>vocant</strong></span> <span class='ocrx_word' id='word_1_349' title='bbox 1359 2584 1419 2606; x_wconf 85' lang='lat' dir='ltr'><strong>eos</strong></span> <span class='ocrx_word' id='word_1_350' title='bbox 1444 2572 1504 2617; x_wconf 84' lang='lat' dir='ltr'><strong><em>qui</em></strong></span> <span class='ocrx_word' id='word_1_351' title='bbox 1526 2584 1597 2607; x_wconf 88' lang='lat' dir='ltr'><strong><em>non</em></strong></span> 
     </span>
     <span class='ocr_line' id='line_1_40' title="bbox 129 2615 1597 2664; baseline 0.003 -15"><span class='ocrx_word' id='word_1_352' title='bbox 129 2615 300 2661; x_wconf 84' lang='lat' dir='ltr'><strong>militant,</strong></span> <span class='ocrx_word' id='word_1_353' title='bbox 339 2618 401 2652; x_wconf 88' lang='lat' dir='ltr'><strong>sed</strong></span> <span class='ocrx_word' id='word_1_354' title='bbox 432 2623 548 2662; x_wconf 86' lang='lat' dir='ltr'><strong>togam</strong></span> <span class='ocrx_word' id='word_1_355' title='bbox 573 2623 700 2664; x_wconf 86' lang='lat' dir='ltr'><strong>gerunt</strong></span> <span class='ocrx_word' id='word_1_356' title='bbox 731 2624 767 2653; x_wconf 86' lang='lat' dir='ltr'><strong><em>et</em></strong></span> <span class='ocrx_word' id='word_1_357' title='bbox 802 2631 925 2653; x_wconf 88' lang='lat' dir='ltr'><strong>causas</strong></span> <span class='ocrx_word' id='word_1_358' title='bbox 957 2619 1113 2653; x_wconf 89' lang='lat' dir='ltr'><strong>dicentes</strong></span> <span class='ocrx_word' id='word_1_359' title='bbox 1147 2619 1307 2654; x_wconf 84' lang='lat' dir='ltr'><strong>mercede</strong></span> <span class='ocrx_word' id='word_1_360' title='bbox 1339 2618 1522 2653; x_wconf 83' lang='lat' dir='ltr'><strong>adiuvant:</strong></span> <span class='ocrx_word' id='word_1_361' title='bbox 1557 2619 1597 2654; x_wconf 83' lang='lat' dir='ltr'><strong><em>in</em></strong></span> 
     </span>
     <span class='ocr_line' id='line_1_41' title="bbox 129 2662 1596 2720; baseline 0.003 -25"><span class='ocrx_word' id='word_1_362' title='bbox 129 2662 209 2696; x_wconf 83' lang='lat' dir='ltr'><strong>soro</strong></span> <span class='ocrx_word' id='word_1_363' title='bbox 233 2662 325 2696; x_wconf 88' lang='lat' dir='ltr'><strong>enim</strong></span> <span class='ocrx_word' id='word_1_364' title='bbox 346 2670 549 2709; x_wconf 80' lang='lat' dir='ltr'><strong>versantes,</strong></span> <span class='ocrx_word' id='word_1_365' title='bbox 582 2665 766 2709; x_wconf 86' lang='lat' dir='ltr'><strong>literisque</strong></span> <span class='ocrx_word' id='word_1_366' title='bbox 789 2671 826 2699; x_wconf 87' lang='lat' dir='ltr'><strong><em>et</em></strong></span> <span class='ocrx_word' id='word_1_367' title='bbox 846 2665 934 2699; x_wconf 88' lang='lat' dir='ltr'><strong>iuris</strong></span> <span class='ocrx_word' id='word_1_368' title='bbox 957 2665 1220 2699; x_wconf 82' lang='lat' dir='ltr'><strong>difficultatibus</strong></span> <span class='ocrx_word' id='word_1_369' title='bbox 1251 2670 1442 2720; x_wconf 82' lang='lat' dir='ltr'><strong>vacantes,</strong></span> <span class='ocrx_word' id='word_1_370' title='bbox 1480 2666 1524 2699; x_wconf 88' lang='lat' dir='ltr'><strong><em>ab</em></strong></span> <span class='ocrx_word' id='word_1_371' title='bbox 1549 2665 1596 2699; x_wconf 83' lang='lat' dir='ltr'><strong><em>iis</em></strong></span> 
     </span>
     <span class='ocr_line' id='line_1_42' title="bbox 130 2692 1598 2766; baseline 0.003 -25"><span class='ocrx_word' id='word_1_372' title='bbox 130 2707 258 2753; x_wconf 87' lang='lat' dir='ltr'><strong>quibus</strong></span> <span class='ocrx_word' id='word_1_373' title='bbox 283 2719 387 2742; x_wconf 85' lang='lat' dir='ltr'><strong>causa</strong></span> <span class='ocrx_word' id='word_1_374' title='bbox 406 2692 554 2746; x_wconf 84' lang='lat' dir='ltr'><strong>dicenda</strong></span> <span class='ocrx_word' id='word_1_375' title='bbox 577 2712 621 2746; x_wconf 82' lang='lat' dir='ltr'><strong><em>ad</em></strong></span> <span class='ocrx_word' id='word_1_376' title='bbox 645 2712 824 2766; x_wconf 84' lang='lat' dir='ltr'><strong>pedaneos</strong></span> <span class='ocrx_word' id='word_1_377' title='bbox 842 2711 976 2746; x_wconf 88' lang='lat' dir='ltr'><strong>iudices</strong></span> <span class='ocrx_word' id='word_1_378' title='bbox 1005 2711 1064 2754; x_wconf 89' lang='lat' dir='ltr'><strong><em>(id</em></strong></span> <span class='ocrx_word' id='word_1_379' title='bbox 1088 2716 1140 2746; x_wconf 88' lang='lat' dir='ltr'><strong><em>est</em></strong></span> <span class='ocrx_word' id='word_1_380' title='bbox 1157 2708 1471 2755; x_wconf 77' lang='grc' dir='ltr'><strong><em>χαμαιδικαστάς)</em></strong></span> <span class='ocrx_word' id='word_1_381' title='bbox 1501 2711 1598 2746; x_wconf 84' lang='lat' dir='ltr'><strong>circa.</strong></span> 
     </span>
     <span class='ocr_line' id='line_1_43' title="bbox 130 2754 1599 2811; baseline 0.003 -24"><span class='ocrx_word' id='word_1_382' title='bbox 130 2759 266 2798; x_wconf 81' lang='lat' dir='ltr'><strong>tempus</strong></span> <span class='ocrx_word' id='word_1_383' title='bbox 297 2754 507 2809; x_wconf 83' lang='lat' dir='ltr'><strong>cognitionis</strong></span> <span class='ocrx_word' id='word_1_384' title='bbox 534 2757 676 2811; x_wconf 84' lang='lat' dir='ltr'><strong>patroni</strong></span> <span class='ocrx_word' id='word_1_385' title='bbox 709 2758 938 2792; x_wconf 82' lang='lat' dir='ltr'><strong>vocabantur.</strong></span> <span class='ocrx_word' id='word_1_386' title='bbox 987 2768 1096 2802; x_wconf 87' lang='lat' dir='ltr'><strong>quare</strong></span> <span class='ocrx_word' id='word_1_387' title='bbox 1126 2757 1230 2791; x_wconf 81' lang='lat' dir='ltr'><strong>etiam</strong></span> <span class='ocrx_word' id='word_1_388' title='bbox 1260 2757 1444 2801; x_wconf 86' lang='lat' dir='ltr'><strong>advocati,</strong></span> <span class='ocrx_word' id='word_1_389' title='bbox 1476 2757 1514 2793; x_wconf 87' lang='lat' dir='ltr'><strong>id</strong></span> <span class='ocrx_word' id='word_1_390' title='bbox 1543 2761 1599 2792; x_wconf 79' lang='lat' dir='ltr'><strong><em>est</em></strong></span> 
     </span>
     <span class='ocr_line' id='line_1_44' title="bbox 130 2797 1598 2848; baseline 0.003 -15"><span class='ocrx_word' id='word_1_391' title='bbox 130 2797 466 2844; x_wconf 75' lang='grc' dir='ltr'><strong><em>προσκαλούμενοι,</em></strong></span> <span class='ocrx_word' id='word_1_392' title='bbox 498 2803 683 2838; x_wconf 86' lang='lat' dir='ltr'><strong>etiamnum</strong></span> <span class='ocrx_word' id='word_1_393' title='bbox 706 2803 880 2838; x_wconf 87' lang='lat' dir='ltr'><strong>dicuntur.</strong></span> <span class='ocrx_word' id='word_1_394' title='bbox 927 2803 1113 2838; x_wconf 83' lang='lat' dir='ltr'><strong>turmarios</strong></span> <span class='ocrx_word' id='word_1_395' title='bbox 1134 2803 1273 2848; x_wconf 90' lang='lat' dir='ltr'><strong>quidem</strong></span> <span class='ocrx_word' id='word_1_396' title='bbox 1300 2807 1438 2847; x_wconf 87' lang='lat' dir='ltr'><strong>egomet</strong></span> <span class='ocrx_word' id='word_1_397' title='bbox 1458 2803 1598 2837; x_wconf 87' lang='lat' dir='ltr'><strong>memini</strong></span> 
     </span>
     <span class='ocr_line' id='line_1_45' title="bbox 131 2846 1599 2897; baseline 0.004 -18"><span class='ocrx_word' id='word_1_398' title='bbox 131 2851 343 2892; x_wconf 81' lang='lat' dir='ltr'><strong>apparentes</strong></span> <span class='ocrx_word' id='word_1_399' title='bbox 375 2846 480 2884; x_wconf 78' lang='lat' dir='ltr'><strong>etiam</strong></span> <span class='ocrx_word' id='word_1_400' title='bbox 507 2848 546 2885; x_wconf 87' lang='lat' dir='ltr'><strong><em>in</em></strong></span> <span class='ocrx_word' id='word_1_401' title='bbox 577 2849 706 2886; x_wconf 78' lang='lat' dir='ltr'><strong>scrinio</strong></span> <span class='ocrx_word' id='word_1_402' title='bbox 740 2849 1034 2897; x_wconf 79' lang='lat' dir='ltr'><strong>subadiuvarum,</strong></span> <span class='ocrx_word' id='word_1_403' title='bbox 1065 2855 1102 2886; x_wconf 81' lang='lat' dir='ltr'><strong><em>et</em></strong></span> <span class='ocrx_word' id='word_1_404' title='bbox 1135 2849 1423 2897; x_wconf 80' lang='lat' dir='ltr'><strong>completionibus</strong></span> <span class='ocrx_word' id='word_1_405' title='bbox 1456 2849 1519 2895; x_wconf 80' lang='lat' dir='ltr'><strong>(id</strong></span> <span class='ocrx_word' id='word_1_406' title='bbox 1543 2853 1599 2886; x_wconf 78' lang='lat' dir='ltr'><strong><em>est</em></strong></span> 
     </span>
    </p>
   </div>
  </div>
 </body>
</html>
