1748 3210
244 204 340 251 210
759 200 979 245 IOANNIS
1013 197 1144 242 LYm

378 315 454 361 16.
519 312 605 357 Δύο
626 314 694 357 τὸν
712 311 886 368 ἀριθμὸν
904 310 1032 352 αὐτῶν
1041 340 1055 361 ,
1089 308 1142 360 ὧς
1156 308 1334 366 ἕφθημεν
1351 307 1539 362 εἶπόντες,
1562 325 1657 365 τυγ-

240 380 439 438 χανόντων
455 381 800 436 κομμενταρισίων,
827 377 895 427 οὓς
910 376 930 419 ὅ
947 375 1089 433 χρόνος
1107 378 1148 418 ἐκ
1166 380 1243 418 τῶν
1261 375 1525 434 ταχυγράφων
1543 375 1657 432 ἔφερε

244 455 317 504 τῆς
335 450 563 505 φροντίδος,
595 445 638 496 (ἐξ
658 448 723 488 καὶ
745 446 877 495 αὐτοῖς
884 476 897 495 ,
922 443 1105 499 καθάπερ
1123 449 1206 492 τοῖς
1224 442 1299 497 πρὸ
1318 444 1445 486 αὐτῶν
1454 475 1468 495 ,
1493 441 1655 498 ὖπέτρε-

240 534 314 570 χον
339 515 491 568 fian-901?
498 545 511 564 ‚
545 515 587 554 ἐκ
614 517 685 555 τοῦ
711 510 910 566 τάγματος
931 516 1008 554 τῶν
1028 511 1336 566 Λύγουσταλίων
1350 507 1656 565 προσλαμβανό-

242 598 375 635 μενοι,
409 580 548 635 ἄνδρες
580 579 790 635 ἄστεμφεῖς
810 581 875 620 καὶ
897 578 1004 635 νόμῳ
1022 579 1247 635 πρέπουσαν
1269 575 1481 632 αὐστηρίαν
1501 577 1688 618 &ravel-5

243 664 393 698 νοντες,
426 646 523 702 παρ’
555 643 614 695 οἷς
638 645 842 700 ἐτύγχανεν
867 644 893 700 ἦ
925 651 1033 687 πᾶσα
1065 643 1230 698 δύναμις
1256 646 1325 696 τῆς
1351 643 1486 698 ἀρχῆς.
1551 637 1659 685 οὗτοι

242 714 316 763 τὰς
344 715 416 766 μὲν
449 713 734 768 ε’γκληματικὰς
755 711 943 762 ἐξετάσεις
961 713 1100 768 ἔφερον
1119 715 1176 768 τῷ
1197 711 1455 765 δικαστηρίῳ,
1486 705 1658 750 ὑπασπι-

242 779 385 832 ζόντων
408 780 552 830 αὐτοῖς,
587 778 641 829 ὥς
660 781 900 836 προέφαμεν,
934 779 1210 834 ἄπλικιταρίων
1226 778 1292 818 καὶ
1310 776 1659 831 κλαβικουλαρίων,

239 847 342 901 μετὰ
361 877 372 889 .
384 877 395 888 .
408 877 420 889 .
438 845 690 903 ῥαβὸούχων,
725 847 919 901 σιδηρέοις
938 848 1094 899 ὁεσμοῖς
1113 846 1178 886 καὶ
1197 843 1382 885 ποιναίων
1400 840 1576 898 ὀργάνων
1594 843 1659 884 καὶ

241 913 448 969 πλήκτρων
476 914 647 970 ποικιλίᾳ
673 911 915 955 σαλευόντων
935 917 992 969 τῷ
1013 912 1127 969 φόβῳ
1148 911 1193 952 τὸ
1215 908 1464 966 δικαστήριον
1473 921 1489 934 ··
1515 910 1658 962 δουκη-
1671 915 1713 950 10

242 981 388 1036 ναρίων
415 980 458 1021 δὲ
483 986 622 1035 στῖφος
647 980 807 1032 θέμενοι
833 982 898 1021 καὶ
914 981 1037 1035 χωρὶς
1055 978 1266 1027 αὐθεντίας
1285 982 1354 1020 τοῦ
1375 974 1497 1030 νόμου
1514 975 1660 1032 ἤρκουν

242 1047 342 1104 πρὸς
366 1046 643 1102 σωφρονισμὸν
668 1044 974 1102 ἁμαρτάνουσιν.

378 1133 453 1178 17.
514 1134 615 1188 Ἐγὼ
633 1135 674 1175 δὲ
692 1133 952 1187 ἕκπλῆττομαι
973 1133 1179 1175 ἇναπολῶν
1200 1161 1213 1174 .
1224 1162 1235 1174 .
1247 1148 1318 1174 ,τα
1335 1134 1428 1172 νοῦν
1444 1129 1543 1186 πρὸς
1561 1129 1660 1172 ἐκεί-

240 1218 333 1250 νους
362 1201 455 1249 τοὺς
486 1199 633 1255 ἄνδρας
665 1200 908 1255 ἀνατρέχων,
940 1197 1022 1248 οἷος
1049 1195 1096 1253 ἦν
1116 1197 1136 1239 ὃ
1159 1198 1285 1254 φόβος
1300 1202 1378 1239 τῶν
1399 1213 1660 1253 κομμενταρι-

240 1269 336 1309 σίων
366 1266 474 1322 παρὰ
503 1271 601 1308 πᾶσι
631 1267 702 1319 μὲν
729 1273 810 1315 τοῖς
836 1265 1013 1307 ὁπωσοῦν
1033 1264 1259 1320 ἡγουμένοις
1279 1269 1349 1317 τῆς
1367 1262 1534 1314 τάξεως,
1567 1266 1656 1304 δια·-
1671 1271 1712 1306 15

242 1331 440 1390 φερόντως
469 1334 510 1374 δὲ
537 1332 647 1388 παρὰ
673 1339 755 1382 τοῖς
776 1334 1049 1388 σκρινιαριόις,
1082 1333 1148 1373 καὶ
1168 1330 1273 1379 ὅπως
1293 1330 1660 1385 παραπορευομένου

241 1400 567 1455 κομμενταρισίου
586 1399 713 1453 τυχῶν
730 1398 884 1453 ὁμιλίας
897 1399 1068 1453 ἠξιοῦτο.
1135 1397 1190 1439 δι’
1213 1397 1342 1439 αὐτῶν
1362 1396 1438 1451 γὰρ
1460 1395 1505 1437 οὗ
1524 1395 1572 1438 τὰ
1591 1400 1663 1450 τῆς

242 1467 368 1523 ἀρχῆς
394 1465 498 1521 μόνα
521 1466 714 1520 κινήματα
746 1466 847 1508 ἀλλὰ
877 1468 942 1508 καὶ
968 1464 993 1520 ἦ
1018 1466 1213 1518 βασιλέως
1236 1462 1497 1518 ἀγανάκτησις
1514 1463 1662 1519 ἐθερα-

241 1533 392 1575 πεύετο.
457 1538 662 1588 τοιγαροῦν
694 1534 769 1588 ἐγὼ
798 1533 1087 1586 ὁιαμέμνημαι,
1131 1531 1202 1583 τὴν
1228 1534 1300 1572 τοῦ
1325 1529 1530 1584 λεγομένου
1557 1546 1660 1585 χαρ-

241 1601 451 1656 τουλαρίου
468 1604 681 1653 τηνικαῦτα
695 1598 813 1655 χάριν
831 1603 990 1655 πληρῶν
1007 1604 1088 1647 τοῖς
1105 1598 1454 1652 κομμενταρισίοις,
1477 1594 1530 1646 ὡς
1544 1595 1657 1638 'Ara-
1669 1603 1713 1637 20

242 1668 404 1708 στασίου
435 1670 506 1707 τοῦ
533 1667 726 1719 βασιλέως
754 1666 978 1719 κινηθέντος
999 1664 1100 1707 κατὰ
1113 1665 1322 1714 Ἀπίωνος,
1355 1663 1498 1719 ἀνδρὸς
1515 1664 1659 1716 ἐξοχω-

333 1804 352 1838 1
386 1800 546 1846 ἀριθμὸν
575 1801 638 1837 καὶ
661 1800 811 1838 αὖτῶνῒ
856 1809 892 1838 et
914 1815 990 1838 mox
1012 1799 1260 1847 τυγχανόντων
1280 1800 1354 1835 τῶν
1376 1800 1437 1834 aa?
1481 1800 1528 1834 cf.
1550 1812 1581 1834 c.
1601 1802 1658 1835 20.

330 1845 466 1891 ἔφημεν
485 1847 528 1882 C.
641 1849 663 1882 8
684 1859 774 1889 προ.
787 1872 797 1882 .
811 1873 820 1882 .
834 1873 843 1882 .
867 1850 910 1884 C.
1021 1850 1043 1883 9
1062 1848 1139 1891 lego
1164 1847 1328 1885 τούτους.
1351 1847 1396 1880 F.
1502 1843 1659 1878 ποινέων

331 1890 398 1935 ὀργ
409 1916 420 1926 .
433 1916 442 1926 .
456 1915 466 1926 .
477 1903 499 1926 ν
509 1915 520 1926 .
530 1914 541 1926 .
554 1915 564 1926 .
583 1890 771 1935 πλήκτρων
787 1893 966 1932 ποικιλίας
980 1889 1187 1928 ἆλευόντων
1209 1893 1252 1926 C.
1387 1890 1427 1924 11
1447 1886 1660 1934 αὖθεντίας]

330 1936 525 1971 coniectura
544 1947 587 1970 ex
606 1936 760 1982 reliquiis
776 1937 961 1973 literarum.
984 1939 1030 1973 F.
1166 1937 1208 1971 13
1227 1936 1304 1980 lego
1326 1931 1430 1969 κατὰ.
1450 1935 1495 1969 F.

332 2058 386 2092 16.
432 2058 507 2092 Duo
535 2069 629 2104 cum,
659 2062 698 2093 ut
722 2070 826 2104 supra
849 2058 1056 2103 rettulimus,
1079 2057 1394 2093 commentarienses
1420 2059 1550 2099 essent,
1573 2067 1659 2100 quos

239 2106 372 2148 tempus
404 2104 609 2137 notariorum
639 2115 658 2137 e
688 2115 826 2138 munere
854 2103 1084 2148 provehebat,
1118 2103 1219 2137 sicuti
1246 2102 1432 2147 prioribus,
1454 2101 1500 2136 iis
1525 2112 1660 2145 quoque

241 2158 302 2182 sex
326 2146 520 2191 adiutores,
550 2159 592 2181 ex
615 2148 846 2192 Augustalium
870 2148 989 2183 ordine
1010 2149 1090 2182 lecti
1114 2149 1345 2193 apparebant,
1377 2146 1444 2180 viri
1471 2157 1595 2190 graves
1625 2151 1660 2180 et

240 2191 378 2236 dignam
396 2191 473 2235 lege
494 2193 727 2226 austeritatem
751 2193 986 2236 ostendentes,
1012 2205 1116 2238 penes
1138 2204 1221 2237 quos
1244 2198 1319 2226 erat
1335 2191 1442 2225 omnis
1464 2191 1657 2236 praefectu-

239 2247 302 2276 rae
319 2240 484 2282 potestas.
528 2237 564 2269 bi
587 2237 777 2272 criminales
797 2248 916 2272 causas
935 2239 979 2272 ad
994 2237 1155 2272 iudicium
1175 2238 1394 2280 deferebant,
1416 2235 1659 2282 apparentibus

239 2280 305 2324 iis,
326 2284 365 2316 ut
385 2280 633 2327 praediximus,
666 2282 888 2327 applicitariis
911 2288 946 2316 et
967 2281 1212 2324 claviculariis3
1241 2282 1362 2326 quibus
1388 2281 1593 2314 accedebant
1613 2279 1656 2312 liv-

241 2330 373 2370 utores,
396 2326 519 2360 ferreis
540 2325 685 2360 vinculis
708 2332 743 2360 et
765 2327 953 2372 poenalium
969 2327 1263 2361 instrumentorum
1282 2325 1554 2369 flagellorumque
1573 2324 1657 2358 mul-

239 2370 350 2417 tiplici
379 2370 479 2416 copia
506 2370 666 2405 iudicium
693 2383 822 2416 pavore
844 2371 1023 2415 agitantes.
1070 2371 1252 2406 constituto
1275 2376 1385 2404 antem
1402 2369 1658 2403 ducenariorum

241 2416 392 2460 agmine,
415 2420 451 2450 et
472 2414 546 2449 sine
567 2415 653 2459 legis
675 2417 878 2450 auctoritate
900 2417 1011 2450 noxiis
1033 2416 1239 2460 castigandis
1261 2415 1488 2448 sufficiebant.

331 2483 386 2518 17.
430 2482 507 2526 Ego
529 2493 612 2515 vero
635 2493 703 2515 non
719 2482 793 2515 sine
814 2487 964 2525 terrore,
989 2483 1098 2516 animo
1117 2483 1158 2516 ad
1176 2481 1250 2514 illos
1267 2481 1360 2515 viros
1377 2492 1555 2515 recurrens
1568 2506 1578 2523 ,
1599 2492 1656 2514 re-

238 2530 322 2572 puto
355 2532 499 2570 quantus
528 2531 619 2560 esset
649 2527 994 2561 commentariensium
1022 2534 1150 2570 metus,
1183 2532 1252 2560 tum
1284 2527 1373 2579 apud
1406 2538 1520 2560 omnes
1542 2525 1656 2560 officio

237 2572 537 2616 quomodocunque
565 2572 797 2617 praepositos,
832 2578 901 2606 tum
927 2572 1110 2618 praecipue
1137 2572 1225 2616 apud
1247 2570 1462 2615 scriniarios,
1494 2575 1655 2615 quantus-

239 2627 306 2662 que
336 2616 465 2660 honor,
496 2616 600 2650 sicui
621 2621 866 2669 praetereunte
897 2628 970 2651 cum
999 2616 1288 2651 commentariensi
1309 2627 1419 2649 sermo
1442 2615 1653 2659 contigisset.

237 2660 362 2695 etenim
387 2661 436 2695 illi
457 2673 524 2695 non
543 2667 758 2705 magistratus
792 2662 889 2696 modo
916 2661 1132 2702 offensionis,
1165 2672 1282 2695 verum
1303 2660 1541 2705 imperatoriae
1568 2670 1653 2704 quo-

237 2717 303 2750 que
320 2705 562 2750 indignationis
578 2706 723 2740 ministri
741 2711 849 2741 erant.
894 2706 1011 2752 itaque
1029 2718 1091 2750 ego
1110 2706 1261 2749 memini,
1282 2711 1349 2740 tum
1369 2703 1563 2740 chartularii
1579 2715 1652 2737 mu-

235 2760 318 2784 nere
348 2749 701 2786 commentariensibus
731 2752 889 2795 functus,
923 2763 997 2785 cum
1027 2751 1227 2786 Anastasius
1257 2751 1441 2794 imperator
1471 2753 1652 2784 commotus

234 2799 327 2830 esset
357 2795 394 2830 in
419 2796 628 2842 Appionem,
662 2796 770 2831 virum
802 2796 1107 2844 splendidissimum
1140 2802 1175 2832 et
1207 2795 1267 2842 qui
1296 2796 1473 2841 imperium
1505 2804 1580 2829 cum
1612 2805 1653 2827 eo
