1748 3210
447 156 508 199 IN
542 156 756 200 LIBRUM
783 157 858 200 DE
886 155 1171 201 OSTENTIS.
1442 155 1538 201 395

87 262 267 337 γματωψ
287 266 501 318 politia...
526 274 582 304 est
589 281 839 318 pnnczpmm
857 274 896 304 et
910 268 1145 306 consuetudo
1163 279 1307 304 r.erum
1368 273 1408 304 at
1430 268 1538 304 enim

31 346 34 347 ⁷
87 320 188 378 ἆρχή
208 322 274 361 1110
287 337 369 362 11011
382 325 629 374 principium
644 323 716 362 sed
726 326 998 375 principatus,
1027 325 1253 375 imperinm,
1279 325 1454 373 regimen
1475 338 1538 361 re-

87 394 178 418 rum
198 380 319 418 valet.
377 387 415 418 et
445 383 634 419 Kusterus
660 383 703 418 in
731 380 855 419 Suida
876 380 927 418 ad
946 395 983 419 v.
1001 377 1210 432 Ἑπεφανη
1232 382 1256 421 1
1286 382 1367 422 796
1387 382 1418 417 Β
1452 381 1537 429 illa,

84 436 155 478 ἵνα
171 451 246 488 την
265 452 440 489 αναρχον
459 434 631 490 ’ὕπαρξιν
648 434 820 492 μηνύσῃ,
851 439 967 475 vertit
988 439 1055 486 sic,
1084 445 1130 475 ut
1146 437 1409 475 substanttam
1417 451 1474 488 pr
1474 439 1540 474 ι’]ι-

85 493 187 544 oe‘pio
203 500 398 531 carentem
414 493 624 539 indicaret,
655 493 752 532 dans
771 507 813 531 se
843 493 969 546 (quod
985 496 1120 532 mirari
1137 495 1258 532 licet'
1247 507 1288 531 111
1306 501 1414 531 tanto
1430 493 1534 544 viro)

84 549 279 587 infantem
305 549 520 588 admodum
543 552 585 587 in
607 549 700 588 fidei
725 557 880 588 nostrae
908 551 1038 589 rebus.
1095 564 1190 588 nam
1213 552 1340 602 primo
1364 547 1537 603 ’ὕπαρξις

30 603 31 606 “
83 618 165 644 11011
199 606 423 644 substantia
455 614 536 655 est,
566 606 638 645 sed
667 608 892 644 existentia:
924 606 1067 644 deiude
1093 607 1142 644 de
1166 614 1361 646 servatore
1387 614 1535 655 nostro,

84 660 136 700 de
155 675 232 714 quo
249 662 316 701 hic
335 677 478 712 sermo,
509 662 589 700 dici
606 677 688 701 non
707 671 837 715 potest
859 677 951 701 eum
959 666 1161 714 principio
1179 677 1322 711 carere,
1353 663 1539 714 quaudo-

28 760 30 762 ,
84 718 250 771 quidem
273 726 386 771 pater
409 727 468 758 est
491 722 729 771 principium
749 721 843 768 filii,
872 727 1061 772 paterque
1082 722 1189 758 solus
1211 722 1451 771 principium
1477 727 1536 758 est

83 777 170 814 siue
199 777 407 828 principio.
465 778 741 829 quamobrem,
773 779 962 829 quoniam
988 778 1058 814 1110
1087 778 1175 815 1000
1195 779 1324 827 agitur
1343 776 1391 814 de
1408 784 1538 814 aeter-

82 833 207 870 nitate
234 833 366 882 verbi,
395 846 556 871 versum
574 834 778 885 oportebat
800 841 846 870 ut
868 835 1110 871 existentiam
1133 835 1238 871 initii
1261 841 1451 883 expertem
1473 835 1537 871 in-

82 888 248 926 dicaret.
310 891 502 940 Georgius
532 891 822 941 Trapezuntius
853 897 1006 938 autem,
1045 892 1087 926 in
1118 889 1329 927 Rhetorica
1357 892 1409 931 96
1437 891 1468 927 B
1498 897 1537 927 et

84 946 166 986 110
193 945 223 982 C
267 944 464 984 disserens
493 945 542 984 de
569 945 727 1015 duob'us
750 947 946 996 prioribus
972 947 1068 984 locis
1097 953 1219 984 status
1249 947 1536 994 coniecturalis,

80 1003 137 1055 τῷ
166 1005 460 1057 παραγραφικῷ
486 1010 524 1040 et
549 1006 632 1050 τοῖς
654 998 727 1042 ἀπ’
753 999 878 1054 ἀρχῆς
901 1001 990 1054 ἄχρι
1011 1002 1163 1051 τέλους,
1195 1002 1297 1040 illud
1320 1005 1536 1040 recusatio-

79 1070 196 1103 nem,
216 1056 293 1096 hoo
310 1059 687 1109 comprehensionem
699 1060 839 1096 Latine
857 1066 990 1107 vocat,
1020 1060 1178 1097 nullum
1197 1061 1452 1107 0111111110,οῒ
1469 1073 1537 1097 so-

79 1113 158 1162 let,
186 1115 397 1152 verborum
413 1117 662 1166 propriorum
682 1114 875 1153 adhibens
896 1115 1116 1153 delectum:
1149 1123 1206 1154 est
1227 1117 1332 1153 enim
1350 1112 1395 1156 τό
1413 1132 1537 1168 παρα-

54 1207 58 1210 ,
78 1167 275 1224 γραφικόν
286 1173 548 1222 praescriptio
565 1173 679 1209 iuxta
698 1173 860 1209 Curium
875 1173 1200 1210 Fortunatianum
1219 1172 1281 1209 ed.
1302 1171 1407 1209 Pith.
1426 1174 1478 1213 56
1491 1174 1534 1219 C,

80 1234 148 1264 aut
156 1230 448 1278 praescr-quma
467 1230 659 1279 quaestio,
690 1227 798 1280 quod
815 1227 935 1265 habet
956 1227 1065 1265 idem
1081 1230 1200 1279 paulo
1220 1241 1360 1279 supra.
1391 1226 1437 1267 τὰ
1461 1225 1535 1268 ἀπ’

79 1279 204 1335 ἆρχῆς
234 1300 324 1336 αχρι
352 1283 487 1332 τέλους
514 1291 646 1321 autem
668 1297 691 1321 a
714 1285 830 1322 Curio
855 1285 1136 1323 Fortunatiano
1162 1286 1214 1326 56
1234 1286 1262 1322 C
1288 1285 1538 1335 appellantur

78 1353 182 1391 quae
202 1348 298 1378 sunt
313 1340 364 1378 ab
384 1342 496 1377 initio
513 1341 726 1389 adfinem,
756 1354 779 1377 a
798 1342 974 1392 Sulpicio
998 1343 1153 1379 Victore
1174 1342 1255 1382 258
1275 1343 1304 1378 C
1333 1356 1360 1378 a
1385 1356 1537 1378 summo

76 1396 136 1433 ad
160 1396 303 1442 imum,
331 1410 355 1434 a
375 1398 507 1435 Natali
525 1398 677 1435 Comite
697 1396 746 1435 de
765 1399 943 1435 terminis
963 1396 1167 1435 rhetoricis
1189 1399 1241 1438 68
1262 1399 1291 1435 C
1321 1411 1423 1449 qnae
1443 1406 1538 1435 sunt

76 1466 106 1490 a
129 1453 332 1504 principio
358 1467 483 1505 usque
510 1454 569 1491 ad
581 1454 730 1502 finem,
761 1455 808 1491 ab
830 1456 919 1491 aliis
938 1455 1096 1492 Graecis
1122 1452 1170 1493 τοὶ
1199 1451 1352 1503 εἰκότα,
1382 1455 1491 1492 velut
1513 1468 1535 1492 a

75 1508 247 1560 Syriano
270 1509 350 1551 144
368 1512 423 1558 B,
454 1517 522 1548 aut
543 1526 590 1550 τα
617 1514 759 1563 σημεῖα
781 1510 858 1552 146
877 1511 926 1558 C,
957 1524 980 1548 a
1009 1511 1238 1548 Marcellino
1267 1509 1438 1575 denique
1470 1510 1533 1548 ed.

76 1564 172 1603 Ald.
194 1565 272 1607 125
290 1567 323 1603 Β
347 1563 558 1619 πράγματα
577 1566 645 1606 καὶ
664 1570 817 1619 σημεῖα.
873 1574 964 1605 sunt
993 1574 1126 1605 autem
1150 1581 1219 1604 eae
1243 1580 1340 1618 quas
1366 1569 1537 1604 circnm-

75 1623 248 1660 stantias
275 1635 435 1675 quoque
461 1622 650 1672 dicimus,
680 1618 948 1688 περιστάσεις,
979 1626 1168 1676 quoniam
1188 1625 1346 1674 singula
1366 1626 1536 1660 circum-

76 1679 221 1717 sistunt
245 1682 428 1730 negotia:
457 1693 601 1731 nempe
631 1681 883 1748 quaestiones
912 1679 1031 1731 quis‘l
1062 1678 1187 1732 quid2
1220 1679 1316 1731 quil
1348 1679 1535 1732 quando?

77 1733 176 1772 cur?
205 1708 323 1773 ubi?
331 1743 598 1788 vocanturque
630 1751 679 1776 τα
708 1732 782 1776 απ’
811 1731 936 1788 ἀρχῆς
955 1734 1045 1788 ἄχρι
1063 1736 1219 1784 τέλους,
1250 1737 1344 1788 quia
1367 1736 1537 1774 offerunt

77 1804 164 1830 sese
183 1795 388 1844 πανταχοῦ
406 1795 480 1832 τοῦ
497 1791 633 1845 λόγου.
671 1799 880 1859 totumque
905 1791 953 1830 de
977 1794 1058 1830 illis
1079 1800 1195 1844 caput
1214 1795 1538 1842 praetermissum

75 1859 204 1899 paene
225 1855 283 1886 est
303 1862 326 1886 a
343 1851 400 1887 Io.
421 1848 512 1887 Chr.
530 1850 718 1887 Ernesti
707 1863 750 1886 111
769 1851 919 1886 Lexico
940 1848 1152 1900 diligenter
1173 1850 1398 1900 ceteroquin
1419 1848 1539 1886 ador-

75 1911 170 1942 nato
198 1903 474 1956 technologiae
499 1904 718 1943 rhetoricae
741 1907 1000 1953 Graecoru1n3
1033 1918 1154 1956 quare
1170 1906 1212 1941 in
1232 1918 1278 1942 00
1298 1904 1536 1956 exponendo

75 1961 197 2012 paulo
214 1961 274 1998 fui
294 1962 464 2012 longior.
512 1969 630 2013 atque
650 1961 753 1999 illud
772 1964 903 2012 ipsum
923 1960 1030 2014 quod
1048 1964 1130 1998 iam
1147 1963 1190 1998 in
1210 1962 1537 1999 consuetudinem

78 2017 221 2054 abiisse
249 2016 366 2055 video
396 2017 502 2068 apud
529 2019 701 2068 logicos,
725 2025 858 2067 petere
876 2020 1142 2068 principiam,
1165 2019 1303 2067 petitio
1326 2020 1535 2069 principii,

78 2072 238 2125 quando
269 2080 337 2110 aut
366 2075 611 2124 postulamus
633 2081 700 2110 aut
721 2077 833 2126 quasi
856 2087 1087 2112 concessum
1110 2076 1346 2112 assumimus
1366 2074 1408 2111 id
1429 2074 1536 2126 quod

75 2137 160 2167 erat
182 2131 296 2167 initio
325 2137 642 2178 controversum,
674 2143 727 2167 ex
748 2131 986 2168 Aristoteliis
1006 2130 1093 2180 his,
1125 2131 1250 2171 αἰτεῖν
1275 2128 1318 2171 τὸ
1346 2131 1389 2171 ἐν
1417 2127 1534 2199 ἀρχῇ,

72 2187 213 2238 λαβεῖν
245 2183 288 2227 τὸ
319 2185 362 2226 ἕν
394 2181 498 2254 ἀρχῇ
529 2186 606 2236 [sc.
628 2181 1055 2254 ἆμφισβητουμενον],
1087 2187 1239 2238 αἴτησις
1259 2190 1332 2227 τοῦ
1352 2187 1394 2228 ἐν
1419 2184 1534 2242 ἆρχῇ,

74 2245 202 2293 λῆψις
228 2245 301 2282 τοῦ
326 2242 370 2283 ἐν
394 2239 496 2299 “omi
527 2243 604 2293 [sc.
630 2239 1058 2295 ἅμφισβητουμένου],
1088 2244 1256 2282 saeculis
1281 2245 1537 2281 tenebricosis

76 2299 126 2336 ab
159 2297 321 2336 homine
353 2299 502 2348 ferreo,
539 2313 670 2351 neque
701 2301 744 2336 in
777 2299 984 2351 disciplina
1018 2301 1149 2351 logica
1178 2313 1309 2352 neque
1337 2302 1379 2337 iu
1408 2301 1535 2338 literis

77 2356 238 2393 Graecis
275 2354 493 2393 admodum
532 2355 705 2404 erudito,
745 2357 787 2393 in
826 2356 1101 2409 fingendisque
1137 2357 1339 2395 vocabulis
1373 2356 1424 2393 ad
1451 2358 1534 2394 vim

75 2419 282 2464 prompto,
313 2412 524 2450 confictum
547 2426 632 2451 esse
659 2413 836 2450 arbitror.
895 2421 938 2450 ut
967 2416 1074 2450 enim
1100 2421 1272 2451 scrutere
1300 2426 1437 2450 omnes
1466 2415 1533 2465 qui

79 2467 128 2506 de
155 2468 372 2520 quaerendi
398 2482 444 2506 ac
469 2467 688 2507 disserendi
718 2468 925 2520 disciplina
946 2471 1086 2507 Latine
1107 2471 1251 2520 scripta
1273 2470 1529 2520 reliquerunt,

76 2537 158 2562 non
178 2527 350 2576 reperies
380 2525 574 2578 (opinor)
604 2524 709 2563 hanc
727 2525 941 2563 dictionem
963 2533 1053 2563 ante
1074 2527 1326 2564 vincentium
1344 2527 1532 2563 Bellova-

79 2593 259 2630 censem,
289 2583 390 2618 circa
418 2595 454 2619 a.
476 2583 586 2624 1244
609 2583 758 2619 clarum
771 2612 781 2630 ‚
813 2584 881 2634 qui
901 2589 1064 2633 usurpat
1085 2581 1331 2619 Bibliotheca
1348 2582 1489 2619 mundi
1507 2585 1533 2623 2

10 2639 11 2642 ’
77 2639 160 2678 273
180 2639 236 2685 E,
274 2635 407 2678 274ss
437 2637 501 2676 ed.
530 2640 654 2676 Duac.
681 2646 719 2677 et
747 2639 842 2676 alibi
869 2651 1000 2690 saepe.
1059 2638 1153 2676 inde
1183 2646 1316 2676 autem
1344 2646 1426 2676 tam
1453 2640 1532 2675 late

79 2695 278 2742 manavit,
306 2699 351 2730 ut
378 2695 421 2731 111
450 2708 586 2733 eorum
615 2709 772 2748 quoque
804 2697 948 2746 scripta
980 2696 1188 2733 insinuarit
1212 2709 1298 2733 sese
1320 2697 1388 2747 qui
1409 2702 1534 2732 artem
1572 2719 1575 2722 -

44 2781 47 2784 ,
77 2761 173 2786 vera
202 2763 248 2787 00
276 2749 377 2787 falsa
409 2749 652 2790 diiudicandi
674 2754 877 2790 venustius
898 2760 1016 2804 atque
1039 2753 1232 2803 copiosius
1254 2758 1532 2789 tractaverunt.

81 2806 189 2844 velut
217 2808 260 2844 in
286 2805 433 2845 Adanu
457 2810 588 2848 Bursii
614 2810 871 2848 Dialecticam
899 2810 1097 2848 Ciceronis
1118 2810 1200 2852 310
1217 2810 1273 2859 A,
1304 2810 1384 2850 399
1407 2809 1459 2858 C,
1493 2814 1532 2846 et
