<?xml version="1.0" encoding="UTF-8"?>
<!DOCTYPE html PUBLIC "-//W3C//DTD XHTML 1.0 Transitional//EN"
    "http://www.w3.org/TR/xhtml1/DTD/xhtml1-transitional.dtd">
<html xmlns="http://www.w3.org/1999/xhtml" xml:lang="en" lang="en">
 <head>
  <title>
</title>
<meta http-equiv="Content-Type" content="text/html;charset=utf-8" />
  <meta name='ocr-system' content='tesseract 3.04.00' />
  <meta name='ocr-capabilities' content='ocr_page ocr_carea ocr_par ocr_line ocrx_word'/>
</head>
<body>
  <div class='ocr_page' id='page_1' title='image "./corpusscriptorum27niebuoft/corpusscriptorum27niebuoft_0458.png"; bbox 0 0 1748 3210; ppageno 0'>
   <div class='ocr_carea' id='block_1_1' title="bbox 238 200 1288 248">
    <p class='ocr_par' dir='ltr' id='par_1_1' title="bbox 238 200 1288 248">
     <span class='ocr_line' id='line_1_1' title="bbox 238 200 1288 248; baseline 0 -2"><span class='ocrx_word' id='word_1_1' title='bbox 238 201 331 248; x_wconf 83' lang='lat'><strong>388</strong></span> <span class='ocrx_word' id='word_1_2' title='bbox 597 202 738 245; x_wconf 84' lang='lat' dir='ltr'>HASII</span> <span class='ocrx_word' id='word_1_3' title='bbox 771 200 1288 246; x_wconf 84' lang='lat' dir='ltr'>ANIMADVERSIONES</span> 
     </span>
    </p>
   </div>
   <div class='ocr_carea' id='block_1_2' title="bbox 239 307 1703 1774">
    <p class='ocr_par' dir='ltr' id='par_1_2' title="bbox 239 307 1652 522">
     <span class='ocr_line' id='line_1_2' title="bbox 240 307 1651 360; baseline 0.001 -14"><span class='ocrx_word' id='word_1_4' title='bbox 240 309 452 359; x_wconf 81' lang='lat' dir='ltr'>congessit,</span> <span class='ocrx_word' id='word_1_5' title='bbox 488 310 529 346; x_wconf 89' lang='lat' dir='ltr'><strong>in</strong></span> <span class='ocrx_word' id='word_1_6' title='bbox 556 309 676 345; x_wconf 86' lang='lat' dir='ltr'><strong>altero</strong></span> <span class='ocrx_word' id='word_1_7' title='bbox 702 307 892 345; x_wconf 80' lang='lat' dir='ltr'><strong>latinitate</strong></span> <span class='ocrx_word' id='word_1_8' title='bbox 920 307 1079 344; x_wconf 79' lang='lat' dir='ltr'><strong>Aemilii</strong></span> <span class='ocrx_word' id='word_1_9' title='bbox 1109 309 1238 356; x_wconf 84' lang='lat' dir='ltr'><strong>Porti,</strong></span> <span class='ocrx_word' id='word_1_10' title='bbox 1264 310 1391 347; x_wconf 87' lang='lat' dir='ltr'><strong>Procli</strong></span> <span class='ocrx_word' id='word_1_11' title='bbox 1415 308 1651 360; x_wconf 83' lang='lat' dir='ltr'><strong>theologiam</strong></span> 
     </span>
     <span class='ocr_line' id='line_1_3' title="bbox 239 361 1652 428; baseline 0.001 -27"><span class='ocrx_word' id='word_1_12' title='bbox 239 365 478 401; x_wconf 84' lang='lat' dir='ltr'><strong>Platonicam</strong></span> <span class='ocrx_word' id='word_1_13' title='bbox 488 364 609 428; x_wconf 90' lang='lat' dir='ltr'><strong>(non</strong></span> <span class='ocrx_word' id='word_1_14' title='bbox 630 363 733 399; x_wconf 90' lang='lat' dir='ltr'><strong>male</strong></span> <span class='ocrx_word' id='word_1_15' title='bbox 750 361 1003 413; x_wconf 88' lang='lat' dir='ltr'><strong>plerumque)</strong></span> <span class='ocrx_word' id='word_1_16' title='bbox 1033 363 1272 413; x_wconf 87' lang='lat' dir='ltr'><strong>interpretati</strong></span> <span class='ocrx_word' id='word_1_17' title='bbox 1297 377 1348 400; x_wconf 84' lang='lat' dir='ltr'><strong>ex</strong></span> <span class='ocrx_word' id='word_1_18' title='bbox 1366 366 1525 403; x_wconf 86' lang='lat' dir='ltr'><strong>Graeco.</strong></span> <span class='ocrx_word' id='word_1_19' title='bbox 1579 379 1652 402; x_wconf 86' lang='lat' dir='ltr'><strong>vo-</strong></span> 
     </span>
     <span class='ocr_line' id='line_1_4' title="bbox 242 415 1652 472; baseline 0.001 -16"><span class='ocrx_word' id='word_1_20' title='bbox 242 421 370 456; x_wconf 89' lang='lat' dir='ltr'><strong>culam</strong></span> <span class='ocrx_word' id='word_1_21' title='bbox 393 433 497 467; x_wconf 79' lang='grc' dir='ltr'><strong>παρα</strong></span> <span class='ocrx_word' id='word_1_22' title='bbox 526 430 604 454; x_wconf 89' lang='lat' dir='ltr'><strong>non</strong></span> <span class='ocrx_word' id='word_1_23' title='bbox 628 429 742 455; x_wconf 86' lang='lat' dir='ltr'><strong>ausus</strong></span> <span class='ocrx_word' id='word_1_24' title='bbox 769 430 857 454; x_wconf 89' lang='lat' dir='ltr'><strong>sum</strong></span> <span class='ocrx_word' id='word_1_25' title='bbox 881 425 1053 454; x_wconf 86' lang='lat' dir='ltr'><strong>mutare.</strong></span> <span class='ocrx_word' id='word_1_26' title='bbox 1082 431 1198 468; x_wconf 88' lang='lat' dir='ltr'><strong>supra</strong></span> <span class='ocrx_word' id='word_1_27' title='bbox 1219 430 1372 470; x_wconf 90' lang='lat' dir='ltr'><strong>quoque</strong></span> <span class='ocrx_word' id='word_1_28' title='bbox 1392 419 1525 471; x_wconf 85' lang='lat' dir='ltr'><strong>Lydus</strong></span> <span class='ocrx_word' id='word_1_29' title='bbox 1544 415 1652 472; x_wconf 73' lang='grc' dir='ltr'><strong>παρά</strong></span> 
     </span>
     <span class='ocr_line' id='line_1_5' title="bbox 243 472 1073 522; baseline 0 -11"><span class='ocrx_word' id='word_1_30' title='bbox 243 474 514 511; x_wconf 85' lang='lat' dir='ltr'><strong>adhibetmiro</strong></span> <span class='ocrx_word' id='word_1_31' title='bbox 533 485 648 509; x_wconf 88' lang='lat' dir='ltr'><strong>sensu</strong></span> <span class='ocrx_word' id='word_1_32' title='bbox 667 485 706 522; x_wconf 87' lang='lat' dir='ltr'><strong>p.</strong></span> <span class='ocrx_word' id='word_1_33' title='bbox 722 472 800 512; x_wconf 85' lang='lat'><strong>275</strong></span> <span class='ocrx_word' id='word_1_34' title='bbox 833 474 895 519; x_wconf 86' lang='lat'><strong>10,</strong></span> <span class='ocrx_word' id='word_1_35' title='bbox 925 475 1004 513; x_wconf 85' lang='lat'><strong>276</strong></span> <span class='ocrx_word' id='word_1_36' title='bbox 1034 474 1073 511; x_wconf 87' lang='grc'><strong>6.</strong></span> 
     </span>
    </p>

    <p class='ocr_par' dir='ltr' id='par_1_3' title="bbox 242 522 1654 686">
     <span class='ocr_line' id='line_1_6' title="bbox 350 522 1654 578; baseline 0.002 -15"><span class='ocrx_word' id='word_1_37' title='bbox 350 541 389 577; x_wconf 88' lang='lat' dir='ltr'><strong>p.</strong></span> <span class='ocrx_word' id='word_1_38' title='bbox 410 529 485 568; x_wconf 88' lang='lat'><strong>117</strong></span> <span class='ocrx_word' id='word_1_39' title='bbox 506 539 544 563; x_wconf 79' lang='lat' dir='ltr'><strong>v.</strong></span> <span class='ocrx_word' id='word_1_40' title='bbox 564 526 604 566; x_wconf 86' lang='lat'><strong>4.</strong></span> <span class='ocrx_word' id='word_1_41' title='bbox 661 526 727 566; x_wconf 84' lang='grc' dir='ltr'><strong>καὶ</strong></span> <span class='ocrx_word' id='word_1_42' title='bbox 743 522 956 577; x_wconf 80' lang='grc' dir='ltr'><strong><em>λαμβάνειν</em></strong></span> <span class='ocrx_word' id='word_1_43' title='bbox 975 550 1025 557; x_wconf 93' lang='lat'><strong>—-</strong></span> <span class='ocrx_word' id='word_1_44' title='bbox 1046 526 1206 578; x_wconf 77' lang='grc' dir='ltr'><strong>βιαίως]</strong></span> <span class='ocrx_word' id='word_1_45' title='bbox 1235 540 1287 563; x_wconf 83' lang='lat' dir='ltr'><strong>ex</strong></span> <span class='ocrx_word' id='word_1_46' title='bbox 1303 527 1439 564; x_wconf 86' lang='lat' dir='ltr'><strong>Proclo</strong></span> <span class='ocrx_word' id='word_1_47' title='bbox 1457 526 1654 578; x_wconf 87' lang='lat' dir='ltr'><strong>Theolog.</strong></span> 
     </span>
     <span class='ocr_line' id='line_1_7' title="bbox 242 580 1654 634; baseline 0 -14"><span class='ocrx_word' id='word_1_48' title='bbox 242 583 392 620; x_wconf 84' lang='lat' dir='ltr'><strong>Platon.</strong></span> <span class='ocrx_word' id='word_1_49' title='bbox 413 581 493 622; x_wconf 81' lang='lat'><strong>258</strong></span> <span class='ocrx_word' id='word_1_50' title='bbox 512 583 540 618; x_wconf 86' lang='lat' dir='ltr'>C</span> <span class='ocrx_word' id='word_1_51' title='bbox 557 595 680 631; x_wconf 89' lang='lat' dir='ltr'><strong>paene</strong></span> <span class='ocrx_word' id='word_1_52' title='bbox 698 580 748 618; x_wconf 89' lang='lat' dir='ltr'><strong>ad</strong></span> <span class='ocrx_word' id='word_1_53' title='bbox 765 582 938 619; x_wconf 81' lang='lat' dir='ltr'><strong>verbum.</strong></span> <span class='ocrx_word' id='word_1_54' title='bbox 995 583 1124 619; x_wconf 88' lang='lat' dir='ltr'><strong>confer</strong></span> <span class='ocrx_word' id='word_1_55' title='bbox 1141 594 1240 634; x_wconf 89' lang='lat' dir='ltr'><strong>quae</strong></span> <span class='ocrx_word' id='word_1_56' title='bbox 1259 588 1390 619; x_wconf 83' lang='lat' dir='ltr'><strong>auctor</strong></span> <span class='ocrx_word' id='word_1_57' title='bbox 1404 583 1457 619; x_wconf 85' lang='lat' dir='ltr'><strong>ait</strong></span> <span class='ocrx_word' id='word_1_58' title='bbox 1473 595 1587 633; x_wconf 85' lang='lat' dir='ltr'><strong>supra</strong></span> <span class='ocrx_word' id='word_1_59' title='bbox 1605 583 1654 620; x_wconf 90' lang='lat' dir='ltr'><strong>de</strong></span> 
     </span>
     <span class='ocr_line' id='line_1_8' title="bbox 243 638 659 686; baseline -0.005 -11"><span class='ocrx_word' id='word_1_60' title='bbox 243 638 408 675; x_wconf 87' lang='lat' dir='ltr'><strong>Saturno</strong></span> <span class='ocrx_word' id='word_1_61' title='bbox 429 649 468 686; x_wconf 84' lang='lat' dir='ltr'><strong>p.</strong></span> <span class='ocrx_word' id='word_1_62' title='bbox 485 638 564 676; x_wconf 83' lang='lat'><strong>300</strong></span> <span class='ocrx_word' id='word_1_63' title='bbox 596 639 659 676; x_wconf 92' lang='grc'><strong>11.</strong></span> 
     </span>
    </p>

    <p class='ocr_par' dir='ltr' id='par_1_4' title="bbox 242 686 1658 851">
     <span class='ocr_line' id='line_1_9' title="bbox 354 686 1657 741; baseline 0.001 -14"><span class='ocrx_word' id='word_1_64' title='bbox 354 690 406 727; x_wconf 76' lang='lat' dir='ltr'><strong>ib.</strong></span> <span class='ocrx_word' id='word_1_65' title='bbox 433 704 471 727; x_wconf 83' lang='lat' dir='ltr'><strong>v.</strong></span> <span class='ocrx_word' id='word_1_66' title='bbox 494 692 557 731; x_wconf 90' lang='grc'><strong>12.</strong></span> <span class='ocrx_word' id='word_1_67' title='bbox 614 687 818 741; x_wconf 66' lang='grc' dir='ltr'><strong>ἀπέχοντες</strong></span> <span class='ocrx_word' id='word_1_68' title='bbox 846 686 1044 741; x_wconf 74' lang='grc' dir='ltr'><strong>κράμβης]</strong></span> <span class='ocrx_word' id='word_1_69' title='bbox 1073 697 1183 728; x_wconf 84' lang='lat' dir='ltr'><strong>vetus</strong></span> <span class='ocrx_word' id='word_1_70' title='bbox 1209 691 1476 741; x_wconf 82' lang='lat' dir='ltr'><strong>proverbium,</strong></span> <span class='ocrx_word' id='word_1_71' title='bbox 1505 691 1657 728; x_wconf 84' lang='lat' dir='ltr'><strong><em>crambe</em></strong></span> 
     </span>
     <span class='ocr_line' id='line_1_10' title="bbox 246 745 1656 797; baseline 0.001 -16"><span class='ocrx_word' id='word_1_72' title='bbox 246 746 303 782; x_wconf 62' lang='grc' dir='ltr'><strong>Ιηξς</strong></span> <span class='ocrx_word' id='word_1_73' title='bbox 313 747 444 795; x_wconf 78' lang='lat' dir='ltr'><strong>posita</strong></span> <span class='ocrx_word' id='word_1_74' title='bbox 458 759 560 781; x_wconf 76' lang='lat' dir='ltr'><strong>mors</strong></span> <span class='ocrx_word' id='word_1_75' title='bbox 569 760 585 791; x_wconf 88' lang='lat'><em>;</em></span> <span class='ocrx_word' id='word_1_76' title='bbox 613 759 740 797; x_wconf 87' lang='lat' dir='ltr'><strong>neque</strong></span> <span class='ocrx_word' id='word_1_77' title='bbox 762 747 949 795; x_wconf 84' lang='lat' dir='ltr'><strong>religione</strong></span> <span class='ocrx_word' id='word_1_78' title='bbox 970 746 1120 782; x_wconf 82' lang='lat' dir='ltr'>carebat</span> <span class='ocrx_word' id='word_1_79' title='bbox 1135 745 1231 782; x_wconf 87' lang='lat' dir='ltr'><strong>haec</strong></span> <span class='ocrx_word' id='word_1_80' title='bbox 1251 745 1394 783; x_wconf 88' lang='lat' dir='ltr'><strong>herba:</strong></span> <span class='ocrx_word' id='word_1_81' title='bbox 1423 746 1488 782; x_wconf 86' lang='lat' dir='ltr'><strong>adi</strong></span> <span class='ocrx_word' id='word_1_82' title='bbox 1504 748 1656 784; x_wconf 78' lang='lat' dir='ltr'><strong>Erasm.</strong></span> 
     </span>
     <span class='ocr_line' id='line_1_11' title="bbox 242 801 1658 851; baseline 0.001 -14"><span class='ocrx_word' id='word_1_83' title='bbox 242 801 367 851; x_wconf 81' lang='lat' dir='ltr'><strong>Adag.</strong></span> <span class='ocrx_word' id='word_1_84' title='bbox 387 802 413 839; x_wconf 89' lang='grc'><strong>2</strong></span> <span class='ocrx_word' id='word_1_85' title='bbox 445 802 520 840; x_wconf 86' lang='grc'><strong>197</strong></span> <span class='ocrx_word' id='word_1_86' title='bbox 539 802 585 837; x_wconf 89' lang='grc' dir='ltr'><strong>Β.</strong></span> <span class='ocrx_word' id='word_1_87' title='bbox 641 801 831 851; x_wconf 87' lang='lat' dir='ltr'><strong>pupillam</strong></span> <span class='ocrx_word' id='word_1_88' title='bbox 856 813 1009 851; x_wconf 85' lang='lat' dir='ltr'><strong>quoque</strong></span> <span class='ocrx_word' id='word_1_89' title='bbox 1028 807 1065 836; x_wconf 88' lang='lat' dir='ltr'><strong>et</strong></span> <span class='ocrx_word' id='word_1_90' title='bbox 1082 803 1209 838; x_wconf 86' lang='lat' dir='ltr'><strong>visum</strong></span> <span class='ocrx_word' id='word_1_91' title='bbox 1226 801 1450 838; x_wconf 76' lang='lat' dir='ltr'><strong>credebatur</strong></span> <span class='ocrx_word' id='word_1_92' title='bbox 1463 801 1658 838; x_wconf 83' lang='lat' dir='ltr'><strong>hebetare.</strong></span> 
     </span>
    </p>

    <p class='ocr_par' dir='ltr' id='par_1_5' title="bbox 243 851 1659 1071">
     <span class='ocr_line' id='line_1_12' title="bbox 354 851 1658 906; baseline 0.002 -16"><span class='ocrx_word' id='word_1_93' title='bbox 354 855 406 891; x_wconf 83' lang='lat' dir='ltr'><strong>ib.</strong></span> <span class='ocrx_word' id='word_1_94' title='bbox 432 868 466 891; x_wconf 82' lang='lat' dir='ltr'><strong>v.</strong></span> <span class='ocrx_word' id='word_1_95' title='bbox 491 856 554 894; x_wconf 90' lang='grc'><strong>18.</strong></span> <span class='ocrx_word' id='word_1_96' title='bbox 610 869 689 892; x_wconf 83' lang='lat' dir='ltr'><strong>vox</strong></span> <span class='ocrx_word' id='word_1_97' title='bbox 718 851 976 906; x_wconf 76' lang='grc' dir='ltr'><strong>ἄγαλμοειδής</strong></span> <span class='ocrx_word' id='word_1_98' title='bbox 1001 854 1146 903; x_wconf 85' lang='lat' dir='ltr'><strong>adhuc,</strong></span> <span class='ocrx_word' id='word_1_99' title='bbox 1175 857 1331 906; x_wconf 87' lang='lat' dir='ltr'><strong>opinor,</strong></span> <span class='ocrx_word' id='word_1_100' title='bbox 1360 870 1382 893; x_wconf 89' lang='lat' dir='ltr'><strong>e</strong></span> <span class='ocrx_word' id='word_1_101' title='bbox 1402 857 1539 893; x_wconf 80' lang='lat' dir='ltr'><strong>lexicis</strong></span> <span class='ocrx_word' id='word_1_102' title='bbox 1557 869 1658 892; x_wconf 84' lang='lat' dir='ltr'><strong>exu-</strong></span> 
     </span>
     <span class='ocr_line' id='line_1_13' title="bbox 244 909 1659 961; baseline 0 -13"><span class='ocrx_word' id='word_1_103' title='bbox 244 913 320 957; x_wconf 83' lang='lat' dir='ltr'><strong>lat3</strong></span> <span class='ocrx_word' id='word_1_104' title='bbox 350 923 422 946; x_wconf 90' lang='lat' dir='ltr'><strong>nec</strong></span> <span class='ocrx_word' id='word_1_105' title='bbox 451 910 529 946; x_wconf 88' lang='lat' dir='ltr'><strong>scio</strong></span> <span class='ocrx_word' id='word_1_106' title='bbox 553 923 602 946; x_wconf 88' lang='lat' dir='ltr'><strong>an</strong></span> <span class='ocrx_word' id='word_1_107' title='bbox 626 912 763 961; x_wconf 83' lang='lat' dir='ltr'><strong>Euryti</strong></span> <span class='ocrx_word' id='word_1_108' title='bbox 790 909 1085 947; x_wconf 89' lang='lat' dir='ltr'><strong>Lacedaemonii</strong></span> <span class='ocrx_word' id='word_1_109' title='bbox 1110 912 1221 961; x_wconf 86' lang='lat' dir='ltr'><strong>lyrici</strong></span> <span class='ocrx_word' id='word_1_110' title='bbox 1243 912 1392 948; x_wconf 72' lang='lat' dir='ltr'><strong>mentio</strong></span> <span class='ocrx_word' id='word_1_111' title='bbox 1410 910 1564 948; x_wconf 85' lang='lat' dir='ltr'><strong>aliunde</strong></span> <span class='ocrx_word' id='word_1_112' title='bbox 1584 925 1659 948; x_wconf 80' lang='lat' dir='ltr'><strong>ex-</strong></span> 
     </span>
     <span class='ocr_line' id='line_1_14' title="bbox 245 964 1659 1016; baseline -0.001 -13"><span class='ocrx_word' id='word_1_113' title='bbox 245 973 331 1004; x_wconf 89' lang='lat' dir='ltr'><strong>stet.</strong></span> <span class='ocrx_word' id='word_1_114' title='bbox 389 966 579 1014; x_wconf 88' lang='lat' dir='ltr'><strong>Eurytum</strong></span> <span class='ocrx_word' id='word_1_115' title='bbox 598 966 875 1012; x_wconf 85' lang='lat' dir='ltr'><strong>Crotoniatem,</strong></span> <span class='ocrx_word' id='word_1_116' title='bbox 906 964 1074 1001; x_wconf 88' lang='lat' dir='ltr'><strong>Philolai</strong></span> <span class='ocrx_word' id='word_1_117' title='bbox 1091 965 1342 1015; x_wconf 88' lang='lat' dir='ltr'><strong>discipulum,</strong></span> <span class='ocrx_word' id='word_1_118' title='bbox 1371 965 1659 1016; x_wconf 84' lang='lat' dir='ltr'><strong>Pythagoreum</strong></span> 
     </span>
     <span class='ocr_line' id='line_1_15' title="bbox 243 1018 1659 1071; baseline 0 -13"><span class='ocrx_word' id='word_1_119' title='bbox 243 1026 434 1058; x_wconf 87' lang='lat' dir='ltr'><strong>memorat</strong></span> <span class='ocrx_word' id='word_1_120' title='bbox 453 1019 687 1058; x_wconf 86' lang='lat' dir='ltr'><strong>lamblichus</strong></span> <span class='ocrx_word' id='word_1_121' title='bbox 711 1021 798 1058; x_wconf 87' lang='lat' dir='ltr'><strong>Vita</strong></span> <span class='ocrx_word' id='word_1_122' title='bbox 815 1018 1024 1071; x_wconf 76' lang='lat' dir='ltr'><strong>Pythagor.</strong></span> <span class='ocrx_word' id='word_1_123' title='bbox 1050 1022 1124 1061; x_wconf 89' lang='lat'><strong>117</strong></span> <span class='ocrx_word' id='word_1_124' title='bbox 1145 1023 1180 1057; x_wconf 93' lang='lat' dir='ltr'><strong>A</strong></span> <span class='ocrx_word' id='word_1_125' title='bbox 1208 1027 1246 1057; x_wconf 89' lang='lat' dir='ltr'><strong>et</strong></span> <span class='ocrx_word' id='word_1_126' title='bbox 1274 1021 1351 1060; x_wconf 83' lang='grc'><strong>125</strong></span> <span class='ocrx_word' id='word_1_127' title='bbox 1372 1023 1404 1057; x_wconf 94' lang='grc' dir='ltr'>Β</span> <span class='ocrx_word' id='word_1_128' title='bbox 1428 1020 1488 1058; x_wconf 90' lang='lat' dir='ltr'><strong>ed.</strong></span> <span class='ocrx_word' id='word_1_129' title='bbox 1506 1023 1659 1058; x_wconf 88' lang='lat' dir='ltr'><strong>Kuster.</strong></span> 
     </span>
    </p>

    <p class='ocr_par' dir='ltr' id='par_1_6' title="bbox 245 1072 1703 1222">
     <span class='ocr_line' id='line_1_16' title="bbox 354 1072 1659 1140; baseline -0.002 -25"><span class='ocrx_word' id='word_1_130' title='bbox 354 1074 406 1110; x_wconf 78' lang='lat' dir='ltr'><strong>il)-</strong></span> <span class='ocrx_word' id='word_1_131' title='bbox 431 1087 469 1111; x_wconf 82' lang='lat' dir='ltr'><strong>V·</strong></span> <span class='ocrx_word' id='word_1_132' title='bbox 490 1076 556 1115; x_wconf 82' lang='lat'><strong>20-</strong></span> <span class='ocrx_word' id='word_1_133' title='bbox 613 1075 680 1115; x_wconf 79' lang='grc' dir='ltr'><strong>καὶ</strong></span> <span class='ocrx_word' id='word_1_134' title='bbox 708 1072 839 1128; x_wconf 75' lang='grc' dir='ltr'><em>λάθρᾳ</em></span> <span class='ocrx_word' id='word_1_135' title='bbox 865 1077 920 1128; x_wconf 78' lang='grc' dir='ltr'><strong>τῷ</strong></span> <span class='ocrx_word' id='word_1_136' title='bbox 950 1072 1093 1139; x_wconf 81' lang='grc' dir='ltr'>Πόρῳ]</span> <span class='ocrx_word' id='word_1_137' title='bbox 1125 1076 1301 1124; x_wconf 85' lang='lat' dir='ltr'><strong>supplevi</strong></span> <span class='ocrx_word' id='word_1_138' title='bbox 1319 1089 1371 1112; x_wconf 83' lang='lat' dir='ltr'><strong>ex</strong></span> <span class='ocrx_word' id='word_1_139' title='bbox 1386 1077 1552 1140; x_wconf 83' lang='lat' dir='ltr'><strong>epitome</strong></span> <span class='ocrx_word' id='word_1_140' title='bbox 1569 1076 1659 1112; x_wconf 87' lang='lat' dir='ltr'><strong>libri</strong></span> 
     </span>
     <span class='ocr_line' id='line_1_17' title="bbox 246 1114 1703 1185; baseline 0 -18"><span class='ocrx_word' id='word_1_141' title='bbox 246 1129 295 1167; x_wconf 92' lang='lat' dir='ltr'><strong>de</strong></span> <span class='ocrx_word' id='word_1_142' title='bbox 314 1130 478 1166; x_wconf 87' lang='lat' dir='ltr'><strong>mensib.</strong></span> <span class='ocrx_word' id='word_1_143' title='bbox 499 1143 538 1179; x_wconf 91' lang='lat' dir='ltr'><strong>p.</strong></span> <span class='ocrx_word' id='word_1_144' title='bbox 557 1128 610 1168; x_wconf 87' lang='lat'><strong>48</strong></span> <span class='ocrx_word' id='word_1_145' title='bbox 638 1131 704 1169; x_wconf 80' lang='lat'><strong>21.</strong></span> <span class='ocrx_word' id='word_1_146' title='bbox 757 1114 828 1166; x_wconf 82' lang='lat' dir='ltr'><strong>sed</strong></span> <span class='ocrx_word' id='word_1_147' title='bbox 840 1130 894 1164; x_wconf 90' lang='lat' dir='ltr'><strong>ibi</strong></span> <span class='ocrx_word' id='word_1_148' title='bbox 913 1142 981 1178; x_wconf 91' lang='lat' dir='ltr'><strong>pro</strong></span> <span class='ocrx_word' id='word_1_149' title='bbox 1001 1126 1141 1182; x_wconf 80' lang='grc' dir='ltr'><strong><em>Πόρρῳ</em></strong></span> <span class='ocrx_word' id='word_1_150' title='bbox 1161 1129 1371 1179; x_wconf 86' lang='lat' dir='ltr'><strong>legendum</strong></span> <span class='ocrx_word' id='word_1_151' title='bbox 1390 1126 1532 1185; x_wconf 80' lang='grc' dir='ltr'>Πόρῳ,</span> <span class='ocrx_word' id='word_1_152' title='bbox 1560 1138 1598 1168; x_wconf 88' lang='lat' dir='ltr'><strong>et</strong></span> <span class='ocrx_word' id='word_1_153' title='bbox 1615 1132 1658 1168; x_wconf 87' lang='lat' dir='ltr'><strong>in</strong></span> <span class='ocrx_word' id='word_1_154' title='bbox 1701 1144 1703 1147; x_wconf 89' lang='lat'>·</span> 
     </span>
     <span class='ocr_line' id='line_1_18' title="bbox 245 1183 1236 1235; baseline -0.002 -13"><span class='ocrx_word' id='word_1_155' title='bbox 245 1191 472 1235; x_wconf 88' lang='lat' dir='ltr'><strong>argumento</strong></span> <span class='ocrx_word' id='word_1_156' title='bbox 488 1185 608 1220; x_wconf 85' lang='lat' dir='ltr'><strong>latino</strong></span> <span class='ocrx_word' id='word_1_157' title='bbox 628 1183 778 1220; x_wconf 78' lang='lat' dir='ltr'><strong>Porrlzo</strong></span> <span class='ocrx_word' id='word_1_158' title='bbox 799 1184 979 1220; x_wconf 87' lang='lat' dir='ltr'><strong>similiter</strong></span> <span class='ocrx_word' id='word_1_159' title='bbox 994 1184 1236 1221; x_wconf 89' lang='lat' dir='ltr'><strong>mutandum.</strong></span> 
     </span>
    </p>

    <p class='ocr_par' dir='ltr' id='par_1_7' title="bbox 243 1234 1659 1562">
     <span class='ocr_line' id='line_1_19' title="bbox 352 1234 1657 1289; baseline -0.002 -12"><span class='ocrx_word' id='word_1_160' title='bbox 352 1252 392 1289; x_wconf 89' lang='grc' dir='ltr'><strong>Ρ.</strong></span> <span class='ocrx_word' id='word_1_161' title='bbox 418 1239 493 1278; x_wconf 89' lang='grc'><strong>118</strong></span> <span class='ocrx_word' id='word_1_162' title='bbox 517 1251 552 1274; x_wconf 83' lang='lat' dir='ltr'><strong>v.</strong></span> <span class='ocrx_word' id='word_1_163' title='bbox 574 1240 613 1277; x_wconf 86' lang='lat'><strong>2.</strong></span> <span class='ocrx_word' id='word_1_164' title='bbox 666 1234 879 1289; x_wconf 77' lang='grc' dir='ltr'><strong>Ἀγωᾶλια]</strong></span> <span class='ocrx_word' id='word_1_165' title='bbox 919 1239 973 1274; x_wconf 89' lang='lat' dir='ltr'><strong>sic</strong></span> <span class='ocrx_word' id='word_1_166' title='bbox 999 1245 1219 1286; x_wconf 86' lang='lat' dir='ltr'><strong>exaratum,</strong></span> <span class='ocrx_word' id='word_1_167' title='bbox 1258 1239 1352 1276; x_wconf 79' lang='lat' dir='ltr'><strong>vitio</strong></span> <span class='ocrx_word' id='word_1_168' title='bbox 1381 1246 1446 1276; x_wconf 89' lang='lat' dir='ltr'><strong>aut</strong></span> <span class='ocrx_word' id='word_1_169' title='bbox 1471 1239 1657 1277; x_wconf 85' lang='lat' dir='ltr'><strong>librarioli</strong></span> 
     </span>
     <span class='ocr_line' id='line_1_20' title="bbox 245 1292 1657 1343; baseline 0.001 -13"><span class='ocrx_word' id='word_1_170' title='bbox 245 1301 312 1330; x_wconf 87' lang='lat' dir='ltr'><strong>aut</strong></span> <span class='ocrx_word' id='word_1_171' title='bbox 336 1294 457 1343; x_wconf 87' lang='lat' dir='ltr'><strong>ipsius</strong></span> <span class='ocrx_word' id='word_1_172' title='bbox 482 1292 597 1343; x_wconf 87' lang='lat' dir='ltr'><strong>Lydi.</strong></span> <span class='ocrx_word' id='word_1_173' title='bbox 652 1292 758 1329; x_wconf 89' lang='lat' dir='ltr'><strong>idem</strong></span> <span class='ocrx_word' id='word_1_174' title='bbox 781 1293 972 1342; x_wconf 86' lang='lat' dir='ltr'><strong>Agonalia</strong></span> <span class='ocrx_word' id='word_1_175' title='bbox 995 1305 1038 1329; x_wconf 88' lang='lat' dir='ltr'><strong>ac</strong></span> <span class='ocrx_word' id='word_1_176' title='bbox 1057 1294 1310 1343; x_wconf 89' lang='lat' dir='ltr'><strong>Septimontia</strong></span> <span class='ocrx_word' id='word_1_177' title='bbox 1332 1293 1382 1330; x_wconf 85' lang='lat' dir='ltr'><strong>ad</strong></span> <span class='ocrx_word' id='word_1_178' title='bbox 1401 1294 1426 1333; x_wconf 82' lang='grc'>4</span> <span class='ocrx_word' id='word_1_179' title='bbox 1445 1296 1543 1331; x_wconf 92' lang='lat' dir='ltr'><strong>Non.</strong></span> <span class='ocrx_word' id='word_1_180' title='bbox 1563 1296 1657 1331; x_wconf 90' lang='lat' dir='ltr'><strong>Dec.</strong></span> 
     </span>
     <span class='ocr_line' id='line_1_21' title="bbox 243 1347 1658 1400; baseline 0 -14"><span class='ocrx_word' id='word_1_181' title='bbox 243 1348 397 1386; x_wconf 79' lang='lat' dir='ltr'><strong>videtur</strong></span> <span class='ocrx_word' id='word_1_182' title='bbox 418 1349 623 1394; x_wconf 83' lang='lat' dir='ltr'><strong>collocare,</strong></span> <span class='ocrx_word' id='word_1_183' title='bbox 653 1347 723 1385; x_wconf 89' lang='lat' dir='ltr'><strong>sed</strong></span> <span class='ocrx_word' id='word_1_184' title='bbox 739 1360 874 1384; x_wconf 85' lang='lat' dir='ltr'><strong>vereor</strong></span> <span class='ocrx_word' id='word_1_185' title='bbox 888 1360 938 1384; x_wconf 90' lang='lat' dir='ltr'><strong>ne</strong></span> <span class='ocrx_word' id='word_1_186' title='bbox 955 1361 1168 1398; x_wconf 89' lang='lat' dir='ltr'><strong>perperam.</strong></span> <span class='ocrx_word' id='word_1_187' title='bbox 1224 1350 1341 1399; x_wconf 81' lang='lat' dir='ltr'><strong>vulgo</strong></span> <span class='ocrx_word' id='word_1_188' title='bbox 1369 1355 1470 1385; x_wconf 87' lang='lat' dir='ltr'><strong>certe</strong></span> <span class='ocrx_word' id='word_1_189' title='bbox 1496 1356 1658 1400; x_wconf 84' lang='lat' dir='ltr'><strong>utraque</strong></span> 
     </span>
     <span class='ocr_line' id='line_1_22' title="bbox 244 1402 1659 1452; baseline 0 -12"><span class='ocrx_word' id='word_1_190' title='bbox 244 1404 462 1440; x_wconf 86' lang='lat' dir='ltr'><strong>referuntur</strong></span> <span class='ocrx_word' id='word_1_191' title='bbox 482 1402 532 1439; x_wconf 86' lang='lat' dir='ltr'><strong>ad</strong></span> <span class='ocrx_word' id='word_1_192' title='bbox 553 1406 577 1443; x_wconf 84' lang='lat'><strong>3</strong></span> <span class='ocrx_word' id='word_1_193' title='bbox 599 1402 658 1440; x_wconf 89' lang='lat' dir='ltr'><strong>Id.</strong></span> <span class='ocrx_word' id='word_1_194' title='bbox 679 1402 852 1439; x_wconf 89' lang='lat' dir='ltr'><strong>eiusdem</strong></span> <span class='ocrx_word' id='word_1_195' title='bbox 872 1404 1035 1450; x_wconf 87' lang='lat' dir='ltr'><strong>mensis,</strong></span> <span class='ocrx_word' id='word_1_196' title='bbox 1065 1404 1289 1452; x_wconf 82' lang='lat' dir='ltr'><strong>gravissimo</strong></span> <span class='ocrx_word' id='word_1_197' title='bbox 1312 1417 1499 1441; x_wconf 86' lang='lat' dir='ltr'><strong>consensu</strong></span> <span class='ocrx_word' id='word_1_198' title='bbox 1519 1403 1659 1440; x_wconf 88' lang='lat' dir='ltr'><strong>kalen-</strong></span> 
     </span>
     <span class='ocr_line' id='line_1_23' title="bbox 245 1457 1658 1510; baseline 0 -14"><span class='ocrx_word' id='word_1_199' title='bbox 245 1459 442 1496; x_wconf 88' lang='lat' dir='ltr'><strong>dariorum</strong></span> <span class='ocrx_word' id='word_1_200' title='bbox 471 1465 667 1505; x_wconf 86' lang='lat' dir='ltr'><strong>veterum,</strong></span> <span class='ocrx_word' id='word_1_201' title='bbox 702 1459 766 1495; x_wconf 81' lang='lat' dir='ltr'><strong>vel</strong></span> <span class='ocrx_word' id='word_1_202' title='bbox 794 1457 1034 1508; x_wconf 84' lang='lat' dir='ltr'><strong>(marmorea</strong></span> <span class='ocrx_word' id='word_1_203' title='bbox 1061 1457 1171 1510; x_wconf 87' lang='lat' dir='ltr'><strong>dico)</strong></span> <span class='ocrx_word' id='word_1_204' title='bbox 1199 1460 1459 1506; x_wconf 85' lang='lat' dir='ltr'><strong>Praenestini,</strong></span> <span class='ocrx_word' id='word_1_205' title='bbox 1487 1461 1658 1496; x_wconf 83' lang='lat' dir='ltr'><strong>Amiter-</strong></span> 
     </span>
     <span class='ocr_line' id='line_1_24' title="bbox 243 1512 895 1562; baseline -0.003 -11"><span class='ocrx_word' id='word_1_206' title='bbox 243 1516 326 1551; x_wconf 85' lang='lat' dir='ltr'><strong>nini</strong></span> <span class='ocrx_word' id='word_1_207' title='bbox 339 1543 349 1562; x_wconf 88' lang='lat'>‚</span> <span class='ocrx_word' id='word_1_208' title='bbox 378 1513 588 1561; x_wconf 77' lang='lat' dir='ltr'><strong>Antiatini,</strong></span> <span class='ocrx_word' id='word_1_209' title='bbox 615 1512 895 1550; x_wconf 86' lang='lat' dir='ltr'><strong>Maffaeiorum.</strong></span> 
     </span>
    </p>

    <p class='ocr_par' dir='ltr' id='par_1_8' title="bbox 243 1566 1657 1774">
     <span class='ocr_line' id='line_1_25' title="bbox 354 1566 1656 1620; baseline 0.001 -17"><span class='ocrx_word' id='word_1_210' title='bbox 354 1568 406 1604; x_wconf 78' lang='lat' dir='ltr'><strong>ih.</strong></span> <span class='ocrx_word' id='word_1_211' title='bbox 430 1581 467 1604; x_wconf 83' lang='lat' dir='ltr'><strong>v.</strong></span> <span class='ocrx_word' id='word_1_212' title='bbox 487 1571 526 1609; x_wconf 92' lang='lat'><strong>7.</strong></span> <span class='ocrx_word' id='word_1_213' title='bbox 583 1566 675 1620; x_wconf 77' lang='grc' dir='ltr'><strong>ὅρος</strong></span> <span class='ocrx_word' id='word_1_214' title='bbox 704 1568 945 1617; x_wconf 77' lang='grc' dir='ltr'><strong>Παλατῖνον]</strong></span> <span class='ocrx_word' id='word_1_215' title='bbox 977 1567 1154 1604; x_wconf 86' lang='lat' dir='ltr'><strong>universe</strong></span> <span class='ocrx_word' id='word_1_216' title='bbox 1185 1580 1344 1616; x_wconf 89' lang='lat' dir='ltr'><strong>moneo,</strong></span> <span class='ocrx_word' id='word_1_217' title='bbox 1372 1575 1437 1606; x_wconf 81' lang='lat' dir='ltr'><strong>aut</strong></span> <span class='ocrx_word' id='word_1_218' title='bbox 1462 1568 1656 1605; x_wconf 86' lang='lat' dir='ltr'><strong>oblivione</strong></span> 
     </span>
     <span class='ocr_line' id='line_1_26' title="bbox 243 1621 1657 1674; baseline 0 -15"><span class='ocrx_word' id='word_1_219' title='bbox 243 1624 364 1672; x_wconf 84' lang='lat' dir='ltr'><strong>ipsius</strong></span> <span class='ocrx_word' id='word_1_220' title='bbox 381 1621 482 1672; x_wconf 89' lang='lat' dir='ltr'><strong>Lydi</strong></span> <span class='ocrx_word' id='word_1_221' title='bbox 502 1629 567 1660; x_wconf 84' lang='lat' dir='ltr'><strong>aut</strong></span> <span class='ocrx_word' id='word_1_222' title='bbox 586 1623 750 1660; x_wconf 84' lang='lat' dir='ltr'><strong>ruditate</strong></span> <span class='ocrx_word' id='word_1_223' title='bbox 770 1630 885 1673; x_wconf 90' lang='lat' dir='ltr'><strong>atque</strong></span> <span class='ocrx_word' id='word_1_224' title='bbox 905 1623 1154 1672; x_wconf 86' lang='lat' dir='ltr'><strong>incogitantia</strong></span> <span class='ocrx_word' id='word_1_225' title='bbox 1174 1624 1338 1670; x_wconf 83' lang='lat' dir='ltr'><strong>librarii,</strong></span> <span class='ocrx_word' id='word_1_226' title='bbox 1369 1622 1657 1674; x_wconf 86' lang='lat' dir='ltr'><strong>quatuordecim</strong></span> 
     </span>
     <span class='ocr_line' id='line_1_27' title="bbox 244 1677 1656 1728; baseline 0.001 -14"><span class='ocrx_word' id='word_1_227' title='bbox 244 1679 312 1714; x_wconf 86' lang='lat' dir='ltr'><strong>illa</strong></span> <span class='ocrx_word' id='word_1_228' title='bbox 331 1678 523 1714; x_wconf 85' lang='lat' dir='ltr'><strong>montium</strong></span> <span class='ocrx_word' id='word_1_229' title='bbox 545 1679 702 1714; x_wconf 88' lang='lat' dir='ltr'><strong>nomina</strong></span> <span class='ocrx_word' id='word_1_230' title='bbox 723 1677 934 1713; x_wconf 82' lang='lat' dir='ltr'><strong>admodum</strong></span> <span class='ocrx_word' id='word_1_231' title='bbox 951 1690 1033 1713; x_wconf 86' lang='lat' dir='ltr'><strong>esse</strong></span> <span class='ocrx_word' id='word_1_232' title='bbox 1055 1685 1243 1728; x_wconf 86' lang='lat' dir='ltr'><strong>corrupta.</strong></span> <span class='ocrx_word' id='word_1_233' title='bbox 1301 1677 1348 1715; x_wconf 91' lang='lat' dir='ltr'><strong>de</strong></span> <span class='ocrx_word' id='word_1_234' title='bbox 1371 1679 1503 1715; x_wconf 82' lang='lat' dir='ltr'><strong>Coelio</strong></span> <span class='ocrx_word' id='word_1_235' title='bbox 1525 1685 1656 1716; x_wconf 86' lang='lat' dir='ltr'><strong>monte</strong></span> 
     </span>
     <span class='ocr_line' id='line_1_28' title="bbox 244 1730 1493 1774; baseline -0.002 -3"><span class='ocrx_word' id='word_1_236' title='bbox 244 1731 333 1771; x_wconf 77' lang='lat' dir='ltr'><strong>vi‹le</strong></span> <span class='ocrx_word' id='word_1_237' title='bbox 355 1734 386 1771; x_wconf 90' lang='lat'><strong>1.</strong></span> <span class='ocrx_word' id='word_1_238' title='bbox 406 1730 495 1771; x_wconf 82' lang='lat' dir='ltr'><strong>chr.</strong></span> <span class='ocrx_word' id='word_1_239' title='bbox 513 1733 724 1771; x_wconf 86' lang='lat' dir='ltr'><strong>Henricum</strong></span> <span class='ocrx_word' id='word_1_240' title='bbox 742 1734 887 1770; x_wconf 88' lang='lat' dir='ltr'><strong>Krause</strong></span> <span class='ocrx_word' id='word_1_241' title='bbox 905 1730 956 1769; x_wconf 88' lang='lat' dir='ltr'><strong>ad</strong></span> <span class='ocrx_word' id='word_1_242' title='bbox 973 1732 1164 1771; x_wconf 86' lang='lat' dir='ltr'><strong>Velleium</strong></span> <span class='ocrx_word' id='word_1_243' title='bbox 1183 1735 1331 1772; x_wconf 78' lang='lat' dir='ltr'><strong>Patere.</strong></span> <span class='ocrx_word' id='word_1_244' title='bbox 1351 1732 1429 1774; x_wconf 86' lang='lat'><strong>553</strong></span> <span class='ocrx_word' id='word_1_245' title='bbox 1451 1734 1493 1770; x_wconf 87' lang='lat' dir='ltr'><strong>C.</strong></span> 
     </span>
    </p>
   </div>
   <div class='ocr_carea' id='block_1_3' title="bbox 395 2134 1503 2192">
    <p class='ocr_par' dir='ltr' id='par_1_9' title="bbox 395 2134 1503 2192">
     <span class='ocr_line' id='line_1_29' title="bbox 395 2134 1503 2192; baseline 0 -2"><span class='ocrx_word' id='word_1_246' title='bbox 395 2137 476 2191; x_wconf 87' lang='lat' dir='ltr'><strong>IN</strong></span> <span class='ocrx_word' id='word_1_247' title='bbox 521 2134 861 2191; x_wconf 87' lang='lat' dir='ltr'>LIBRUM</span> <span class='ocrx_word' id='word_1_248' title='bbox 904 2137 1017 2191; x_wconf 91' lang='lat' dir='ltr'><strong>DE</strong></span> <span class='ocrx_word' id='word_1_249' title='bbox 1067 2134 1503 2192; x_wconf 89' lang='lat' dir='ltr'><strong>OSTENTIS.</strong></span> 
     </span>
    </p>
   </div>
   <div class='ocr_carea' id='block_1_4' title="bbox 241 2289 1653 2398">
    <p class='ocr_par' dir='ltr' id='par_1_10' title="bbox 241 2289 1653 2398">
     <span class='ocr_line' id='line_1_30' title="bbox 350 2289 1653 2343; baseline -0.003 -14"><span class='ocrx_word' id='word_1_250' title='bbox 350 2302 390 2339; x_wconf 89' lang='lat' dir='ltr'><strong>p</strong></span> <span class='ocrx_word' id='word_1_251' title='bbox 419 2291 512 2329; x_wconf 93' lang='grc'><strong>273.</strong></span> <span class='ocrx_word' id='word_1_252' title='bbox 569 2291 710 2328; x_wconf 90' lang='grc' dir='ltr'><em>ΠΕΡΙ</em></span> <span class='ocrx_word' id='word_1_253' title='bbox 740 2293 1130 2343; x_wconf 79' lang='grc' dir='ltr'><strong><em>ΔΙΟΣΗΜΕῙΩΝ]</em></strong></span> <span class='ocrx_word' id='word_1_254' title='bbox 1170 2291 1218 2329; x_wconf 87' lang='lat' dir='ltr'><strong>de</strong></span> <span class='ocrx_word' id='word_1_255' title='bbox 1249 2289 1441 2329; x_wconf 86' lang='lat' dir='ltr'><strong>scribendi</strong></span> <span class='ocrx_word' id='word_1_256' title='bbox 1470 2289 1653 2327; x_wconf 83' lang='lat' dir='ltr'><strong>varietate</strong></span> 
     </span>
     <span class='ocr_line' id='line_1_31' title="bbox 241 2342 1653 2398; baseline -0.001 -17"><span class='ocrx_word' id='word_1_257' title='bbox 241 2342 358 2381; x_wconf 86' lang='lat' dir='ltr'><strong>modo</strong></span> <span class='ocrx_word' id='word_1_258' title='bbox 378 2345 582 2381; x_wconf 85' lang='lat' dir='ltr'><strong>feminino</strong></span> <span class='ocrx_word' id='word_1_259' title='bbox 589 2356 727 2394; x_wconf 85' lang='lat' dir='ltr'><strong>genere</strong></span> <span class='ocrx_word' id='word_1_260' title='bbox 745 2346 789 2385; x_wconf 81' lang='grc' dir='ltr'><strong>αἱ</strong></span> <span class='ocrx_word' id='word_1_261' title='bbox 806 2348 1025 2398; x_wconf 82' lang='grc' dir='ltr'><strong>διοσημεῖαι</strong></span> <span class='ocrx_word' id='word_1_262' title='bbox 1046 2347 1126 2385; x_wconf 82' lang='lat' dir='ltr'><strong>sive</strong></span> <span class='ocrx_word' id='word_1_263' title='bbox 1147 2347 1357 2398; x_wconf 81' lang='grc' dir='ltr'><strong>διοσημίαι,</strong></span> <span class='ocrx_word' id='word_1_264' title='bbox 1384 2343 1500 2382; x_wconf 90' lang='lat' dir='ltr'><strong>modo</strong></span> <span class='ocrx_word' id='word_1_265' title='bbox 1518 2351 1653 2380; x_wconf 86' lang='lat' dir='ltr'><strong>neutro</strong></span> 
     </span>
    </p>
   </div>
   <div class='ocr_carea' id='block_1_5' title="bbox 241 2397 1656 2839">
    <p class='ocr_par' dir='ltr' id='par_1_11' title="bbox 241 2397 1656 2839">
     <span class='ocr_line' id='line_1_32' title="bbox 241 2397 1656 2451; baseline -0.003 -13"><span class='ocrx_word' id='word_1_266' title='bbox 241 2414 290 2438; x_wconf 85' lang='grc' dir='ltr'><strong>τα</strong></span> <span class='ocrx_word' id='word_1_267' title='bbox 314 2400 537 2450; x_wconf 85' lang='grc' dir='ltr'><strong>διοσημεῖα,</strong></span> <span class='ocrx_word' id='word_1_268' title='bbox 576 2406 619 2436; x_wconf 94' lang='lat' dir='ltr'><strong>ut</strong></span> <span class='ocrx_word' id='word_1_269' title='bbox 638 2400 795 2450; x_wconf 87' lang='lat' dir='ltr'><strong>infrap.</strong></span> <span class='ocrx_word' id='word_1_270' title='bbox 815 2402 895 2442; x_wconf 80' lang='lat'><strong>329</strong></span> <span class='ocrx_word' id='word_1_271' title='bbox 927 2404 998 2450; x_wconf 86' lang='lat'><strong>17,</strong></span> <span class='ocrx_word' id='word_1_272' title='bbox 1038 2406 1114 2444; x_wconf 83' lang='lat'><strong>831</strong></span> <span class='ocrx_word' id='word_1_273' title='bbox 1147 2405 1218 2449; x_wconf 81' lang='lat'><strong>12,</strong></span> <span class='ocrx_word' id='word_1_274' title='bbox 1257 2407 1415 2451; x_wconf 89' lang='lat' dir='ltr'><strong>egerunt</strong></span> <span class='ocrx_word' id='word_1_275' title='bbox 1435 2397 1656 2436; x_wconf 87' lang='lat' dir='ltr'><strong>Rittershu-</strong></span> 
     </span>
     <span class='ocr_line' id='line_1_33' title="bbox 243 2453 1655 2507; baseline -0.001 -16"><span class='ocrx_word' id='word_1_276' title='bbox 243 2456 322 2492; x_wconf 86' lang='lat' dir='ltr'><strong>sius</strong></span> <span class='ocrx_word' id='word_1_277' title='bbox 347 2453 399 2491; x_wconf 90' lang='lat' dir='ltr'><strong>ad</strong></span> <span class='ocrx_word' id='word_1_278' title='bbox 421 2453 695 2491; x_wconf 84' lang='lat' dir='ltr'><strong>1a1nblich.de</strong></span> <span class='ocrx_word' id='word_1_279' title='bbox 717 2457 795 2492; x_wconf 84' lang='lat' dir='ltr'><strong>vita</strong></span> <span class='ocrx_word' id='word_1_280' title='bbox 814 2456 1022 2507; x_wconf 83' lang='lat' dir='ltr'><strong>Pythagor.</strong></span> <span class='ocrx_word' id='word_1_281' title='bbox 1042 2461 1094 2498; x_wconf 88' lang='lat'><strong>30</strong></span> <span class='ocrx_word' id='word_1_282' title='bbox 1113 2458 1142 2494; x_wconf 87' lang='lat' dir='ltr'>C</span> <span class='ocrx_word' id='word_1_283' title='bbox 1165 2456 1225 2493; x_wconf 91' lang='lat' dir='ltr'><strong>ed.</strong></span> <span class='ocrx_word' id='word_1_284' title='bbox 1245 2459 1394 2493; x_wconf 87' lang='lat' dir='ltr'><strong>Kuster.</strong></span> <span class='ocrx_word' id='word_1_285' title='bbox 1413 2461 1450 2490; x_wconf 88' lang='lat' dir='ltr'><strong>et</strong></span> <span class='ocrx_word' id='word_1_286' title='bbox 1468 2456 1526 2491; x_wconf 78' lang='lat' dir='ltr'><strong>vir</strong></span> <span class='ocrx_word' id='word_1_287' title='bbox 1546 2466 1655 2490; x_wconf 85' lang='lat' dir='ltr'><strong>sum-</strong></span> 
     </span>
     <span class='ocr_line' id='line_1_34' title="bbox 241 2507 1653 2563; baseline -0.001 -17"><span class='ocrx_word' id='word_1_288' title='bbox 241 2522 328 2546; x_wconf 90' lang='lat' dir='ltr'><strong>mus</strong></span> <span class='ocrx_word' id='word_1_289' title='bbox 347 2511 568 2547; x_wconf 86' lang='lat' dir='ltr'><strong>literaturae</strong></span> <span class='ocrx_word' id='word_1_290' title='bbox 586 2510 753 2546; x_wconf 87' lang='lat' dir='ltr'><strong>Graecae</strong></span> <span class='ocrx_word' id='word_1_291' title='bbox 769 2524 839 2561; x_wconf 87' lang='lat' dir='ltr'><strong>per</strong></span> <span class='ocrx_word' id='word_1_292' title='bbox 861 2511 1005 2549; x_wconf 83' lang='lat' dir='ltr'><strong>Gallias</strong></span> <span class='ocrx_word' id='word_1_293' title='bbox 1024 2514 1222 2563; x_wconf 83' lang='lat' dir='ltr'><strong>princeps,</strong></span> <span class='ocrx_word' id='word_1_294' title='bbox 1251 2513 1306 2548; x_wconf 91' lang='lat' dir='ltr'><strong>Io.</strong></span> <span class='ocrx_word' id='word_1_295' title='bbox 1324 2511 1386 2546; x_wconf 84' lang='lat' dir='ltr'><strong>Fr.</strong></span> <span class='ocrx_word' id='word_1_296' title='bbox 1405 2507 1653 2556; x_wconf 87' lang='lat' dir='ltr'><strong>Boissonade‚</strong></span> 
     </span>
     <span class='ocr_line' id='line_1_35' title="bbox 242 2562 1650 2616; baseline -0.001 -15"><span class='ocrx_word' id='word_1_297' title='bbox 242 2577 331 2601; x_wconf 89' lang='lat' dir='ltr'><strong>cum</strong></span> <span class='ocrx_word' id='word_1_298' title='bbox 366 2564 416 2602; x_wconf 89' lang='lat' dir='ltr'><strong>ad</strong></span> <span class='ocrx_word' id='word_1_299' title='bbox 447 2565 615 2614; x_wconf 88' lang='lat' dir='ltr'><strong>Eunapii</strong></span> <span class='ocrx_word' id='word_1_300' title='bbox 641 2566 745 2603; x_wconf 83' lang='lat' dir='ltr'><strong>Vitas</strong></span> <span class='ocrx_word' id='word_1_301' title='bbox 772 2565 976 2616; x_wconf 85' lang='lat' dir='ltr'><strong>sophistar.</strong></span> <span class='ocrx_word' id='word_1_302' title='bbox 1001 2566 1079 2607; x_wconf 84' lang='lat'><strong>493</strong></span> <span class='ocrx_word' id='word_1_303' title='bbox 1097 2569 1154 2614; x_wconf 91' lang='lat' dir='ltr'>A</span> <span class='ocrx_word' id='word_1_304' title='bbox 1183 2573 1266 2603; x_wconf 80' lang='lat' dir='ltr'><strong>tum</strong></span> <span class='ocrx_word' id='word_1_305' title='bbox 1289 2564 1338 2602; x_wconf 92' lang='lat' dir='ltr'><strong>ad</strong></span> <span class='ocrx_word' id='word_1_306' title='bbox 1363 2565 1556 2601; x_wconf 86' lang='lat' dir='ltr'><strong>Marinum</strong></span> <span class='ocrx_word' id='word_1_307' title='bbox 1580 2562 1650 2604; x_wconf 85' lang='lat'><strong>141</strong></span> 
     </span>
     <span class='ocr_line' id='line_1_36' title="bbox 244 2618 1653 2672; baseline -0.004 -13"><span class='ocrx_word' id='word_1_308' title='bbox 244 2626 282 2656; x_wconf 85' lang='lat' dir='ltr'><strong>et</strong></span> <span class='ocrx_word' id='word_1_309' title='bbox 303 2618 395 2661; x_wconf 84' lang='lat'><strong>149.</strong></span> <span class='ocrx_word' id='word_1_310' title='bbox 452 2621 654 2670; x_wconf 82' lang='grc' dir='ltr'><strong>διοσημεῖα</strong></span> <span class='ocrx_word' id='word_1_311' title='bbox 673 2632 826 2672; x_wconf 90' lang='lat' dir='ltr'><strong>quoque</strong></span> <span class='ocrx_word' id='word_1_312' title='bbox 843 2623 977 2658; x_wconf 88' lang='lat' dir='ltr'><strong>titulus</strong></span> <span class='ocrx_word' id='word_1_313' title='bbox 996 2629 1052 2659; x_wconf 88' lang='lat' dir='ltr'><strong>est</strong></span> <span class='ocrx_word' id='word_1_314' title='bbox 1068 2621 1193 2658; x_wconf 87' lang='lat' dir='ltr'><strong>adhuc</strong></span> <span class='ocrx_word' id='word_1_315' title='bbox 1209 2622 1394 2658; x_wconf 82' lang='lat' dir='ltr'><strong>exstantis</strong></span> <span class='ocrx_word' id='word_1_316' title='bbox 1412 2620 1542 2656; x_wconf 85' lang='lat' dir='ltr'><strong>Aratei</strong></span> <span class='ocrx_word' id='word_1_317' title='bbox 1557 2623 1653 2668; x_wconf 67' lang='lat' dir='ltr'><strong>poe-</strong></span> 
     </span>
     <span class='ocr_line' id='line_1_37' title="bbox 243 2674 1652 2726; baseline 0.001 -16"><span class='ocrx_word' id='word_1_318' title='bbox 243 2676 374 2712; x_wconf 81' lang='lat' dir='ltr'><strong>matis.</strong></span> <span class='ocrx_word' id='word_1_319' title='bbox 420 2674 490 2712; x_wconf 91' lang='lat' dir='ltr'><strong>sed</strong></span> <span class='ocrx_word' id='word_1_320' title='bbox 507 2676 611 2711; x_wconf 87' lang='lat' dir='ltr'><strong>enim</strong></span> <span class='ocrx_word' id='word_1_321' title='bbox 627 2677 810 2726; x_wconf 87' lang='lat' dir='ltr'><strong>quoniam</strong></span> <span class='ocrx_word' id='word_1_322' title='bbox 829 2676 990 2726; x_wconf 89' lang='lat' dir='ltr'><strong>Lydus</strong></span> <span class='ocrx_word' id='word_1_323' title='bbox 979 2690 1062 2726; x_wconf 79' lang='lat' dir='ltr'><strong>lpse</strong></span> <span class='ocrx_word' id='word_1_324' title='bbox 1082 2675 1198 2712; x_wconf 86' lang='lat' dir='ltr'><strong>habet</strong></span> <span class='ocrx_word' id='word_1_325' title='bbox 1221 2677 1438 2726; x_wconf 80' lang='grc' dir='ltr'><strong>διοσημεῖαι</strong></span> <span class='ocrx_word' id='word_1_326' title='bbox 1454 2687 1494 2724; x_wconf 87' lang='grc' dir='ltr'><strong>Ρ.</strong></span> <span class='ocrx_word' id='word_1_327' title='bbox 1509 2675 1588 2714; x_wconf 87' lang='grc'><strong>279</strong></span> <span class='ocrx_word' id='word_1_328' title='bbox 1614 2675 1652 2719; x_wconf 90' lang='grc'><strong>6,</strong></span> 
     </span>
     <span class='ocr_line' id='line_1_38' title="bbox 241 2728 1651 2781; baseline 0 -13"><span class='ocrx_word' id='word_1_329' title='bbox 241 2732 320 2769; x_wconf 78' lang='grc' dir='ltr'><strong>τῶν</strong></span> <span class='ocrx_word' id='word_1_330' title='bbox 335 2730 569 2780; x_wconf 74' lang='grc' dir='ltr'><strong>διοσημειῶν</strong></span> <span class='ocrx_word' id='word_1_331' title='bbox 580 2733 710 2779; x_wconf 83' lang='grc' dir='ltr'><strong>Ρ.277</strong></span> <span class='ocrx_word' id='word_1_332' title='bbox 736 2733 796 2778; x_wconf 87' lang='grc'><strong>10,</strong></span> <span class='ocrx_word' id='word_1_333' title='bbox 813 2731 890 2772; x_wconf 86' lang='grc'><strong>283</strong></span> <span class='ocrx_word' id='word_1_334' title='bbox 916 2733 980 2779; x_wconf 83' lang='grc'><strong>20,</strong></span> <span class='ocrx_word' id='word_1_335' title='bbox 996 2731 1076 2771; x_wconf 85' lang='grc'><strong>341</strong></span> <span class='ocrx_word' id='word_1_336' title='bbox 1098 2733 1163 2778; x_wconf 87' lang='grc'><strong>21,</strong></span> <span class='ocrx_word' id='word_1_337' title='bbox 1182 2734 1265 2779; x_wconf 86' lang='grc' dir='ltr'><strong>ταῖς</strong></span> <span class='ocrx_word' id='word_1_338' title='bbox 1279 2730 1516 2781; x_wconf 84' lang='grc' dir='ltr'><strong>διοσημείαις</strong></span> <span class='ocrx_word' id='word_1_339' title='bbox 1525 2742 1564 2779; x_wconf 87' lang='grc' dir='ltr'><strong>Ρ.</strong></span> <span class='ocrx_word' id='word_1_340' title='bbox 1575 2728 1651 2767; x_wconf 88' lang='grc'><strong>281</strong></span> 
     </span>
     <span class='ocr_line' id='line_1_39' title="bbox 241 2784 1654 2839; baseline -0.002 -15"><span class='ocrx_word' id='word_1_341' title='bbox 241 2786 315 2833; x_wconf 87' lang='grc'><strong>21,</strong></span> <span class='ocrx_word' id='word_1_342' title='bbox 343 2787 423 2827; x_wconf 85' lang='grc'><strong>283</strong></span> <span class='ocrx_word' id='word_1_343' title='bbox 454 2785 526 2834; x_wconf 88' lang='grc'><strong>15,</strong></span> <span class='ocrx_word' id='word_1_344' title='bbox 566 2785 790 2836; x_wconf 83' lang='grc' dir='ltr'><strong>διοσημείας</strong></span> <span class='ocrx_word' id='word_1_345' title='bbox 807 2799 846 2837; x_wconf 89' lang='lat' dir='ltr'><strong>p.</strong></span> <span class='ocrx_word' id='word_1_346' title='bbox 863 2787 944 2828; x_wconf 83' lang='lat'><strong>280</strong></span> <span class='ocrx_word' id='word_1_347' title='bbox 975 2788 1019 2835; x_wconf 89' lang='lat'><strong>1,</strong></span> <span class='ocrx_word' id='word_1_348' title='bbox 1056 2784 1121 2823; x_wconf 87' lang='lat' dir='ltr'><strong>hic</strong></span> <span class='ocrx_word' id='word_1_349' title='bbox 1141 2799 1296 2839; x_wconf 87' lang='lat' dir='ltr'><strong>quoque</strong></span> <span class='ocrx_word' id='word_1_350' title='bbox 1315 2798 1393 2822; x_wconf 87' lang='lat' dir='ltr'><strong>non</strong></span> <span class='ocrx_word' id='word_1_351' title='bbox 1412 2784 1654 2834; x_wconf 82' lang='grc' dir='ltr'><strong>ὃιοσημείων,</strong></span> 
     </span>
    </p>
   </div>
  </div>
 </body>
</html>
