1748 3210
600 196 676 238 DE
710 192 995 240 OSTENTIS.
1427 190 1488 236 28
1498 191 1522 236 1

81 305 191 362 πρὸς
224 306 279 362 τῇ
305 304 461 360 Μυσίᾳ
498 303 674 360 στρατιὰ
714 304 842 359 ἔργον
868 305 943 359 τῆς
970 300 1233 345 Βιταλιανοῦ
1260 299 1525 355 γενησομένη

83 372 241 430 χειρός·
272 371 402 423 αὐτὸς
431 371 477 415 δὲ
504 372 625 428 μέχρι
651 375 741 416 τῶν
767 375 843 428 τῆς
870 370 1033 420 πόλεως
1060 369 1209 423 τειχῶν
1231 365 1386 418 ἐλάσας
1407 365 1524 420 παρὰ

83 438 240 496 μικρὸν
275 435 382 495 ἦλθε
417 443 507 483 τῶν
540 439 807 496 πραγμάτων
839 440 1059 493 κρατῆσαι.
1116 434 1190 479 καὶ
1219 432 1268 477 τὸ
1299 434 1351 490 δὴ
1380 431 1526 486 πέρας,

84 506 222 558 οὕτως
266 506 518 563 ἆτιμοτάτης
566 507 800 564 βαρβάρων
844 504 1077 561 γενομένης
1120 500 1306 558 ἐφόδου,
1342 502 1526 557 ’μικροῦ

51 572 305 631 ὅπροήκατο
335 575 408 618 καὶ
436 574 516 630 τὴν
539 576 760 630 βασιλείαν
797 571 908 616 ἑκών
934 569 1226 621 Ἀναστάσιος,
1266 569 1342 613 καὶ
1378 572 1528 624 φαῦλα

83 641 131 687 δὲ
157 642 318 698 συνέβη
347 640 508 694 πάντα,
538 640 620 686 ὅσα
649 641 696 685 ἐν
725 639 862 684 εἰδόσι
888 639 1026 695 λέγειν
1056 637 1306 693 ἀδολεσχίας
1332 635 1460 681 ἐστίν.

193 714 235 753 7.
291 709 380 752 Καὶ
413 708 669 765 θαυμαστὸν
706 706 836 752 οὐδὲν
864 708 901 751 εί
929 708 1266 760 προθεωροῦσιν
1300 702 1531 761 ἄνθρωποι

82 776 137 820 τὰ
155 774 350 832 ἐσόμενα,
377 780 452 832 τῆς
471 775 646 833 φύσεως
670 773 802 831 αὐτῆς
823 771 1196 829 προδεικνυούσης
1211 771 1266 816 τοὶ
1286 771 1528 828 πράγματα.

84 842 144 895 ὥς
179 858 268 888 που
297 844 371 888 καὶ
402 843 685 900 Ἀναξαγόρας
719 843 789 886 ἐπὶ
818 845 895 897 τῆς
923 840 1244 897 ἑβδομηκοστῆς
1270 840 1343 883 καὶ
1371 838 1532 897 ὀγδόης

31 909 349 967 ΙΟόλυμπιάδος
374 912 504 955 λίθον
531 911 731 967 μέγιστον
757 909 805 953 ἐκ
836 912 916 952 τοῦ
948 908 1075 964 ἡλίου
1106 908 1299 951 ἐκπεσεῖν
1332 907 1533 963 ἐμαντεύ-

83 989 211 1031 σατο,
241 977 348 1034 ὅπερ
376 979 450 1022 καὶ
477 979 747 1034 συμβέβηκεν
774 975 961 1030 ὕστερον
988 974 1056 1018 ἐπὶ
1091 977 1270 1029 Θρᾴκης·
1305 976 1379 1019 καὶ
1409 975 1532 1032 μέχρι

81 1049 168 1089 νῦν
202 1045 318 1088 ἔστιν
355 1043 380 1088 ὁ
417 1046 566 1097 λίθος,
607 1045 681 1088 καὶ
717 1044 760 1096 ἐξ
795 1043 929 1099 αὐτῆς
958 1039 1096 1092 εὐθύς
1124 1045 1201 1098 τῆς
1228 1041 1334 1093 θέας
1360 1057 1532 1098 περιπε-

83 1112 268 1167 φλὲχθαι
304 1114 460 1155 δοκῶν.
515 1110 649 1154 ταύτό
680 1112 726 1154 δὲ
755 1114 884 1154 τοῦτο
913 1108 1024 1153 κατά
1051 1124 1096 1152 τε
1117 1108 1313 1165 ’Ἀβυδον
1341 1110 1415 1153 καὶ
1443 1109 1532 1154 Κύ-

82 1183 201 1232 ζικον
231 1168 448 1235 συμβῆναί
477 1190 611 1234 φησιν
635 1177 909 1232 Ἀπουλήϊος·
954 1175 1059 1219 ὅθεν
1095 1176 1158 1219 ἔτι
1194 1176 1266 1219 καὶ
1294 1180 1379 1220 νῦν
1407 1178 1533 1229 λίθος

29 1250 71 1287 15
83 1245 170 1290 ἐστὶ
196 1244 302 1300 παρ’
332 1245 481 1296 αὐτοῖς
509 1244 714 1301 πυρώδης
741 1243 821 1300 μὲν
850 1243 898 1287 τὸ
926 1246 1106 1299 χρῶμα,
1149 1242 1312 1303 σιδήρῳ
1343 1244 1388 1288 δὲ
1419 1244 1534 1296 ἅπας

81 1313 528 1368 κατασεσημασμένος·
562 1311 890 1367 παραδεδόσθαι
918 1311 1002 1365 γὰρ
1031 1308 1160 1365 λόγος
1189 1313 1446 1367 Κυζικηνοῖς
1475 1311 1534 1362 ὦς

83 1378 409 1424 συναπολέσθαι
455 1382 517 1437 τῷ
561 1380 670 1437 λίθῳ
711 1378 790 1434 τήν
827 1376 956 1421 πόλιν
991 1377 1171 1433 ἀνάγκη.
1215 1376 1450 1433 Ἵππαρχος
1487 1379 1535 1423 δὲ
1569 1386 1570 1389 ’

83 1446 323 1499 ἑξακοσίοις
361 1446 607 1502 ἔμπροσθεν
650 1446 867 1497 ἐνιαυτοῖς
904 1443 1086 1501 ἡλιακήν
1118 1445 1439 1501 προκατέλαβεν
1467 1445 1533 1490 ἔκ-

83 1517 238 1565 λειψιν.
295 1513 365 1556 ἐπὶ
403 1513 449 1557 δὲ
488 1517 563 1568 τῆς
600 1517 788 1570 φυσικῆς
826 1514 1019 1567 ἱστορίας
1055 1512 1079 1557 ὁ
1113 1512 1323 1569 Ῥωμαῖος
1354 1516 1535 1566 Πλίνιος

28 1582 214 1630 ωλίθον
242 1580 478 1636 ἑωρακέναι
516 1581 650 1637 φησὶν
679 1581 726 1624 ἐν
761 1582 984 1638 Βοκοντίῳ
1023 1584 1098 1637 τῆς
1120 1580 1300 1632 Ἰταλίας
1329 1581 1370 1634 ἐξ
1404 1579 1536 1636 οὐρα-

62 1651 168 1693 ’νοῦ
194 1647 580 1704 κατενηνεγμένον·
609 1647 716 1692 ὥστε
743 1649 881 1704 πολλὴ
910 1650 1118 1692 κοινωνία
1146 1653 1241 1699 ταῖς
1270 1650 1535 1704 διοσημείαις

83 1715 195 1771 πρὸς
230 1715 284 1759 τὰ
317 1713 464 1771 γήϊνα,
501 1714 586 1759 κᾶν
623 1720 712 1767 τοῖς
735 1716 823 1760 οἷπὸ
852 1720 927 1772 τῆς
962 1720 1091 1767 στοᾶς
1119 1716 1178 1772 μὴ
1209 1718 1332 1773 δοκῇ.
1390 1715 1534 1770 ὥσπερ

82 1783 110 1839 ἡ
139 1782 218 1838 μὲν
244 1781 417 1838 ἐπιτολῆ
447 1785 535 1825 τῶν
560 1781 714 1826 ὖοέδων
743 1782 911 1840 ὄμβρον
937 1783 1092 1836 πολύν,
1122 1782 1149 1839 ἦ
1179 1784 1225 1827 δὲ
1253 1787 1342 1826 τῶν
1369 1783 1536 1840 ἐρίφων

82 1850 156 1895 καὶ
183 1853 264 1893 τοῦ
292 1847 541 1904 ἀρκτούρου
568 1849 791 1907 χαλαζώδη
819 1855 979 1895 τοῦτον
1008 1850 1218 1895 ἀποτελεῖ.
1273 1851 1373 1907 περὶ
1395 1851 1440 1895 δὲ
1462 1855 1537 1907 τῆς

172 1941 218 1975 23
238 1936 328 1984 ἡμῖν
351 1939 395 1974 C.
442 1951 520 1974 corr
545 1939 594 1973 H.

84 2024 155 2055 tum
179 2019 352 2053 exercitus
371 2018 567 2052 Moesiacos
594 2029 695 2052 manu
717 2019 885 2053 Vitaliani
916 2031 1051 2054 caesum
1071 2019 1134 2052 iri:
1169 2019 1245 2063 ipse
1272 2031 1410 2064 quoque
1432 2020 1533 2054 Vita-

83 2065 216 2110 lianus,
242 2066 286 2098 ad
307 2064 401 2098 urbis
425 2063 560 2097 moenia
584 2065 750 2107 promotis
774 2066 902 2108 siguis,
926 2077 1046 2110 parum
1068 2065 1180 2099 abfuit
1203 2065 1287 2109 quin
1307 2077 1419 2099 rerum
1442 2066 1536 2110 poti-

65 2116 67 2118 ’
85 2118 194 2145 retur.
242 2111 284 2144 ad
309 2115 536 2154 postremum,
561 2109 762 2144 foedissima
784 2113 871 2144 adeo
893 2112 1115 2145 barbarorum
1133 2111 1330 2145 incursione
1352 2112 1536 2156 existente,

86 2157 228 2202 propius
261 2155 347 2189 nihil
377 2161 432 2189 est
462 2156 591 2189 factum
621 2167 722 2200 quam
755 2162 793 2190 ut
821 2164 945 2202 sponte
974 2157 1118 2201 imperio
1151 2157 1354 2191 Anastasius
1384 2159 1538 2202 cederet,

86 2202 268 2245 omniaque
296 2206 378 2235 tunc
406 2212 573 2246 perversa
605 2201 821 2247 acciderunt,
853 2214 943 2248 quae
972 2203 1112 2237 nimium
1143 2210 1236 2237 esset
1267 2205 1358 2248 apud
1385 2204 1538 2238 scientes

85 2258 262 2293 perseqm.

177 2294 213 2327 7.
260 2293 338 2327 Nec
365 2292 506 2336 mirum,
545 2291 576 2325 si
604 2292 819 2338 prospiciunt
848 2294 1003 2329 homines
1030 2296 1167 2339 futura,
1202 2307 1277 2329 cum
1307 2295 1384 2339 ipsa
1414 2299 1539 2330 natura

87 2343 214 2373 eventa
234 2343 498 2384 praemonstret.
544 2338 767 2382 Anaxagoras
792 2340 999 2386 Olympiade
1021 2342 1065 2375 78
1089 2353 1207 2375 saxum
1235 2352 1392 2375 casurum
1414 2353 1491 2375 esse
1518 2354 1539 2375 e

86 2383 160 2419 sole
191 2383 383 2428 praedixit,
421 2384 526 2429 idque
558 2385 687 2418 factum
720 2391 773 2419 est
798 2387 971 2431 posterius
1000 2386 1038 2420 in
1066 2387 1231 2421 Thracia.
1282 2393 1318 2420 et
1346 2387 1541 2421 ostenditur

86 2430 191 2464 etiam
210 2442 299 2464 nunc
321 2429 429 2475 Iapis,
453 2430 569 2464 statim
590 2430 666 2474 ipso
687 2438 829 2475 aspectu
847 2434 1036 2466 ambustum
1055 2445 1093 2466 se
1113 2435 1276 2478 prodens.
1323 2432 1407 2465 illud
1426 2432 1540 2477 ipsum

87 2477 131 2510 ad
153 2476 310 2520 Abydum
335 2475 571 2520 Cyzicumque
591 2476 759 2511 accidisse
779 2478 974 2522 LApuleius
995 2485 1179 2520 memorat;
1202 2479 1294 2511 unde
1318 2479 1429 2511 adhuc
1449 2478 1539 2522 lapis

86 2527 247 2555 servatur
266 2523 356 2567 apud
379 2522 476 2566 illos,
501 2522 616 2556 colore
637 2523 776 2566 igneus,
799 2525 885 2558 ferri
908 2537 950 2558 ex
973 2524 1064 2557 omni
1081 2530 1180 2569 parte
1201 2524 1350 2566 vestigia
1368 2524 1537 2558 retinens.

87 2572 125 2600 et
146 2573 333 2602 memorant
364 2568 560 2612 opinionem
588 2570 722 2602 ductam
747 2571 837 2613 apud
861 2570 1075 2612 Cyzicenos,
1109 2582 1186 2603 esse
1212 2570 1250 2602 in
1273 2570 1355 2603 fatis
1378 2576 1415 2604 ut
1439 2570 1538 2604 simul

90 2623 165 2646 cum
198 2612 314 2658 lapide
347 2613 405 2646 illo
439 2614 562 2649 civitas
592 2614 790 2649 intercidat.
838 2617 994 2650 defectus
1030 2615 1112 2649 solis
1150 2616 1186 2649 in
1214 2621 1396 2649 sexcentos
1429 2627 1538 2649 annos

90 2659 361 2703 praeoccupavit
381 2659 618 2704 Hipparchus.
665 2663 756 2706 apud
780 2662 968 2695 Vocontios
991 2662 1028 2695 in
1051 2662 1153 2695 Italia
1176 2661 1307 2694 vidisse
1330 2674 1368 2695 se
1390 2661 1539 2707 lapidem

90 2715 110 2736 e
134 2703 229 2737 caelo
252 2703 400 2739 delauun
423 2705 585 2740 cPlinius
610 2707 789 2741 Secundus
807 2708 843 2740 in
862 2708 1022 2741 Historia
1045 2708 1193 2741 naturali
1216 2709 1346 2749 refert3
1372 2714 1410 2741 ut
1431 2708 1540 2751 igitur

88 2748 265 2792 signorum
283 2751 326 2784 de
344 2762 469 2795 supero
496 2763 679 2797 rerumque
702 2754 915 2787 terrestrium
938 2766 1062 2797 magna
1087 2754 1134 2787 sit
1155 2754 1369 2797 coniunctio,
1400 2753 1539 2788 tametsi

88 2795 219 2828 Stoicis
238 2796 375 2830 minime
395 2797 432 2831 id
452 2797 624 2832 videatur.
672 2799 722 2833 ita
745 2800 938 2834 sucularum
961 2806 1102 2833 exortus
1125 2800 1267 2833 imbrem
1285 2800 1428 2844 largum,
1451 2801 1536 2833 hoe-

89 2840 209 2875 dorum
233 2846 268 2876 et
292 2843 422 2878 arcturi
450 2843 695 2888 grandinosum
718 2846 840 2881 efficit.
889 2857 965 2880 nam
989 2846 1032 2880 de
1058 2846 1232 2881 caniculae
1252 2852 1329 2880 ortu
1347 2858 1471 2881 vereor
1492 2858 1537 2881 ne
