<?xml version="1.0" encoding="UTF-8"?>
<!DOCTYPE html PUBLIC "-//W3C//DTD XHTML 1.0 Transitional//EN"
    "http://www.w3.org/TR/xhtml1/DTD/xhtml1-transitional.dtd">
<html xmlns="http://www.w3.org/1999/xhtml" xml:lang="en" lang="en">
 <head>
  <title>
</title>
<meta http-equiv="Content-Type" content="text/html;charset=utf-8" />
  <meta name='ocr-system' content='tesseract 3.04.00' />
  <meta name='ocr-capabilities' content='ocr_page ocr_carea ocr_par ocr_line ocrx_word'/>
</head>
<body>
  <div class='ocr_page' id='page_1' title='image "./corpusscriptorum27niebuoft/corpusscriptorum27niebuoft_0337.png"; bbox 0 0 1748 3210; ppageno 0'>
   <div class='ocr_carea' id='block_1_1' title="bbox 364 180 1557 229">
    <p class='ocr_par' dir='ltr' id='par_1_1' title="bbox 364 180 1557 229">
     <span class='ocr_line' id='line_1_1' title="bbox 364 180 1557 229; baseline 0 -1"><span class='ocrx_word' id='word_1_1' title='bbox 364 185 440 228; x_wconf 94' lang='lat' dir='ltr'><strong>DE</strong></span> <span class='ocrx_word' id='word_1_2' title='bbox 471 182 913 229; x_wconf 79' lang='lat' dir='ltr'>MAGISTRATIBUS</span> <span class='ocrx_word' id='word_1_3' title='bbox 940 183 987 228; x_wconf 87' lang='lat' dir='ltr'><strong>P.</strong></span> <span class='ocrx_word' id='word_1_4' title='bbox 1013 181 1068 227; x_wconf 84' lang='lat' dir='ltr'><strong>R.</strong></span> <span class='ocrx_word' id='word_1_5' title='bbox 1102 181 1205 226; x_wconf 90' lang='lat' dir='ltr'><strong>LIB.</strong></span> <span class='ocrx_word' id='word_1_6' title='bbox 1233 182 1307 226; x_wconf 83' lang='lat'><strong>111.</strong></span> <span class='ocrx_word' id='word_1_7' title='bbox 1458 180 1557 229; x_wconf 79' lang='lat'><strong>267</strong></span> 
     </span>
    </p>
   </div>
   <div class='ocr_carea' id='block_1_2' title="bbox 28 295 1587 1655">
    <p class='ocr_par' dir='ltr' id='par_1_2' title="bbox 107 295 1556 426">
     <span class='ocr_line' id='line_1_2' title="bbox 109 295 1556 359; baseline -0.003 -15"><span class='ocrx_word' id='word_1_8' title='bbox 109 305 180 346; x_wconf 61' lang='lat' dir='ltr'><strong>m&amp;</strong></span> <span class='ocrx_word' id='word_1_9' title='bbox 212 303 456 359; x_wconf 79' lang='grc' dir='ltr'><em>δημιουργοῦ</em></span> <span class='ocrx_word' id='word_1_10' title='bbox 466 333 479 353; x_wconf 99' lang='grc'><em>,</em></span> <span class='ocrx_word' id='word_1_11' title='bbox 509 297 698 359; x_wconf 72' lang='grc' dir='ltr'><em>καθάπερ</em></span> <span class='ocrx_word' id='word_1_12' title='bbox 727 297 839 353; x_wconf 87' lang='grc' dir='ltr'><em>τότε,</em></span> <span class='ocrx_word' id='word_1_13' title='bbox 868 303 949 344; x_wconf 81' lang='grc' dir='ltr'><em>πᾶν</em></span> <span class='ocrx_word' id='word_1_14' title='bbox 979 301 1036 350; x_wconf 73' lang='grc' dir='ltr'><strong>εἷς</strong></span> <span class='ocrx_word' id='word_1_15' title='bbox 1061 301 1162 358; x_wconf 83' lang='grc' dir='ltr'><em>φῶς·</em></span> <span class='ocrx_word' id='word_1_16' title='bbox 1178 297 1281 357; x_wconf 82' lang='grc' dir='ltr'><em>μόνῃ</em></span> <span class='ocrx_word' id='word_1_17' title='bbox 1312 301 1361 356; x_wconf 83' lang='grc' dir='ltr'><em>τῇ</em></span> <span class='ocrx_word' id='word_1_18' title='bbox 1389 295 1556 352; x_wconf 75' lang='grc' dir='ltr'><em>δυνάμει</em></span> 
     </span>
     <span class='ocr_line' id='line_1_3' title="bbox 107 370 669 426; baseline -0.002 -13"><span class='ocrx_word' id='word_1_19' title='bbox 107 376 179 426; x_wconf 76' lang='grc' dir='ltr'><em>τῆς</em></span> <span class='ocrx_word' id='word_1_20' title='bbox 194 374 344 425; x_wconf 71' lang='grc' dir='ltr'><em>βουλῆς</em></span> <span class='ocrx_word' id='word_1_21' title='bbox 367 370 669 420; x_wconf 74' lang='grc' dir='ltr'><em>ἀνακαλοῦντος.</em></span> 
     </span>
    </p>

    <p class='ocr_par' dir='ltr' id='par_1_3' title="bbox 110 433 1560 564">
     <span class='ocr_line' id='line_1_4' title="bbox 244 433 1558 495; baseline -0.005 -13"><span class='ocrx_word' id='word_1_22' title='bbox 244 437 322 483; x_wconf 79' lang='grc'><strong>72.</strong></span> <span class='ocrx_word' id='word_1_23' title='bbox 389 439 530 495; x_wconf 76' lang='grc' dir='ltr'><em>Πέρας</em></span> <span class='ocrx_word' id='word_1_24' title='bbox 557 433 627 481; x_wconf 69' lang='grc' dir='ltr'><strong>οὖν</strong></span> <span class='ocrx_word' id='word_1_25' title='bbox 653 443 771 482; x_wconf 79' lang='grc' dir='ltr'><em>τοῦτο</em></span> <span class='ocrx_word' id='word_1_26' title='bbox 797 442 871 493; x_wconf 79' lang='grc' dir='ltr'><strong>τῆς</strong></span> <span class='ocrx_word' id='word_1_27' title='bbox 893 434 1055 494; x_wconf 80' lang='grc' dir='ltr'><em>πρώτης</em></span> <span class='ocrx_word' id='word_1_28' title='bbox 1074 435 1319 494; x_wconf 79' lang='grc' dir='ltr'><em>λῃσταρχίας</em></span> <span class='ocrx_word' id='word_1_29' title='bbox 1339 438 1410 477; x_wconf 80' lang='grc' dir='ltr'><strong>τοῦ</strong></span> <span class='ocrx_word' id='word_1_30' title='bbox 1432 451 1558 488; x_wconf 84' lang='grc' dir='ltr'><em>πονη-</em></span> 
     </span>
     <span class='ocr_line' id='line_1_5' title="bbox 110 504 1560 564; baseline -0.003 -16"><span class='ocrx_word' id='word_1_31' title='bbox 110 511 184 563; x_wconf 74' lang='grc' dir='ltr'><em>ροῦ</em></span> <span class='ocrx_word' id='word_1_32' title='bbox 214 506 507 549; x_wconf 83' lang='grc' dir='ltr'><em>Καππαδόκου.</em></span> <span class='ocrx_word' id='word_1_33' title='bbox 576 507 814 564; x_wconf 72' lang='grc' dir='ltr'><em>ἀντίρροπον</em></span> <span class='ocrx_word' id='word_1_34' title='bbox 849 507 891 549; x_wconf 77' lang='grc' dir='ltr'><em>δὲ</em></span> <span class='ocrx_word' id='word_1_35' title='bbox 920 506 1019 556; x_wconf 73' lang='grc' dir='ltr'><em>θεὸς</em></span> <span class='ocrx_word' id='word_1_36' title='bbox 1039 510 1088 562; x_wconf 83' lang='grc' dir='ltr'><em>τῇ</em></span> <span class='ocrx_word' id='word_1_37' title='bbox 1112 507 1230 563; x_wconf 74' lang='grc' dir='ltr'><em>κακίᾳ</em></span> <span class='ocrx_word' id='word_1_38' title='bbox 1252 504 1450 558; x_wconf 76' lang='grc' dir='ltr'><em>εὐμένειαν</em></span> <span class='ocrx_word' id='word_1_39' title='bbox 1471 509 1560 554; x_wconf 79' lang='grc' dir='ltr'><em>ταῖς</em></span> 
     </span>
    </p>

    <p class='ocr_par' dir='ltr' id='par_1_4' title="bbox 75 573 1566 906">
     <span class='ocr_line' id='line_1_6' title="bbox 75 573 1561 632; baseline -0.006 -11"><span class='ocrx_word' id='word_1_40' title='bbox 75 582 339 632; x_wconf 67' lang='grc' dir='ltr'><em>Βσνμφοραῖς</em></span> <span class='ocrx_word' id='word_1_41' title='bbox 359 577 582 618; x_wconf 75' lang='grc' dir='ltr'><em>ἐπιδέδωκε.</em></span> <span class='ocrx_word' id='word_1_42' title='bbox 627 579 776 625; x_wconf 81' lang='grc' dir='ltr'><em>Φωκᾶς</em></span> <span class='ocrx_word' id='word_1_43' title='bbox 794 576 947 631; x_wconf 74' lang='grc' dir='ltr'><em>γέγονεν</em></span> <span class='ocrx_word' id='word_1_44' title='bbox 968 574 1068 631; x_wconf 78' lang='grc' dir='ltr'><em>ἀνὴρ</em></span> <span class='ocrx_word' id='word_1_45' title='bbox 1088 573 1346 630; x_wconf 76' lang='grc' dir='ltr'><em>εὐπατρίδης,</em></span> <span class='ocrx_word' id='word_1_46' title='bbox 1382 573 1561 626; x_wconf 78' lang='grc' dir='ltr'><em>Σαλβιόυ</em></span> 
     </span>
     <span class='ocr_line' id='line_1_7' title="bbox 106 640 1563 701; baseline -0.003 -15"><span class='ocrx_word' id='word_1_47' title='bbox 106 644 182 698; x_wconf 71' lang='grc' dir='ltr'><em>μὲν</em></span> <span class='ocrx_word' id='word_1_48' title='bbox 212 649 298 686; x_wconf 84' lang='grc' dir='ltr'><em>τοῦ·</em></span> <span class='ocrx_word' id='word_1_49' title='bbox 314 642 568 687; x_wconf 73' lang='grc' dir='ltr'><em>δικαιοτάτου</em></span> <span class='ocrx_word' id='word_1_50' title='bbox 597 643 774 700; x_wconf 63' lang='grc' dir='ltr'><em>ἔγγονος,</em></span> <span class='ocrx_word' id='word_1_51' title='bbox 805 644 1018 701; x_wconf 74' lang='grc' dir='ltr'><em>Κρατέρου</em></span> <span class='ocrx_word' id='word_1_52' title='bbox 1045 644 1088 685; x_wconf 78' lang='grc' dir='ltr'><em>δὲ</em></span> <span class='ocrx_word' id='word_1_53' title='bbox 1112 647 1184 685; x_wconf 85' lang='grc' dir='ltr'><strong>τοῦ</strong></span> <span class='ocrx_word' id='word_1_54' title='bbox 1213 640 1373 684; x_wconf 82' lang='grc' dir='ltr'><em>πάντων</em></span> <span class='ocrx_word' id='word_1_55' title='bbox 1404 640 1563 693; x_wconf 70' lang='grc' dir='ltr'><em>εὐσεβε-</em></span> 
     </span>
     <span class='ocr_line' id='line_1_8' title="bbox 108 709 1566 770; baseline -0.003 -16"><span class='ocrx_word' id='word_1_56' title='bbox 108 710 257 754; x_wconf 70' lang='grc' dir='ltr'><em>στάτου</em></span> <span class='ocrx_word' id='word_1_57' title='bbox 278 719 393 765; x_wconf 81' lang='grc' dir='ltr'><em>παῖς,</em></span> <span class='ocrx_word' id='word_1_58' title='bbox 427 712 471 763; x_wconf 78' lang='grc' dir='ltr'><em>ὃς</em></span> <span class='ocrx_word' id='word_1_59' title='bbox 486 712 538 755; x_wconf 82' lang='grc' dir='ltr'><em>τὰ</em></span> <span class='ocrx_word' id='word_1_60' title='bbox 555 718 695 770; x_wconf 85' lang='grc' dir='ltr'><em>πρῶτα</em></span> <span class='ocrx_word' id='word_1_61' title='bbox 714 719 797 763; x_wconf 90' lang='grc' dir='ltr'><em>τοΐς</em></span> <span class='ocrx_word' id='word_1_62' title='bbox 814 712 1036 768; x_wconf 77' lang='grc' dir='ltr'><em>λεγομένοις</em></span> <span class='ocrx_word' id='word_1_63' title='bbox 1053 711 1327 767; x_wconf 87' lang='grc' dir='ltr'><em>σιλεντιαρίοις</em></span> <span class='ocrx_word' id='word_1_64' title='bbox 1347 713 1419 763; x_wconf 81' lang='grc' dir='ltr'><strong>τῆς</strong></span> <span class='ocrx_word' id='word_1_65' title='bbox 1440 709 1566 763; x_wconf 81' lang='grc' dir='ltr'><em>αὐλῆς</em></span> 
     </span>
     <span class='ocr_line' id='line_1_9' title="bbox 110 776 1565 838; baseline -0.002 -16"><span class='ocrx_word' id='word_1_66' title='bbox 110 781 362 837; x_wconf 76' lang='grc' dir='ltr'><em>διαπρέψας,</em></span> <span class='ocrx_word' id='word_1_67' title='bbox 395 781 490 832; x_wconf 74' lang='grc' dir='ltr'><em>τοὺς</em></span> <span class='ocrx_word' id='word_1_68' title='bbox 514 780 674 824; x_wconf 79' lang='grc' dir='ltr'><em>πώποτε</em></span> <span class='ocrx_word' id='word_1_69' title='bbox 704 783 767 824; x_wconf 77' lang='grc' dir='ltr'><strong>ἐπὶ</strong></span> <span class='ocrx_word' id='word_1_70' title='bbox 798 786 848 838; x_wconf 84' lang='grc' dir='ltr'><em>τῇ</em></span> <span class='ocrx_word' id='word_1_71' title='bbox 870 778 1110 836; x_wconf 87' lang='grc' dir='ltr'><em>μεγαλότητι</em></span> <span class='ocrx_word' id='word_1_72' title='bbox 1130 784 1269 834; x_wconf 78' lang='grc' dir='ltr'><em>ψυχῆς</em></span> <span class='ocrx_word' id='word_1_73' title='bbox 1290 777 1392 833; x_wconf 82' lang='grc' dir='ltr'><em>μετὰ</em></span> <span class='ocrx_word' id='word_1_74' title='bbox 1413 776 1565 820; x_wconf 83' lang='grc' dir='ltr'><em>δόσεων</em></span> 
     </span>
     <span class='ocr_line' id='line_1_10' title="bbox 111 844 1559 906; baseline -0.002 -16"><span class='ocrx_word' id='word_1_75' title='bbox 111 848 301 906; x_wconf 70' lang='grc' dir='ltr'><em>ἀμετρίας</em></span> <span class='ocrx_word' id='word_1_76' title='bbox 330 848 695 906; x_wconf 70' lang='grc' dir='ltr'><em>ὑπερβαλλόμενος,</em></span> <span class='ocrx_word' id='word_1_77' title='bbox 729 851 791 892; x_wconf 72' lang='grc' dir='ltr'><strong>ἐπὶ</strong></span> <span class='ocrx_word' id='word_1_78' title='bbox 817 849 912 899; x_wconf 77' lang='grc' dir='ltr'><em>τοὺς</em></span> <span class='ocrx_word' id='word_1_79' title='bbox 941 849 1117 904; x_wconf 78' lang='grc' dir='ltr'><em>πατέρας</em></span> <span class='ocrx_word' id='word_1_80' title='bbox 1139 853 1211 902; x_wconf 81' lang='grc' dir='ltr'><strong>τῆς</strong></span> <span class='ocrx_word' id='word_1_81' title='bbox 1235 847 1443 902; x_wconf 80' lang='grc' dir='ltr'><em>βασιλείας</em></span> <span class='ocrx_word' id='word_1_82' title='bbox 1466 844 1559 888; x_wconf 75' lang='grc' dir='ltr'><em>κατ’</em></span> 
     </span>
    </p>

    <p class='ocr_par' dir='ltr' id='par_1_5' title="bbox 28 914 1564 976">
     <span class='ocr_line' id='line_1_11' title="bbox 28 914 1564 976; baseline -0.003 -16"><span class='ocrx_word' id='word_1_83' title='bbox 28 923 30 926; x_wconf 70' lang='grc'>’</span> <span class='ocrx_word' id='word_1_84' title='bbox 57 927 100 962; x_wconf 86' lang='grc'><strong>10</strong></span> <span class='ocrx_word' id='word_1_85' title='bbox 113 917 226 968; x_wconf 76' lang='grc' dir='ltr'><em>ἀξίαν</em></span> <span class='ocrx_word' id='word_1_86' title='bbox 243 918 479 973; x_wconf 72' lang='grc' dir='ltr'><em>ἀνελήλυθε,</em></span> <span class='ocrx_word' id='word_1_87' title='bbox 513 917 672 976; x_wconf 79' lang='grc' dir='ltr'><em>πλούτῳ</em></span> <span class='ocrx_word' id='word_1_88' title='bbox 694 922 829 972; x_wconf 81' lang='grc' dir='ltr'><em>κομῶν</em></span> <span class='ocrx_word' id='word_1_89' title='bbox 848 918 914 959; x_wconf 78' lang='grc' dir='ltr'><strong>καὶ</strong></span> <span class='ocrx_word' id='word_1_90' title='bbox 936 922 1019 966; x_wconf 80' lang='grc' dir='ltr'><em>τοῖς</em></span> <span class='ocrx_word' id='word_1_91' title='bbox 1040 916 1240 969; x_wconf 70' lang='grc' dir='ltr'><em>δεομένοις</em></span> <span class='ocrx_word' id='word_1_92' title='bbox 1259 917 1455 971; x_wconf 75' lang='grc' dir='ltr'><em>ἐπαρκῶν,</em></span> <span class='ocrx_word' id='word_1_93' title='bbox 1487 914 1564 957; x_wconf 60' lang='grc' dir='ltr'><strong>αὖα</strong></span> 
     </span>
    </p>

    <p class='ocr_par' dir='ltr' id='par_1_6' title="bbox 57 978 1567 1381">
     <span class='ocr_line' id='line_1_12' title="bbox 109 978 1564 1044; baseline -0.003 -16"><span class='ocrx_word' id='word_1_94' title='bbox 109 985 178 1036; x_wconf 76' lang='grc' dir='ltr'><strong>τὸς</strong></span> <span class='ocrx_word' id='word_1_95' title='bbox 216 984 346 1044; x_wconf 68' lang='grc' dir='ltr'><em>ἑαυτῷ</em></span> <span class='ocrx_word' id='word_1_96' title='bbox 375 985 486 1044; x_wconf 84' lang='grc' dir='ltr'><em>μόνῳ</em></span> <span class='ocrx_word' id='word_1_97' title='bbox 519 988 734 1043; x_wconf 77' lang='grc' dir='ltr'><em>φειδωλίαν</em></span> <span class='ocrx_word' id='word_1_98' title='bbox 762 986 966 1037; x_wconf 76' lang='grc' dir='ltr'><em>διέσωζεν·</em></span> <span class='ocrx_word' id='word_1_99' title='bbox 1011 986 1145 1026; x_wconf 84' lang='grc' dir='ltr'><em>δίαιτα</em></span> <span class='ocrx_word' id='word_1_100' title='bbox 1171 985 1249 1040; x_wconf 78' lang='grc' dir='ltr'><em>γὰρ</em></span> <span class='ocrx_word' id='word_1_101' title='bbox 1276 978 1326 1037; x_wconf 74' lang='grc' dir='ltr'><em>ἦν</em></span> <span class='ocrx_word' id='word_1_102' title='bbox 1356 984 1465 1040; x_wconf 78' lang='grc' dir='ltr'><em>αὐτῷ</em></span> <span class='ocrx_word' id='word_1_103' title='bbox 1495 983 1564 1026; x_wconf 82' lang='grc' dir='ltr'><strong>καὶ</strong></span> 
     </span>
     <span class='ocr_line' id='line_1_13' title="bbox 109 1052 1566 1116; baseline -0.003 -20"><span class='ocrx_word' id='word_1_104' title='bbox 109 1059 267 1116; x_wconf 70' lang='grc' dir='ltr'><em>τρυφῆς</em></span> <span class='ocrx_word' id='word_1_105' title='bbox 298 1055 431 1097; x_wconf 76' lang='grc' dir='ltr'><em>ἀσιτία</em></span> <span class='ocrx_word' id='word_1_106' title='bbox 462 1053 637 1109; x_wconf 73' lang='grc' dir='ltr'><em>τοσαύτη</em></span> <span class='ocrx_word' id='word_1_107' title='bbox 669 1054 741 1109; x_wconf 77' lang='grc' dir='ltr'><strong>ὅση</strong></span> <span class='ocrx_word' id='word_1_108' title='bbox 763 1060 847 1104; x_wconf 84' lang='grc' dir='ltr'><em>τοῖς</em></span> <span class='ocrx_word' id='word_1_109' title='bbox 870 1052 971 1109; x_wconf 78' lang='grc' dir='ltr'><em>ἄγαν</em></span> <span class='ocrx_word' id='word_1_110' title='bbox 993 1053 1303 1109; x_wconf 76' lang='grc' dir='ltr'><em>μεμετρημένοις</em></span> <span class='ocrx_word' id='word_1_111' title='bbox 1322 1052 1391 1093; x_wconf 86' lang='grc' dir='ltr'><strong>τὸν</strong></span> <span class='ocrx_word' id='word_1_112' title='bbox 1412 1054 1502 1105; x_wconf 81' lang='grc' dir='ltr'><em>βίον</em></span> <span class='ocrx_word' id='word_1_113' title='bbox 1524 1052 1566 1092; x_wconf 75' lang='grc' dir='ltr'><em>ἓν</em></span> 
     </span>
     <span class='ocr_line' id='line_1_14' title="bbox 110 1119 1566 1178; baseline -0.002 -13"><span class='ocrx_word' id='word_1_114' title='bbox 110 1123 303 1165; x_wconf 64' lang='grc' dir='ltr'><em>εὐτελέσιν</em></span> <span class='ocrx_word' id='word_1_115' title='bbox 327 1123 554 1178; x_wconf 68' lang='grc' dir='ltr'><em>ἠριθμεῖτο.</em></span> <span class='ocrx_word' id='word_1_116' title='bbox 623 1125 689 1165; x_wconf 80' lang='grc' dir='ltr'><strong>καὶ</strong></span> <span class='ocrx_word' id='word_1_117' title='bbox 714 1127 786 1176; x_wconf 78' lang='grc' dir='ltr'><strong>τῆς</strong></span> <span class='ocrx_word' id='word_1_118' title='bbox 808 1123 881 1176; x_wconf 76' lang='grc' dir='ltr'><strong>μὲν</strong></span> <span class='ocrx_word' id='word_1_119' title='bbox 904 1122 1134 1177; x_wconf 76' lang='grc' dir='ltr'><em>περιουσίας</em></span> <span class='ocrx_word' id='word_1_120' title='bbox 1154 1119 1277 1175; x_wconf 69' lang='grc' dir='ltr'><em>τύχης</em></span> <span class='ocrx_word' id='word_1_121' title='bbox 1298 1120 1425 1162; x_wconf 78' lang='grc' dir='ltr'><em>αὐτοῦ</em></span> <span class='ocrx_word' id='word_1_122' title='bbox 1446 1120 1566 1170; x_wconf 79' lang='grc' dir='ltr'><em>ἀξίως</em></span> 
     </span>
     <span class='ocr_line' id='line_1_15' title="bbox 109 1187 1567 1247; baseline -0.002 -15"><span class='ocrx_word' id='word_1_123' title='bbox 109 1190 161 1232; x_wconf 76' lang='grc' dir='ltr'><em>τὰ</em></span> <span class='ocrx_word' id='word_1_124' title='bbox 183 1195 256 1244; x_wconf 84' lang='grc' dir='ltr'><strong>τῆς</strong></span> <span class='ocrx_word' id='word_1_125' title='bbox 281 1189 414 1240; x_wconf 72' lang='grc' dir='ltr'><em>ἑστίας</em></span> <span class='ocrx_word' id='word_1_126' title='bbox 437 1192 561 1232; x_wconf 81' lang='grc' dir='ltr'><em>διε...</em></span> <span class='ocrx_word' id='word_1_127' title='bbox 587 1197 671 1240; x_wconf 78' lang='grc' dir='ltr'><em>τοῖς</em></span> <span class='ocrx_word' id='word_1_128' title='bbox 696 1192 851 1247; x_wconf 70' lang='grc' dir='ltr'><em>φίλοις,</em></span> <span class='ocrx_word' id='word_1_129' title='bbox 886 1189 1008 1238; x_wconf 74' lang='grc' dir='ltr'><em>αὐτὸς</em></span> <span class='ocrx_word' id='word_1_130' title='bbox 1031 1190 1074 1230; x_wconf 79' lang='grc' dir='ltr'><em>δὲ</em></span> <span class='ocrx_word' id='word_1_131' title='bbox 1098 1187 1241 1243; x_wconf 85' lang='grc' dir='ltr'><em>μόναις</em></span> <span class='ocrx_word' id='word_1_132' title='bbox 1263 1194 1352 1238; x_wconf 77' lang='grc' dir='ltr'><em>ταῖς</em></span> <span class='ocrx_word' id='word_1_133' title='bbox 1372 1193 1452 1231; x_wconf 83' lang='grc' dir='ltr'><strong>τῶν</strong></span> <span class='ocrx_word' id='word_1_134' title='bbox 1475 1191 1567 1230; x_wconf 88' lang='grc' dir='ltr'><em>δαι-</em></span> 
     </span>
     <span class='ocr_line' id='line_1_16' title="bbox 57 1255 1563 1316; baseline -0.004 -12"><span class='ocrx_word' id='word_1_135' title='bbox 57 1267 100 1304; x_wconf 84' lang='lat'><strong>15</strong></span> <span class='ocrx_word' id='word_1_136' title='bbox 110 1257 292 1313; x_wconf 84' lang='grc' dir='ltr'><em>τυμόνων</em></span> <span class='ocrx_word' id='word_1_137' title='bbox 310 1259 523 1312; x_wconf 73' lang='grc' dir='ltr'><em>εὐθυμίαις</em></span> <span class='ocrx_word' id='word_1_138' title='bbox 542 1260 728 1316; x_wconf 66' lang='grc' dir='ltr'><em>ἐτρέφετο</em></span> <span class='ocrx_word' id='word_1_139' title='bbox 737 1290 750 1309; x_wconf 93' lang='grc'><em>,</em></span> <span class='ocrx_word' id='word_1_140' title='bbox 777 1257 920 1312; x_wconf 83' lang='grc' dir='ltr'><em>σεμνὸς</em></span> <span class='ocrx_word' id='word_1_141' title='bbox 938 1258 1011 1312; x_wconf 76' lang='grc' dir='ltr'><strong>μὲν</strong></span> <span class='ocrx_word' id='word_1_142' title='bbox 1031 1259 1097 1300; x_wconf 82' lang='grc' dir='ltr'><strong>καὶ</strong></span> <span class='ocrx_word' id='word_1_143' title='bbox 1119 1256 1338 1315; x_wconf 67' lang='grc' dir='ltr'><em>([ιλόκαλος</em></span> <span class='ocrx_word' id='word_1_144' title='bbox 1361 1256 1438 1308; x_wconf 78' lang='grc' dir='ltr'><strong>ὤν,</strong></span> <span class='ocrx_word' id='word_1_145' title='bbox 1467 1255 1563 1298; x_wconf 76' lang='grc' dir='ltr'><em>ἀλλ’</em></span> 
     </span>
     <span class='ocr_line' id='line_1_17' title="bbox 110 1324 1031 1381; baseline -0.001 -12"><span class='ocrx_word' id='word_1_146' title='bbox 110 1326 158 1369; x_wconf 78' lang='grc' dir='ltr'><em>οὖ</em></span> <span class='ocrx_word' id='word_1_147' title='bbox 180 1325 480 1381; x_wconf 80' lang='grc' dir='ltr'><em>καλλωπιστής,</em></span> <span class='ocrx_word' id='word_1_148' title='bbox 516 1328 556 1378; x_wconf 70' lang='grc' dir='ltr'><strong>ἐξ</strong></span> <span class='ocrx_word' id='word_1_149' title='bbox 583 1327 707 1370; x_wconf 75' lang='grc' dir='ltr'><em>αὐτοῦ</em></span> <span class='ocrx_word' id='word_1_150' title='bbox 729 1329 794 1369; x_wconf 81' lang='grc' dir='ltr'><strong>καὶ</strong></span> <span class='ocrx_word' id='word_1_151' title='bbox 817 1324 943 1381; x_wconf 90' lang='grc' dir='ltr'><em>μόνου</em></span> <span class='ocrx_word' id='word_1_152' title='bbox 966 1357 977 1367; x_wconf 91' lang='grc'><strong>.</strong></span> <span class='ocrx_word' id='word_1_153' title='bbox 992 1357 1003 1368; x_wconf 90' lang='grc'><strong>.</strong></span> <span class='ocrx_word' id='word_1_154' title='bbox 1018 1356 1031 1368; x_wconf 89' lang='grc'><strong>.</strong></span> 
     </span>
    </p>

    <p class='ocr_par' dir='ltr' id='par_1_7' title="bbox 109 1392 1587 1588">
     <span class='ocr_line' id='line_1_18' title="bbox 244 1392 1567 1451; baseline -0.006 -10"><span class='ocrx_word' id='word_1_155' title='bbox 244 1395 325 1440; x_wconf 87' lang='grc'><strong>73.</strong></span> <span class='ocrx_word' id='word_1_156' title='bbox 490 1397 557 1438; x_wconf 86' lang='grc' dir='ltr'><strong>καὶ</strong></span> <span class='ocrx_word' id='word_1_157' title='bbox 597 1394 742 1446; x_wconf 87' lang='grc' dir='ltr'><em>δόλους</em></span> <span class='ocrx_word' id='word_1_158' title='bbox 784 1394 968 1451; x_wconf 79' lang='grc' dir='ltr'><em>ῥάπτειν,</em></span> <span class='ocrx_word' id='word_1_159' title='bbox 1016 1396 1139 1437; x_wconf 83' lang='grc' dir='ltr'><em>αἲτεῖν</em></span> <span class='ocrx_word' id='word_1_160' title='bbox 1170 1393 1242 1448; x_wconf 72' lang='grc' dir='ltr'><strong>μὲν</strong></span> <span class='ocrx_word' id='word_1_161' title='bbox 1272 1392 1454 1448; x_wconf 73' lang='grc' dir='ltr'><em>ἠρυθρία</em></span> <span class='ocrx_word' id='word_1_162' title='bbox 1488 1395 1567 1434; x_wconf 85' lang='grc' dir='ltr'><strong>τῶν</strong></span> 
     </span>
     <span class='ocr_line' id='line_1_19' title="bbox 111 1459 1568 1520; baseline -0.003 -15"><span class='ocrx_word' id='word_1_163' title='bbox 111 1463 337 1519; x_wconf 79' lang='grc' dir='ltr'><em>ἀναγκαίων</em></span> <span class='ocrx_word' id='word_1_164' title='bbox 369 1463 554 1519; x_wconf 82' lang='grc' dir='ltr'><em>δεόμενος</em></span> <span class='ocrx_word' id='word_1_165' title='bbox 563 1496 576 1515; x_wconf 95' lang='grc'><em>,</em></span> <span class='ocrx_word' id='word_1_166' title='bbox 613 1463 740 1507; x_wconf 67' lang='grc' dir='ltr'><em>ἔστενε</em></span> <span class='ocrx_word' id='word_1_167' title='bbox 765 1465 807 1506; x_wconf 79' lang='grc' dir='ltr'><em>δὲ</em></span> <span class='ocrx_word' id='word_1_168' title='bbox 829 1465 895 1506; x_wconf 85' lang='grc' dir='ltr'><strong>καὶ</strong></span> <span class='ocrx_word' id='word_1_169' title='bbox 917 1462 1054 1520; x_wconf 78' lang='grc' dir='ltr'><em>ᾤμωζε</em></span> <span class='ocrx_word' id='word_1_170' title='bbox 1062 1495 1075 1514; x_wconf 85' lang='grc'><em>,</em></span> <span class='ocrx_word' id='word_1_171' title='bbox 1111 1464 1177 1504; x_wconf 83' lang='grc' dir='ltr'><strong>καὶ</strong></span> <span class='ocrx_word' id='word_1_172' title='bbox 1209 1459 1380 1517; x_wconf 81' lang='grc' dir='ltr'><em>δάκρυσι</em></span> <span class='ocrx_word' id='word_1_173' title='bbox 1412 1477 1568 1517; x_wconf 73' lang='grc' dir='ltr'><em>πεφορ-</em></span> 
     </span>
     <span class='ocr_line' id='line_1_20' title="bbox 109 1527 1587 1588; baseline -0.001 -14"><span class='ocrx_word' id='word_1_174' title='bbox 109 1533 286 1586; x_wconf 73' lang='grc' dir='ltr'><em>τωμένος</em></span> <span class='ocrx_word' id='word_1_175' title='bbox 303 1532 376 1582; x_wconf 84' lang='grc' dir='ltr'><strong>τὰς</strong></span> <span class='ocrx_word' id='word_1_176' title='bbox 393 1532 510 1588; x_wconf 76' lang='grc' dir='ltr'><em>ὄψεις</em></span> <span class='ocrx_word' id='word_1_177' title='bbox 528 1535 649 1587; x_wconf 83' lang='grc' dir='ltr'><em>δῆλος</em></span> <span class='ocrx_word' id='word_1_178' title='bbox 665 1528 715 1587; x_wconf 74' lang='grc' dir='ltr'><em>ἦν</em></span> <span class='ocrx_word' id='word_1_179' title='bbox 736 1533 802 1574; x_wconf 82' lang='grc' dir='ltr'><strong>καὶ</strong></span> <span class='ocrx_word' id='word_1_180' title='bbox 821 1539 906 1582; x_wconf 78' lang='grc' dir='ltr'><em>τοῖς</em></span> <span class='ocrx_word' id='word_1_181' title='bbox 930 1531 1031 1587; x_wconf 76' lang='grc' dir='ltr'><em>ἄγαν</em></span> <span class='ocrx_word' id='word_1_182' title='bbox 1054 1532 1264 1586; x_wconf 78' lang='grc' dir='ltr'><em>ἀγνοοῦσιν</em></span> <span class='ocrx_word' id='word_1_183' title='bbox 1289 1530 1410 1572; x_wconf 77' lang='grc' dir='ltr'><em>αὐτὸν</em></span> <span class='ocrx_word' id='word_1_184' title='bbox 1433 1527 1487 1579; x_wconf 84' lang='grc' dir='ltr'><em>ὡς</em></span> <span class='ocrx_word' id='word_1_185' title='bbox 1509 1529 1587 1583; x_wconf 77' lang='grc' dir='ltr'><em>εἴη,</em></span> 
     </span>
    </p>

    <p class='ocr_par' dir='ltr' id='par_1_8' title="bbox 55 1597 1569 1655">
     <span class='ocr_line' id='line_1_21' title="bbox 55 1597 1569 1655; baseline -0.005 -10"><span class='ocrx_word' id='word_1_186' title='bbox 55 1599 372 1655; x_wconf 68' lang='grc' dir='ltr'><em>Ξθλυπούμενος.</em></span> <span class='ocrx_word' id='word_1_187' title='bbox 440 1606 581 1645; x_wconf 82' lang='grc' dir='ltr'><em>τοῦτον</em></span> <span class='ocrx_word' id='word_1_188' title='bbox 601 1599 622 1643; x_wconf 82' lang='grc' dir='ltr'><strong>ὅ</strong></span> <span class='ocrx_word' id='word_1_189' title='bbox 648 1604 798 1651; x_wconf 81' lang='grc' dir='ltr'><em>Φωκᾶς</em></span> <span class='ocrx_word' id='word_1_190' title='bbox 816 1602 858 1643; x_wconf 77' lang='grc' dir='ltr'><strong>ἐκ</strong></span> <span class='ocrx_word' id='word_1_191' title='bbox 879 1599 1004 1654; x_wconf 80' lang='grc' dir='ltr'><em>τύχης</em></span> <span class='ocrx_word' id='word_1_192' title='bbox 1024 1598 1142 1651; x_wconf 78' lang='grc' dir='ltr'><em>ἰδών,</em></span> <span class='ocrx_word' id='word_1_193' title='bbox 1176 1600 1243 1641; x_wconf 86' lang='grc' dir='ltr'><strong>καὶ</strong></span> <span class='ocrx_word' id='word_1_194' title='bbox 1266 1597 1320 1648; x_wconf 81' lang='grc' dir='ltr'><em>ὡς</em></span> <span class='ocrx_word' id='word_1_195' title='bbox 1343 1598 1444 1654; x_wconf 80' lang='grc' dir='ltr'><em>ἀνὴρ</em></span> <span class='ocrx_word' id='word_1_196' title='bbox 1467 1597 1569 1652; x_wconf 81' lang='grc' dir='ltr'><em>ἄγα-</em></span> 
     </span>
    </p>
   </div>
   <div class='ocr_carea' id='block_1_3' title="bbox 200 1704 1626 2029">
    <p class='ocr_par' dir='ltr' id='par_1_9' title="bbox 200 1704 1626 2029">
     <span class='ocr_line' id='line_1_22' title="bbox 204 1704 1571 1755; baseline -0.004 -11"><span class='ocrx_word' id='word_1_197' title='bbox 204 1710 224 1744; x_wconf 86' lang='grc'><strong>1</strong></span> <span class='ocrx_word' id='word_1_198' title='bbox 245 1720 308 1744; x_wconf 86' lang='grc' dir='ltr'><strong>το.</strong></span> <span class='ocrx_word' id='word_1_199' title='bbox 322 1733 354 1744; x_wconf 89' lang='grc'><strong>..</strong></span> <span class='ocrx_word' id='word_1_200' title='bbox 378 1709 422 1744; x_wconf 88' lang='lat' dir='ltr'><strong>C.</strong></span> <span class='ocrx_word' id='word_1_201' title='bbox 577 1710 601 1745; x_wconf 75' lang='lat'><strong>2</strong></span> <span class='ocrx_word' id='word_1_202' title='bbox 621 1721 724 1744; x_wconf 83' lang='lat' dir='ltr'><strong>versu</strong></span> <span class='ocrx_word' id='word_1_203' title='bbox 744 1714 825 1755; x_wconf 87' lang='lat' dir='ltr'><strong>post</strong></span> <span class='ocrx_word' id='word_1_204' title='bbox 846 1704 1123 1746; x_wconf 71' lang='grc' dir='ltr'><em>ἀνακαλοῦντος</em></span> <span class='ocrx_word' id='word_1_205' title='bbox 1140 1710 1308 1751; x_wconf 85' lang='lat' dir='ltr'><strong>sequente</strong></span> <span class='ocrx_word' id='word_1_206' title='bbox 1332 1706 1362 1739; x_wconf 90' lang='lat' dir='ltr'>C</span> <span class='ocrx_word' id='word_1_207' title='bbox 1384 1705 1571 1747; x_wconf 90' lang='grc' dir='ltr'><em>ΛΟΓΟΣ,</em></span> 
     </span>
     <span class='ocr_line' id='line_1_23' title="bbox 200 1751 1570 1800; baseline -0.003 -12"><span class='ocrx_word' id='word_1_208' title='bbox 200 1755 292 1790; x_wconf 89' lang='lat' dir='ltr'><strong>nullo</strong></span> <span class='ocrx_word' id='word_1_209' title='bbox 318 1755 438 1790; x_wconf 79' lang='lat' dir='ltr'><strong>addito</strong></span> <span class='ocrx_word' id='word_1_210' title='bbox 464 1766 619 1791; x_wconf 89' lang='lat' dir='ltr'><strong>numer0.</strong></span> <span class='ocrx_word' id='word_1_211' title='bbox 666 1756 703 1789; x_wconf 91' lang='lat' dir='ltr'><strong>in</strong></span> <span class='ocrx_word' id='word_1_212' title='bbox 731 1755 846 1789; x_wconf 88' lang='lat' dir='ltr'><strong>indice</strong></span> <span class='ocrx_word' id='word_1_213' title='bbox 877 1766 992 1800; x_wconf 90' lang='lat' dir='ltr'><strong>neque</strong></span> <span class='ocrx_word' id='word_1_214' title='bbox 1015 1754 1129 1796; x_wconf 65' lang='lat' dir='ltr'><strong>haec,</strong></span> <span class='ocrx_word' id='word_1_215' title='bbox 1153 1764 1267 1798; x_wconf 88' lang='lat' dir='ltr'><strong>neque</strong></span> <span class='ocrx_word' id='word_1_216' title='bbox 1290 1751 1373 1786; x_wconf 87' lang='lat' dir='ltr'><strong>libri</strong></span> <span class='ocrx_word' id='word_1_217' title='bbox 1394 1751 1491 1785; x_wconf 83' lang='lat' dir='ltr'><strong>tertii</strong></span> <span class='ocrx_word' id='word_1_218' title='bbox 1513 1751 1570 1784; x_wconf 89' lang='lat' dir='ltr'><strong>in-</strong></span> 
     </span>
     <span class='ocr_line' id='line_1_24' title="bbox 203 1792 1570 1846; baseline -0.004 -11"><span class='ocrx_word' id='word_1_219' title='bbox 203 1801 348 1846; x_wconf 77' lang='lat' dir='ltr'><strong>scriptio</strong></span> <span class='ocrx_word' id='word_1_220' title='bbox 368 1801 556 1846; x_wconf 81' lang='lat' dir='ltr'><strong>reperitur.</strong></span> <span class='ocrx_word' id='word_1_221' title='bbox 664 1803 686 1837; x_wconf 87' lang='lat'>7</span> <span class='ocrx_word' id='word_1_222' title='bbox 711 1797 749 1835; x_wconf 78' lang='grc' dir='ltr'><em>ἐν</em></span> <span class='ocrx_word' id='word_1_223' title='bbox 771 1803 850 1840; x_wconf 85' lang='grc' dir='ltr'><em>τοῖς</em></span> <span class='ocrx_word' id='word_1_224' title='bbox 870 1801 916 1835; x_wconf 82' lang='lat' dir='ltr'><strong>F.</strong></span> <span class='ocrx_word' id='word_1_225' title='bbox 1026 1801 1048 1835; x_wconf 91' lang='lat'>8</span> <span class='ocrx_word' id='word_1_226' title='bbox 1068 1801 1240 1843; x_wconf 80' lang='grc' dir='ltr'><em>μεγαλητι</em></span> <span class='ocrx_word' id='word_1_227' title='bbox 1258 1799 1302 1832; x_wconf 88' lang='lat' dir='ltr'><strong>C.</strong></span> <span class='ocrx_word' id='word_1_228' title='bbox 1419 1799 1461 1831; x_wconf 91' lang='lat'><strong>10</strong></span> <span class='ocrx_word' id='word_1_229' title='bbox 1478 1792 1570 1839; x_wconf 83' lang='grc' dir='ltr'><em>α’νή-</em></span> 
     </span>
     <span class='ocr_line' id='line_1_25' title="bbox 202 1840 1569 1893; baseline -0.004 -10"><span class='ocrx_word' id='word_1_230' title='bbox 202 1849 294 1883; x_wconf 63' lang='lat' dir='ltr'><strong>avae</strong></span> <span class='ocrx_word' id='word_1_231' title='bbox 324 1846 441 1891; x_wconf 84' lang='lat' dir='ltr'><strong>vulgo.</strong></span> <span class='ocrx_word' id='word_1_232' title='bbox 624 1845 771 1893; x_wconf 81' lang='grc' dir='ltr'><em>πλούτῳ</em></span> <span class='ocrx_word' id='word_1_233' title='bbox 802 1844 842 1881; x_wconf 74' lang='grc' dir='ltr'><em>δὲ</em></span> <span class='ocrx_word' id='word_1_234' title='bbox 873 1845 936 1881; x_wconf 54' lang='grc' dir='ltr'><strong>τι]</strong></span> <span class='ocrx_word' id='word_1_235' title='bbox 1119 1847 1160 1880; x_wconf 91' lang='grc'><strong>11</strong></span> <span class='ocrx_word' id='word_1_236' title='bbox 1185 1844 1263 1889; x_wconf 88' lang='lat' dir='ltr'><strong>lego</strong></span> <span class='ocrx_word' id='word_1_237' title='bbox 1288 1840 1487 1884; x_wconf 78' lang='grc' dir='ltr'><em>διασώζων.</em></span> <span class='ocrx_word' id='word_1_238' title='bbox 1522 1844 1569 1877; x_wconf 80' lang='lat' dir='ltr'><strong>F.</strong></span> 
     </span>
     <span class='ocr_line' id='line_1_26' title="bbox 203 1887 1572 1937; baseline -0.005 -9"><span class='ocrx_word' id='word_1_239' title='bbox 203 1895 247 1928; x_wconf 79' lang='lat'><strong>12</strong></span> <span class='ocrx_word' id='word_1_240' title='bbox 278 1893 447 1937; x_wconf 67' lang='grc' dir='ltr'><em>τροφῆςὶ)</em></span> <span class='ocrx_word' id='word_1_241' title='bbox 599 1890 870 1936; x_wconf 80' lang='grc' dir='ltr'><em>μεμετριμένοις</em></span> <span class='ocrx_word' id='word_1_242' title='bbox 900 1892 944 1926; x_wconf 86' lang='lat' dir='ltr'><strong>C.</strong></span> <span class='ocrx_word' id='word_1_243' title='bbox 1106 1892 1149 1925; x_wconf 81' lang='lat'><strong>14</strong></span> <span class='ocrx_word' id='word_1_244' title='bbox 1178 1891 1271 1924; x_wconf 82' lang='lat' dir='ltr'><strong>forte</strong></span> <span class='ocrx_word' id='word_1_245' title='bbox 1293 1889 1475 1934; x_wconf 83' lang='lat' dir='ltr'><strong>legendum</strong></span> <span class='ocrx_word' id='word_1_246' title='bbox 1497 1887 1572 1922; x_wconf 85' lang='grc' dir='ltr'><em>διέ-</em></span> 
     </span>
     <span class='ocr_line' id='line_1_27' title="bbox 203 1933 1570 1983; baseline -0.004 -10"><span class='ocrx_word' id='word_1_247' title='bbox 203 1950 298 1982; x_wconf 73' lang='grc' dir='ltr'><em>νεμε.</em></span> <span class='ocrx_word' id='word_1_248' title='bbox 322 1940 366 1974; x_wconf 78' lang='lat' dir='ltr'><strong>F.</strong></span> <span class='ocrx_word' id='word_1_249' title='bbox 505 1936 691 1981; x_wconf 82' lang='grc' dir='ltr'><em>δαιμόνων</em></span> <span class='ocrx_word' id='word_1_250' title='bbox 712 1938 830 1983; x_wconf 77' lang='lat' dir='ltr'><strong>vulgo.</strong></span> <span class='ocrx_word' id='word_1_251' title='bbox 970 1937 1013 1973; x_wconf 87' lang='lat'><strong>15</strong></span> <span class='ocrx_word' id='word_1_252' title='bbox 1040 1934 1212 1979; x_wconf 76' lang='grc' dir='ltr'><em>ἐτρέφετο</em></span> <span class='ocrx_word' id='word_1_253' title='bbox 1231 1937 1285 1979; x_wconf 79' lang='lat' dir='ltr'><strong>F,</strong></span> <span class='ocrx_word' id='word_1_254' title='bbox 1310 1933 1502 1978; x_wconf 80' lang='grc' dir='ltr'><em>ἐστρέφετο</em></span> <span class='ocrx_word' id='word_1_255' title='bbox 1526 1935 1570 1968; x_wconf 85' lang='lat' dir='ltr'><strong>C.</strong></span> 
     </span>
     <span class='ocr_line' id='line_1_28' title="bbox 202 1981 1626 2029; baseline -0.003 -11"><span class='ocrx_word' id='word_1_256' title='bbox 202 1981 313 2027; x_wconf 81' lang='grc' dir='ltr'><em>σεμνὴ</em></span> <span class='ocrx_word' id='word_1_257' title='bbox 336 1985 380 2018; x_wconf 86' lang='lat' dir='ltr'><strong>C.</strong></span> <span class='ocrx_word' id='word_1_258' title='bbox 519 1985 560 2018; x_wconf 87' lang='lat'><strong>16</strong></span> <span class='ocrx_word' id='word_1_259' title='bbox 583 1991 663 2029; x_wconf 90' lang='lat' dir='ltr'><strong>post</strong></span> <span class='ocrx_word' id='word_1_260' title='bbox 683 1982 801 2027; x_wconf 86' lang='grc' dir='ltr'><em>μόνου</em></span> <span class='ocrx_word' id='word_1_261' title='bbox 826 1982 983 2027; x_wconf 84' lang='lat' dir='ltr'><strong>sequitur</strong></span> <span class='ocrx_word' id='word_1_262' title='bbox 1006 1982 1151 2027; x_wconf 79' lang='lat' dir='ltr'><strong>pagina,</strong></span> <span class='ocrx_word' id='word_1_263' title='bbox 1178 1993 1279 2025; x_wconf 89' lang='lat' dir='ltr'><strong>quam</strong></span> <span class='ocrx_word' id='word_1_264' title='bbox 1302 1981 1420 2025; x_wconf 84' lang='lat' dir='ltr'><strong>legere</strong></span> <span class='ocrx_word' id='word_1_265' title='bbox 1440 1982 1573 2015; x_wconf 87' lang='lat' dir='ltr'><strong>frustra</strong></span> <span class='ocrx_word' id='word_1_266' title='bbox 1623 1992 1626 1996; x_wconf 89' lang='lat'>·</span> 
     </span>
    </p>
   </div>
   <div class='ocr_carea' id='block_1_4' title="bbox 203 2023 1570 2119">
    <p class='ocr_par' dir='ltr' id='par_1_10' title="bbox 203 2023 1570 2119">
     <span class='ocr_line' id='line_1_29' title="bbox 203 2023 1570 2074; baseline -0.001 -11"><span class='ocrx_word' id='word_1_267' title='bbox 203 2036 346 2064; x_wconf 85' lang='lat' dir='ltr'><strong>conatus</strong></span> <span class='ocrx_word' id='word_1_268' title='bbox 367 2041 454 2065; x_wconf 90' lang='lat' dir='ltr'><strong>sum.</strong></span> <span class='ocrx_word' id='word_1_269' title='bbox 491 2029 577 2062; x_wconf 87' lang='lat' dir='ltr'><strong>nihil</strong></span> <span class='ocrx_word' id='word_1_270' title='bbox 596 2036 779 2074; x_wconf 86' lang='lat' dir='ltr'><strong>praeterea.</strong></span> <span class='ocrx_word' id='word_1_271' title='bbox 799 2028 1018 2063; x_wconf 83' lang='lat' dir='ltr'><strong>desideratur</strong></span> <span class='ocrx_word' id='word_1_272' title='bbox 1036 2034 1115 2061; x_wconf 85' lang='lat' dir='ltr'><strong>ante</strong></span> <span class='ocrx_word' id='word_1_273' title='bbox 1138 2026 1201 2061; x_wconf 83' lang='grc' dir='ltr'><em>καὶ</em></span> <span class='ocrx_word' id='word_1_274' title='bbox 1223 2023 1500 2071; x_wconf 82' lang='grc' dir='ltr'><em>δολουράπτειν.</em></span> <span class='ocrx_word' id='word_1_275' title='bbox 1524 2027 1570 2061; x_wconf 88' lang='lat' dir='ltr'><strong>F.</strong></span> 
     </span>
     <span class='ocr_line' id='line_1_30' title="bbox 205 2073 1132 2119; baseline -0.002 -10"><span class='ocrx_word' id='word_1_276' title='bbox 205 2075 256 2110; x_wconf 81' lang='lat' dir='ltr'><strong>ita</strong></span> <span class='ocrx_word' id='word_1_277' title='bbox 281 2075 372 2110; x_wconf 88' lang='lat' dir='ltr'><strong>enim</strong></span> <span class='ocrx_word' id='word_1_278' title='bbox 393 2074 496 2119; x_wconf 82' lang='lat' dir='ltr'><strong>vulgo</strong></span> <span class='ocrx_word' id='word_1_279' title='bbox 518 2075 711 2118; x_wconf 81' lang='lat' dir='ltr'><strong>legebatur.</strong></span> <span class='ocrx_word' id='word_1_280' title='bbox 852 2076 894 2110; x_wconf 89' lang='grc'><strong>18</strong></span> <span class='ocrx_word' id='word_1_281' title='bbox 919 2073 1065 2117; x_wconf 79' lang='grc' dir='ltr'><em>οἴμοζεν</em></span> <span class='ocrx_word' id='word_1_282' title='bbox 1088 2074 1132 2107; x_wconf 87' lang='lat' dir='ltr'><strong>C.</strong></span> 
     </span>
    </p>
   </div>
   <div class='ocr_carea' id='block_1_5' title="bbox 115 2163 1577 2902">
    <p class='ocr_par' dir='ltr' id='par_1_11' title="bbox 115 2163 1573 2257">
     <span class='ocr_line' id='line_1_31' title="bbox 115 2163 1573 2212; baseline -0.001 -12"><span class='ocrx_word' id='word_1_283' title='bbox 115 2166 272 2211; x_wconf 81' lang='lat' dir='ltr'><strong>exstitit,</strong></span> <span class='ocrx_word' id='word_1_284' title='bbox 315 2166 416 2212; x_wconf 82' lang='lat' dir='ltr'>quasi</span> <span class='ocrx_word' id='word_1_285' title='bbox 450 2178 493 2200; x_wconf 87' lang='lat' dir='ltr'><strong>ex</strong></span> <span class='ocrx_word' id='word_1_286' title='bbox 523 2165 663 2201; x_wconf 85' lang='lat' dir='ltr'><strong>informi</strong></span> <span class='ocrx_word' id='word_1_287' title='bbox 693 2166 782 2201; x_wconf 90' lang='lat' dir='ltr'><strong>mole</strong></span> <span class='ocrx_word' id='word_1_288' title='bbox 810 2177 925 2201; x_wconf 87' lang='lat' dir='ltr'><strong>rerum</strong></span> <span class='ocrx_word' id='word_1_289' title='bbox 956 2165 1082 2211; x_wconf 82' lang='lat' dir='ltr'><strong>opifice</strong></span> <span class='ocrx_word' id='word_1_290' title='bbox 1113 2164 1258 2209; x_wconf 77' lang='lat' dir='ltr'><strong>iterum,</strong></span> <span class='ocrx_word' id='word_1_291' title='bbox 1291 2163 1573 2210; x_wconf 82' lang='lat' dir='ltr'><strong>quemadmodum</strong></span> 
     </span>
     <span class='ocr_line' id='line_1_32' title="bbox 115 2211 1284 2257; baseline -0.002 -11"><span class='ocrx_word' id='word_1_292' title='bbox 115 2211 218 2255; x_wconf 89' lang='lat' dir='ltr'><strong>olim,</strong></span> <span class='ocrx_word' id='word_1_293' title='bbox 245 2218 368 2246; x_wconf 85' lang='lat' dir='ltr'><strong>cuncta</strong></span> <span class='ocrx_word' id='word_1_294' title='bbox 391 2212 428 2245; x_wconf 91' lang='lat' dir='ltr'><strong>in</strong></span> <span class='ocrx_word' id='word_1_295' title='bbox 451 2212 560 2245; x_wconf 89' lang='lat' dir='ltr'><strong>lucem</strong></span> <span class='ocrx_word' id='word_1_296' title='bbox 587 2211 660 2246; x_wconf 87' lang='lat' dir='ltr'><strong>sola</strong></span> <span class='ocrx_word' id='word_1_297' title='bbox 682 2213 869 2247; x_wconf 67' lang='lat' dir='ltr'><strong>voluntatis</strong></span> <span class='ocrx_word' id='word_1_298' title='bbox 888 2217 1063 2257; x_wconf 79' lang='lat' dir='ltr'><strong>potestate</strong></span> <span class='ocrx_word' id='word_1_299' title='bbox 1080 2218 1284 2245; x_wconf 84' lang='lat' dir='ltr'><strong>revocante.</strong></span> 
     </span>
    </p>

    <p class='ocr_par' dir='ltr' id='par_1_12' title="bbox 115 2256 1577 2763">
     <span class='ocr_line' id='line_1_33' title="bbox 207 2256 1572 2303; baseline -0.002 -11"><span class='ocrx_word' id='word_1_300' title='bbox 207 2257 264 2292; x_wconf 77' lang='lat'><strong>72.</strong></span> <span class='ocrx_word' id='word_1_301' title='bbox 311 2258 413 2291; x_wconf 85' lang='lat' dir='ltr'><strong>Finis</strong></span> <span class='ocrx_word' id='word_1_302' title='bbox 442 2258 550 2302; x_wconf 88' lang='lat' dir='ltr'><strong>igitur</strong></span> <span class='ocrx_word' id='word_1_303' title='bbox 578 2258 634 2292; x_wconf 91' lang='lat' dir='ltr'><strong>hic</strong></span> <span class='ocrx_word' id='word_1_304' title='bbox 655 2259 786 2303; x_wconf 84' lang='lat' dir='ltr'><strong>primae</strong></span> <span class='ocrx_word' id='word_1_305' title='bbox 813 2257 1024 2292; x_wconf 87' lang='lat' dir='ltr'><strong>latrocinalis</strong></span> <span class='ocrx_word' id='word_1_306' title='bbox 1047 2257 1196 2302; x_wconf 90' lang='lat' dir='ltr'><strong>improbi</strong></span> <span class='ocrx_word' id='word_1_307' title='bbox 1220 2256 1441 2302; x_wconf 87' lang='lat' dir='ltr'><strong>Cappadocis</strong></span> <span class='ocrx_word' id='word_1_308' title='bbox 1468 2267 1572 2300; x_wconf 89' lang='lat' dir='ltr'><strong>prae-</strong></span> 
     </span>
     <span class='ocr_line' id='line_1_34' title="bbox 115 2302 1574 2349; baseline -0.001 -12"><span class='ocrx_word' id='word_1_309' title='bbox 115 2303 285 2337; x_wconf 83' lang='lat' dir='ltr'><strong>fecturae.</strong></span> <span class='ocrx_word' id='word_1_310' title='bbox 332 2315 450 2348; x_wconf 89' lang='lat' dir='ltr'><strong>parem</strong></span> <span class='ocrx_word' id='word_1_311' title='bbox 489 2309 602 2338; x_wconf 87' lang='lat' dir='ltr'><strong>autem</strong></span> <span class='ocrx_word' id='word_1_312' title='bbox 643 2306 729 2338; x_wconf 86' lang='lat' dir='ltr'><strong>deus</strong></span> <span class='ocrx_word' id='word_1_313' title='bbox 763 2303 978 2349; x_wconf 84' lang='lat' dir='ltr'><strong>improbitati</strong></span> <span class='ocrx_word' id='word_1_314' title='bbox 1007 2302 1285 2337; x_wconf 81' lang='lat' dir='ltr'><strong>benevolentiam</strong></span> <span class='ocrx_word' id='word_1_315' title='bbox 1321 2302 1574 2336; x_wconf 78' lang='lat' dir='ltr'><strong>calamitatibus</strong></span> 
     </span>
     <span class='ocr_line' id='line_1_35' title="bbox 115 2347 1574 2395; baseline -0.001 -12"><span class='ocrx_word' id='word_1_316' title='bbox 115 2348 302 2383; x_wconf 82' lang='lat' dir='ltr'><strong>concessit.</strong></span> <span class='ocrx_word' id='word_1_317' title='bbox 350 2349 485 2383; x_wconf 85' lang='lat' dir='ltr'><strong>Phocas</strong></span> <span class='ocrx_word' id='word_1_318' title='bbox 509 2349 576 2384; x_wconf 87' lang='lat' dir='ltr'><strong>fuit</strong></span> <span class='ocrx_word' id='word_1_319' title='bbox 596 2350 652 2384; x_wconf 75' lang='lat' dir='ltr'><strong>vir</strong></span> <span class='ocrx_word' id='word_1_320' title='bbox 673 2350 781 2384; x_wconf 89' lang='lat' dir='ltr'><strong>nobili</strong></span> <span class='ocrx_word' id='word_1_321' title='bbox 798 2362 948 2395; x_wconf 83' lang='lat' dir='ltr'><strong>genere,</strong></span> <span class='ocrx_word' id='word_1_322' title='bbox 972 2349 1083 2383; x_wconf 85' lang='lat' dir='ltr'><strong>Salvii</strong></span> <span class='ocrx_word' id='word_1_323' title='bbox 1102 2349 1281 2383; x_wconf 85' lang='lat' dir='ltr'><strong>iustissimi</strong></span> <span class='ocrx_word' id='word_1_324' title='bbox 1301 2360 1410 2392; x_wconf 91' lang='lat' dir='ltr'><strong>nepos</strong></span> <span class='ocrx_word' id='word_1_325' title='bbox 1431 2353 1467 2381; x_wconf 88' lang='lat' dir='ltr'><strong>et</strong></span> <span class='ocrx_word' id='word_1_326' title='bbox 1485 2347 1574 2381; x_wconf 89' lang='lat' dir='ltr'><strong>Cra-</strong></span> 
     </span>
     <span class='ocr_line' id='line_1_36' title="bbox 115 2393 1575 2441; baseline -0.002 -12"><span class='ocrx_word' id='word_1_327' title='bbox 115 2394 186 2429; x_wconf 83' lang='lat' dir='ltr'><strong>teri</strong></span> <span class='ocrx_word' id='word_1_328' title='bbox 215 2394 317 2439; x_wconf 87' lang='lat' dir='ltr'><strong>longe</strong></span> <span class='ocrx_word' id='word_1_329' title='bbox 350 2395 497 2440; x_wconf 86' lang='lat' dir='ltr'><strong>piissimi</strong></span> <span class='ocrx_word' id='word_1_330' title='bbox 529 2395 641 2440; x_wconf 87' lang='lat' dir='ltr'><strong>filius,</strong></span> <span class='ocrx_word' id='word_1_331' title='bbox 675 2396 735 2441; x_wconf 91' lang='lat' dir='ltr'><strong>qui</strong></span> <span class='ocrx_word' id='word_1_332' title='bbox 769 2408 843 2430; x_wconf 88' lang='lat' dir='ltr'><strong>cum</strong></span> <span class='ocrx_word' id='word_1_333' title='bbox 876 2396 987 2441; x_wconf 90' lang='lat' dir='ltr'><strong>primo</strong></span> <span class='ocrx_word' id='word_1_334' title='bbox 1017 2395 1109 2429; x_wconf 88' lang='lat' dir='ltr'><strong>inter</strong></span> <span class='ocrx_word' id='word_1_335' title='bbox 1131 2406 1218 2439; x_wconf 86' lang='lat' dir='ltr'><strong>quos</strong></span> <span class='ocrx_word' id='word_1_336' title='bbox 1242 2393 1454 2428; x_wconf 83' lang='lat' dir='ltr'><strong>silentiarios</strong></span> <span class='ocrx_word' id='word_1_337' title='bbox 1476 2393 1575 2426; x_wconf 89' lang='lat' dir='ltr'><strong>aulae</strong></span> 
     </span>
     <span class='ocr_line' id='line_1_37' title="bbox 115 2439 1573 2486; baseline -0.001 -12"><span class='ocrx_word' id='word_1_338' title='bbox 115 2445 242 2474; x_wconf 73' lang='lat' dir='ltr'><strong>vocant</strong></span> <span class='ocrx_word' id='word_1_339' title='bbox 264 2442 484 2485; x_wconf 87' lang='lat' dir='ltr'><strong>eminuisset,</strong></span> <span class='ocrx_word' id='word_1_340' title='bbox 507 2442 746 2486; x_wconf 82' lang='lat' dir='ltr'><strong>magnitudine</strong></span> <span class='ocrx_word' id='word_1_341' title='bbox 764 2442 866 2476; x_wconf 91' lang='lat' dir='ltr'><strong>animi</strong></span> <span class='ocrx_word' id='word_1_342' title='bbox 893 2447 929 2475; x_wconf 86' lang='lat' dir='ltr'><strong>et</strong></span> <span class='ocrx_word' id='word_1_343' title='bbox 951 2443 1116 2476; x_wconf 89' lang='lat' dir='ltr'><strong>donorum</strong></span> <span class='ocrx_word' id='word_1_344' title='bbox 1139 2441 1304 2474; x_wconf 86' lang='lat' dir='ltr'><strong>immensa</strong></span> <span class='ocrx_word' id='word_1_345' title='bbox 1327 2439 1446 2485; x_wconf 90' lang='lat' dir='ltr'><strong>copia,</strong></span> <span class='ocrx_word' id='word_1_346' title='bbox 1471 2444 1573 2483; x_wconf 86' lang='lat' dir='ltr'><strong>quot-</strong></span> 
     </span>
     <span class='ocr_line' id='line_1_38' title="bbox 117 2484 1576 2533; baseline -0.001 -13"><span class='ocrx_word' id='word_1_347' title='bbox 117 2493 203 2530; x_wconf 85' lang='lat' dir='ltr'><strong>quot</strong></span> <span class='ocrx_word' id='word_1_348' title='bbox 233 2498 380 2531; x_wconf 86' lang='lat' dir='ltr'><strong>unquam</strong></span> <span class='ocrx_word' id='word_1_349' title='bbox 415 2489 532 2531; x_wconf 87' lang='lat' dir='ltr'><strong>fuere,</strong></span> <span class='ocrx_word' id='word_1_350' title='bbox 570 2489 735 2533; x_wconf 84' lang='lat' dir='ltr'><strong>vincens,</strong></span> <span class='ocrx_word' id='word_1_351' title='bbox 775 2489 818 2522; x_wconf 86' lang='lat' dir='ltr'><strong>ad</strong></span> <span class='ocrx_word' id='word_1_352' title='bbox 850 2494 967 2533; x_wconf 89' lang='lat' dir='ltr'><strong>patres</strong></span> <span class='ocrx_word' id='word_1_353' title='bbox 998 2486 1135 2531; x_wconf 85' lang='lat' dir='ltr'><strong>imperii</strong></span> <span class='ocrx_word' id='word_1_354' title='bbox 1164 2498 1226 2531; x_wconf 87' lang='lat' dir='ltr'><strong>pro</strong></span> <span class='ocrx_word' id='word_1_355' title='bbox 1254 2486 1377 2519; x_wconf 85' lang='lat' dir='ltr'><strong>merito</strong></span> <span class='ocrx_word' id='word_1_356' title='bbox 1400 2484 1576 2529; x_wconf 87' lang='lat' dir='ltr'><strong>pervenit,</strong></span> 
     </span>
     <span class='ocr_line' id='line_1_39' title="bbox 118 2530 1577 2579; baseline -0.001 -14"><span class='ocrx_word' id='word_1_357' title='bbox 118 2533 241 2576; x_wconf 78' lang='lat' dir='ltr'><strong>opibus</strong></span> <span class='ocrx_word' id='word_1_358' title='bbox 263 2533 481 2578; x_wconf 82' lang='lat' dir='ltr'><strong>splendidus,</strong></span> <span class='ocrx_word' id='word_1_359' title='bbox 505 2542 718 2579; x_wconf 84' lang='lat' dir='ltr'><strong>egentesque</strong></span> <span class='ocrx_word' id='word_1_360' title='bbox 743 2534 887 2577; x_wconf 82' lang='lat' dir='ltr'><strong>iuvans,</strong></span> <span class='ocrx_word' id='word_1_361' title='bbox 913 2533 982 2567; x_wconf 89' lang='lat' dir='ltr'><strong>sibi</strong></span> <span class='ocrx_word' id='word_1_362' title='bbox 1005 2533 1065 2566; x_wconf 89' lang='lat' dir='ltr'><strong>uni</strong></span> <span class='ocrx_word' id='word_1_363' title='bbox 1089 2531 1332 2577; x_wconf 84' lang='lat' dir='ltr'><strong>parsimoniam</strong></span> <span class='ocrx_word' id='word_1_364' title='bbox 1357 2542 1521 2565; x_wconf 82' lang='lat' dir='ltr'><strong>servans:</strong></span> <span class='ocrx_word' id='word_1_365' title='bbox 1545 2530 1577 2564; x_wconf 90' lang='lat' dir='ltr'><strong>is</strong></span> 
     </span>
     <span class='ocr_line' id='line_1_40' title="bbox 120 2576 1575 2623; baseline -0.001 -13"><span class='ocrx_word' id='word_1_366' title='bbox 120 2577 211 2611; x_wconf 87' lang='lat' dir='ltr'><strong>enim</strong></span> <span class='ocrx_word' id='word_1_367' title='bbox 239 2578 350 2613; x_wconf 82' lang='lat' dir='ltr'><strong>victus</strong></span> <span class='ocrx_word' id='word_1_368' title='bbox 374 2579 442 2623; x_wconf 84' lang='lat' dir='ltr'><strong>illi,</strong></span> <span class='ocrx_word' id='word_1_369' title='bbox 476 2591 516 2614; x_wconf 87' lang='lat' dir='ltr'><strong>ea</strong></span> <span class='ocrx_word' id='word_1_370' title='bbox 546 2580 703 2615; x_wconf 84' lang='lat' dir='ltr'><strong>luxuriae</strong></span> <span class='ocrx_word' id='word_1_371' title='bbox 725 2579 937 2614; x_wconf 86' lang='lat' dir='ltr'><strong>abstinentia</strong></span> <span class='ocrx_word' id='word_1_372' title='bbox 960 2585 1055 2623; x_wconf 82' lang='lat' dir='ltr'><strong>erat,</strong></span> <span class='ocrx_word' id='word_1_373' title='bbox 1091 2590 1191 2623; x_wconf 87' lang='lat' dir='ltr'><strong>quam</strong></span> <span class='ocrx_word' id='word_1_374' title='bbox 1213 2577 1269 2611; x_wconf 86' lang='lat' dir='ltr'><strong>vel</strong></span> <span class='ocrx_word' id='word_1_375' title='bbox 1293 2577 1495 2622; x_wconf 84' lang='lat' dir='ltr'><strong>parcissime</strong></span> <span class='ocrx_word' id='word_1_376' title='bbox 1519 2576 1575 2609; x_wconf 82' lang='lat' dir='ltr'><strong>vi·-</strong></span> 
     </span>
     <span class='ocr_line' id='line_1_41' title="bbox 120 2621 1576 2670; baseline 0 -14"><span class='ocrx_word' id='word_1_377' title='bbox 120 2628 243 2657; x_wconf 75' lang='lat' dir='ltr'><strong>ventes</strong></span> <span class='ocrx_word' id='word_1_378' title='bbox 275 2624 378 2658; x_wconf 84' lang='lat' dir='ltr'><strong>vilem</strong></span> <span class='ocrx_word' id='word_1_379' title='bbox 413 2631 589 2670; x_wconf 80' lang='lat' dir='ltr'><strong>putarent.</strong></span> <span class='ocrx_word' id='word_1_380' title='bbox 639 2631 675 2660; x_wconf 87' lang='lat' dir='ltr'><strong>et</strong></span> <span class='ocrx_word' id='word_1_381' title='bbox 713 2626 902 2660; x_wconf 88' lang='lat' dir='ltr'><strong>abundanti</strong></span> <span class='ocrx_word' id='word_1_382' title='bbox 942 2625 1079 2670; x_wconf 89' lang='lat' dir='ltr'><strong>quidem</strong></span> <span class='ocrx_word' id='word_1_383' title='bbox 1119 2625 1259 2658; x_wconf 84' lang='lat' dir='ltr'><strong>fortuna</strong></span> <span class='ocrx_word' id='word_1_384' title='bbox 1289 2623 1425 2668; x_wconf 85' lang='lat' dir='ltr'><strong>dignam</strong></span> <span class='ocrx_word' id='word_1_385' title='bbox 1457 2621 1576 2656; x_wconf 86' lang='lat' dir='ltr'><strong>amicis</strong></span> 
     </span>
     <span class='ocr_line' id='line_1_42' title="bbox 119 2668 1576 2717; baseline 0.001 -16"><span class='ocrx_word' id='word_1_386' title='bbox 119 2680 269 2702; x_wconf 78' lang='lat' dir='ltr'><strong>mensam</strong></span> <span class='ocrx_word' id='word_1_387' title='bbox 294 2671 503 2714; x_wconf 78' lang='lat' dir='ltr'><strong>adornabat3</strong></span> <span class='ocrx_word' id='word_1_388' title='bbox 539 2673 616 2717; x_wconf 86' lang='lat' dir='ltr'><strong>ipse</strong></span> <span class='ocrx_word' id='word_1_389' title='bbox 646 2677 759 2706; x_wconf 88' lang='lat' dir='ltr'><strong>autem</strong></span> <span class='ocrx_word' id='word_1_390' title='bbox 787 2671 869 2705; x_wconf 87' lang='lat' dir='ltr'><strong>solis</strong></span> <span class='ocrx_word' id='word_1_391' title='bbox 897 2671 1119 2705; x_wconf 86' lang='lat' dir='ltr'><strong>convivarum</strong></span> <span class='ocrx_word' id='word_1_392' title='bbox 1144 2669 1434 2704; x_wconf 88' lang='lat' dir='ltr'><strong>oblectationibus</strong></span> <span class='ocrx_word' id='word_1_393' title='bbox 1457 2668 1576 2702; x_wconf 82' lang='lat' dir='ltr'><strong>aleba—</strong></span> 
     </span>
     <span class='ocr_line' id='line_1_43' title="bbox 120 2715 1374 2763; baseline 0.002 -16"><span class='ocrx_word' id='word_1_394' title='bbox 120 2720 196 2759; x_wconf 85' lang='lat' dir='ltr'><strong>tur,</strong></span> <span class='ocrx_word' id='word_1_395' title='bbox 221 2715 422 2759; x_wconf 83' lang='lat' dir='ltr'><strong>splendidus</strong></span> <span class='ocrx_word' id='word_1_396' title='bbox 445 2722 482 2751; x_wconf 83' lang='lat' dir='ltr'><strong>et</strong></span> <span class='ocrx_word' id='word_1_397' title='bbox 502 2718 657 2763; x_wconf 86' lang='lat' dir='ltr'><strong>pulchri,</strong></span> <span class='ocrx_word' id='word_1_398' title='bbox 683 2724 720 2752; x_wconf 83' lang='lat' dir='ltr'><strong>at</strong></span> <span class='ocrx_word' id='word_1_399' title='bbox 743 2730 809 2752; x_wconf 90' lang='lat' dir='ltr'><strong>non</strong></span> <span class='ocrx_word' id='word_1_400' title='bbox 834 2717 905 2751; x_wconf 78' lang='lat' dir='ltr'><strong>suci</strong></span> <span class='ocrx_word' id='word_1_401' title='bbox 927 2729 1061 2760; x_wconf 86' lang='lat' dir='ltr'><strong>amans,</strong></span> <span class='ocrx_word' id='word_1_402' title='bbox 1087 2728 1130 2750; x_wconf 92' lang='lat' dir='ltr'><strong>ex</strong></span> <span class='ocrx_word' id='word_1_403' title='bbox 1155 2728 1193 2750; x_wconf 87' lang='lat' dir='ltr'><strong>se</strong></span> <span class='ocrx_word' id='word_1_404' title='bbox 1215 2716 1288 2749; x_wconf 90' lang='lat' dir='ltr'><strong>solo</strong></span> <span class='ocrx_word' id='word_1_405' title='bbox 1315 2739 1325 2750; x_wconf 89' lang='lat'><strong>.</strong></span> <span class='ocrx_word' id='word_1_406' title='bbox 1339 2740 1349 2750; x_wconf 94' lang='lat'><strong>.</strong></span> <span class='ocrx_word' id='word_1_407' title='bbox 1365 2740 1374 2749; x_wconf 90' lang='lat'><strong>.</strong></span> 
     </span>
    </p>

    <p class='ocr_par' dir='ltr' id='par_1_13' title="bbox 118 2759 1575 2902">
     <span class='ocr_line' id='line_1_44' title="bbox 210 2759 1575 2808; baseline -0.001 -13"><span class='ocrx_word' id='word_1_408' title='bbox 210 2762 268 2796; x_wconf 88' lang='grc'><strong>73.</strong></span> <span class='ocrx_word' id='word_1_409' title='bbox 319 2786 376 2796; x_wconf 88' lang='grc'><strong>...</strong></span> <span class='ocrx_word' id='word_1_410' title='bbox 402 2767 437 2796; x_wconf 85' lang='lat' dir='ltr'><strong>et</strong></span> <span class='ocrx_word' id='word_1_411' title='bbox 468 2764 564 2798; x_wconf 85' lang='lat' dir='ltr'><strong>dolos</strong></span> <span class='ocrx_word' id='word_1_412' title='bbox 594 2776 716 2799; x_wconf 86' lang='lat' dir='ltr'><strong>suere:</strong></span> <span class='ocrx_word' id='word_1_413' title='bbox 754 2775 880 2808; x_wconf 79' lang='lat' dir='ltr'><strong>rogare</strong></span> <span class='ocrx_word' id='word_1_414' title='bbox 915 2763 1053 2808; x_wconf 88' lang='lat' dir='ltr'><strong>quidem</strong></span> <span class='ocrx_word' id='word_1_415' title='bbox 1084 2763 1332 2806; x_wconf 85' lang='lat' dir='ltr'><strong>erubescebat,</strong></span> <span class='ocrx_word' id='word_1_416' title='bbox 1367 2759 1575 2795; x_wconf 81' lang='lat' dir='ltr'><strong>necessariis</strong></span> 
     </span>
     <span class='ocr_line' id='line_1_45' title="bbox 119 2807 1573 2854; baseline 0 -15"><span class='ocrx_word' id='word_1_417' title='bbox 119 2817 248 2850; x_wconf 82' lang='lat' dir='ltr'><strong>egens,</strong></span> <span class='ocrx_word' id='word_1_418' title='bbox 278 2807 530 2851; x_wconf 79' lang='lat' dir='ltr'><strong>ingemiscebat</strong></span> <span class='ocrx_word' id='word_1_419' title='bbox 558 2817 689 2854; x_wconf 82' lang='lat' dir='ltr'><strong>autem,</strong></span> <span class='ocrx_word' id='word_1_420' title='bbox 723 2815 759 2844; x_wconf 87' lang='lat' dir='ltr'><strong>et</strong></span> <span class='ocrx_word' id='word_1_421' title='bbox 790 2810 898 2844; x_wconf 90' lang='lat' dir='ltr'><strong>oculis</strong></span> <span class='ocrx_word' id='word_1_422' title='bbox 927 2811 1014 2843; x_wconf 88' lang='lat' dir='ltr'><strong>fletu</strong></span> <span class='ocrx_word' id='word_1_423' title='bbox 1046 2808 1202 2854; x_wconf 71' lang='lat' dir='ltr'><strong>gravatis</strong></span> <span class='ocrx_word' id='word_1_424' title='bbox 1226 2808 1284 2841; x_wconf 89' lang='lat' dir='ltr'><strong>vel</strong></span> <span class='ocrx_word' id='word_1_425' title='bbox 1307 2819 1449 2853; x_wconf 84' lang='lat' dir='ltr'><strong>prorsus</strong></span> <span class='ocrx_word' id='word_1_426' title='bbox 1472 2807 1573 2851; x_wconf 41' lang='lat' dir='ltr'><strong>igno*</strong></span> 
     </span>
     <span class='ocr_line' id='line_1_46' title="bbox 118 2852 1575 2902; baseline 0.001 -17"><span class='ocrx_word' id='word_1_427' title='bbox 118 2852 276 2887; x_wconf 76' lang='lat' dir='ltr'><strong>rantibus</strong></span> <span class='ocrx_word' id='word_1_428' title='bbox 302 2853 414 2899; x_wconf 80' lang='lat' dir='ltr'><strong>ipsum</strong></span> <span class='ocrx_word' id='word_1_429' title='bbox 446 2855 630 2892; x_wconf 73' lang='lat' dir='ltr'><strong>manifeste</strong></span> <span class='ocrx_word' id='word_1_430' title='bbox 655 2856 832 2892; x_wconf 76' lang='lat' dir='ltr'><strong>tristitiam</strong></span> <span class='ocrx_word' id='word_1_431' title='bbox 860 2857 1044 2902; x_wconf 81' lang='lat' dir='ltr'><strong>prodebat.</strong></span> <span class='ocrx_word' id='word_1_432' title='bbox 1091 2855 1182 2889; x_wconf 81' lang='lat' dir='ltr'><strong>hunc</strong></span> <span class='ocrx_word' id='word_1_433' title='bbox 1211 2865 1294 2889; x_wconf 87' lang='lat' dir='ltr'><strong>casu</strong></span> <span class='ocrx_word' id='word_1_434' title='bbox 1326 2865 1402 2888; x_wconf 86' lang='lat' dir='ltr'><strong>cum</strong></span> <span class='ocrx_word' id='word_1_435' title='bbox 1428 2852 1575 2888; x_wconf 81' lang='lat' dir='ltr'><strong>vidisset</strong></span> 
     </span>
    </p>
   </div>
  </div>
 </body>
</html>
