1748 3210
367 171 442 215 DE
474 170 921 216 MAGISTRATIBUS
954 171 1000 215 P.
1031 171 1087 215 R.
1121 170 1225 214 LIB.
1257 170 1331 214 111.
1491 171 1587 219 261

130 294 289 343 stupens·
323 289 394 329 νῦν
416 285 481 337 δέ,
513 285 577 329 ὅτε
598 286 691 328 οὐδὲ
710 284 837 341 ὄνομα
855 283 959 329 ξ’στιν
982 284 1106 343 εὖρεῖν
1124 289 1182 344 τῷ
1202 283 1304 327 καθ’
1326 283 1435 341 ἡμᾶς
1449 284 1586 345 χρόνῳ

135 357 284 414 ἄρκοῦν
312 355 506 406 ἐπιδεῖξαι
537 356 610 409 τὴν
632 355 674 397 ἓν
694 354 806 413 αὗτῷ
822 357 1074 413 μοχθηρίαν,
1104 353 1226 398 εἷ’κοσι
1243 358 1410 412 χρυσῶν
1427 353 1584 411 ἔκριναν

134 425 271 475 αὐτοῖς
289 423 564 466 ἀποδίδοσθαι
580 423 652 479 τὴν
666 426 952 482 προβατορίαν.
1000 422 1055 475 ὥς
1073 424 1116 466 δὲ
1131 422 1306 480 ἔγνωσαν
1321 423 1473 479 μηδένα
1489 426 1586 466 τολ-

131 498 237 548 μᾶν,
269 496 426 547 μᾶλλον
449 493 492 535 δὲ
512 492 571 548 μὴ
596 492 698 547 ἔχειν
719 490 913 539 τοσούτου
939 491 1149 550 χρήματος
1172 493 1445 550 προβατορίαν
1467 491 1586 550 πορί-

99 563 297 614 5ζεσθαι,
329 559 455 604 τόπον
483 561 761 620 πραγματικὸν
794 561 950 612 ἑαυτοῖς
981 559 1223 617 ἕξεμῦζησαν
1253 562 1393 616 μηδενὶ
1428 577 1587 617 συγχω-

129 634 278 688 ροῦντα
307 628 556 687 γραμμάτων
575 629 668 673 ἄνευ
687 634 908 690 βασιλικῶν
932 631 994 672 ἐπὶ
1019 631 1232 687 στρατείαν
1250 627 1328 673 ὑπὸ
1354 635 1438 680 τοῖς
1460 627 1586 687 ἐπάρ-

123 715 217 754 χοις
245 701 477 753 διαβαίνειν.
544 698 591 742 τὸ
619 700 662 741 δὲ
692 698 787 742 ὅλον
812 699 913 755 πρὸς
936 699 1096 754 ἀτιμίας
1118 697 1332 756 ἐπράττετο
1351 703 1424 754 τῆς
1445 698 1586 755 ἀρχῆς,

128 772 202 810 τοῦ
230 765 356 822 νόμου
375 765 515 819 δόντος
536 767 736 811 ἀνέκαθεν
757 767 861 825 αὐτῇ
881 767 939 810 δι’
963 769 1116 811 οἰκείων
1134 766 1290 825 ψήφων
1310 766 1380 818 οὓς
1399 765 1448 810 ἂν
1464 768 1586 823 ἐθέλῃ

128 842 214 886 τοῖς
253 835 531 894 ταχυγράφοις
571 841 643 880 τοῢ
687 837 944 893 δικαστηρίου
982 840 1267 893 συναριθμεΐν·
1311 839 1379 878 καὶ
1412 835 1587 884 πολλοὺς

74 912 119 946 10
131 903 252 954 αῧτός
274 906 489 959 ἐπίσταμαι
516 905 595 947 ἀπὸ
625 906 836 955 διαλαλιᾶς
860 905 1250 961 στρατευσαμένους,
1284 901 1588 961 διαπρέψαντάς

127 989 172 1015 τε
193 971 280 1027 ἅμα
301 975 366 1015 καὶ
388 973 461 1027 τὴν
482 971 607 1027 ζώνην
628 973 794 1027 ἐντίμως
819 972 1106 1026 ἀποθεμένους.
1174 974 1241 1014 καὶ
1264 971 1414 1027 ταύτης
1439 972 1491 1027 δὴ
1514 966 1585 1015 οὖν

127 1045 201 1095 τῆς
231 1039 328 1084 ὁδοῦ
355 1041 400 1084 τὸ
430 1041 570 1083 λοιπὸν
592 1039 866 1096 σχολαζούσης
890 1043 944 1091 εἷς
963 1045 1135 1095 παντελῆ
1156 1042 1374 1095 δυστυχίαν
1390 1040 1514 1095 ἤλασε
1533 1039 1585 1082 τὰ

126 1105 200 1163 τῆς
226 1108 396 1160 τάξεως,
425 1109 470 1152 τὸ
494 1109 538 1151 δὲ
556 1113 635 1151 τῶν
654 1110 910 1164 καλουμένων
932 1110 1282 1166 ματρικουλαρίων
1302 1106 1462 1167 ῥιζόθεν
1484 1109 1585 1150 ἀνα-

125 1178 310 1220 σπασθέν
335 1176 462 1220 ὄλωλε
487 1175 730 1235 φρόντισμα.
798 1179 866 1220 καὶ
895 1179 938 1221 τί
968 1178 1089 1233 λέγω,
1130 1177 1262 1220 αὐτῶν
1288 1176 1449 1220 πάντων
1474 1175 1583 1220 καθ’

71 1252 115 1288 15
127 1242 285 1300 ὁμαλοῦ
309 1245 412 1300 μετὰ
437 1244 483 1288 τὸ
510 1249 582 1300 τῆς
610 1245 820 1302 στρατείας
839 1245 966 1303 πέρας
985 1247 1026 1289 ἓν
1048 1246 1196 1305 ἀπορίᾳ
1221 1247 1370 1306 αἲσχρᾷ
1389 1243 1585 1302 ὀδυνηρὸν

123 1313 194 1357 τὸν
226 1314 366 1356 λοιπὸν
392 1318 465 1368 τῆς
495 1316 598 1368 ζωῆς
624 1313 772 1371 χρόνον
801 1312 1142 1372 παρασυρόντωνς
1173 1315 1245 1369 τὴν
1274 1308 1345 1357 οὖν
1370 1314 1583 1371 στρατείαν

123 1381 335 1437 ἀπεθέμην
354 1380 654 1439 τεσσαράκοντα
680 1383 885 1434 ἐνιαυτοὺς
907 1380 1206 1440 προσεδρεῦσας
1227 1384 1295 1425 καὶ
1318 1383 1445 1438 μηδὲν
1470 1381 1583 1439 παρὰ

123 1449 197 1505 τὴν
227 1452 454 1505 ἐπωνυμίαν
485 1455 558 1494 τοῦ
589 1451 858 1509 πληρώματος
880 1450 1206 1507 ἀπενεγκάμενος.
1274 1453 1342 1494 καὶ
1363 1450 1486 1494 καλὸν
1508 1451 1582 1505 μὲν

123 1518 384 1576 ἀναχωρῆσαι
411 1518 457 1562 τὸ
483 1519 623 1562 λοιπὸν
643 1522 764 1574 τῆσδε
785 1525 860 1574 τῆς
879 1521 1128 1578 τραγῳδίας,
1157 1519 1399 1576 ἀποχρώσης
1419 1524 1491 1574 τῆς
1515 1520 1582 1560 ἐκ·

67 1586 282 1641 Ξθβάσεως
305 1589 498 1638 ἐπιδεῖξαι
531 1587 604 1642 τὴν
633 1587 852 1644 ἀλήθειαν·
886 1588 991 1644 πλὴν
1019 1590 1085 1631 καὶ
1118 1587 1243 1643 ἄλλης
1263 1592 1413 1646 χρῆναι
1435 1588 1584 1642 νομίζω

120 1653 362 1713 ἀφηγήσεως
379 1654 589 1711 ἅψασθαι.

257 1723 336 1770 68.
403 1723 546 1780 Νόμος
579 1724 748 1782 ἀρχαῖος
781 1719 831 1779 ἦν
862 1722 994 1768 πάντα
1027 1724 1101 1779 μέν
1123 1723 1174 1768 τὰ
1195 1721 1382 1768 ὁπωσοῦν
1401 1718 1579 1780 πραττό-

120 1809 222 1846 μενα
254 1793 367 1850 παρὰ
393 1799 477 1844 τοῖς
502 1792 690 1850 ἐπάρχοις
699 1826 711 1846 ,
746 1792 852 1849 τάχα
883 1795 928 1836 δὲ
959 1795 1026 1836 καὶ
1055 1799 1144 1844 ταῖς
1164 1792 1306 1845 ἄλλαις
1324 1796 1405 1837 τῶν
1428 1792 1579 1849 ἀρχῶν,

209 1933 231 1968 5
252 1932 485 1979 ἐξεμοίζησαν
508 1937 552 1970 C.
692 1936 735 1970 10
758 1932 899 1975 αὐτοὺς
922 1934 966 1970 C.

120 2068 198 2092 cum
216 2069 260 2092 ne
282 2069 405 2092 nomen
427 2058 567 2102 quidem
585 2062 640 2092 est
660 2057 819 2102 reperire
839 2055 989 2103 tempori
1013 2060 1132 2092 nostro
1154 2067 1219 2103 par
1237 2055 1311 2091 eius
1330 2053 1499 2102 pravitati
1516 2066 1578 2090 ex-

119 2103 340 2149 primendae,
376 2104 503 2149 viginti
525 2104 640 2138 aureis
663 2103 900 2148 probatoriam
923 2104 968 2138 iis
995 2103 1101 2138 vendi
1123 2103 1366 2138 decreverunt.
1414 2113 1490 2136 cum
1514 2112 1576 2136 au-

121 2155 190 2183 tem
212 2148 448 2194 intelligerent
471 2149 639 2184 neminem
663 2150 811 2194 audere,
835 2150 903 2184 imo
928 2149 1097 2184 neminem
1121 2161 1225 2196 posse
1246 2148 1337 2184 tanti
1364 2147 1471 2194 pretii
1495 2159 1578 2192 pro-

120 2194 293 2228 batorium
323 2195 391 2229 sibi
415 2207 560 2240 parare,
597 2196 841 2239 pragmaticam
866 2197 1010 2230 formam
1042 2195 1111 2231 sibi
1137 2202 1315 2230 extorsere
1342 2193 1470 2228 nemini
1492 2204 1575 2238 per-

121 2239 312 2274 mittentem
335 2240 412 2275 sine
429 2241 541 2276 literis
562 2238 794 2286 imperatoriis
813 2243 857 2276 ad
876 2242 1033 2276 militiam
1052 2241 1240 2286 praefectis
1261 2239 1453 2276 subiectam
1475 2251 1576 2273 acce-

120 2286 218 2319 dere.
264 2291 374 2320 totum
396 2298 482 2322 vero
509 2287 546 2320 in
567 2292 798 2331 contemptum
819 2288 1039 2332 magistratus
1062 2288 1190 2331 fiebat,
1225 2286 1282 2321 cui
1302 2286 1385 2320 inde
1409 2287 1452 2320 ab
1475 2284 1577 2319 initio

119 2331 176 2365 lex
205 2332 456 2377 concessisset,
489 2344 550 2367 suo
577 2333 746 2377 suffragio
769 2345 856 2379 quos
879 2333 986 2368 vellet
1007 2333 1151 2368 notariis
1181 2332 1303 2367 iudicii
1328 2342 1575 2372 annumerare3

119 2375 312 2422 multosque
335 2378 413 2424 ipse
435 2378 508 2413 scio
531 2378 701 2422 colloquio
718 2386 880 2426 receptos
904 2379 1090 2424 militasse,
1116 2385 1151 2413 et
1174 2378 1360 2412 eminuisse
1379 2375 1479 2411 simul
1500 2376 1575 2410 cin-

120 2421 303 2468 gulumque
329 2436 404 2458 cum
429 2425 560 2459 honore
582 2425 754 2470 posuisse.
802 2432 838 2460 et
860 2426 926 2460 hac
948 2425 1068 2470 itaque
1097 2424 1156 2458 via
1179 2424 1216 2459 in
1240 2429 1416 2469 posterum
1439 2421 1578 2456 occlusa

119 2467 258 2514 penitus
290 2481 348 2503 res
379 2470 616 2517 apparitorum
649 2471 850 2516 concidere,
891 2470 1200 2506 matriculariorum
1232 2481 1336 2513 vero,
1371 2473 1410 2503 ut
1436 2472 1576 2511 vocant,

121 2524 242 2548 munus
265 2516 431 2551 radicitus
456 2516 608 2551 evulsum
632 2516 788 2560 interiit3
822 2519 866 2552 de
891 2529 959 2562 quo
990 2516 1073 2562 quid
1095 2515 1220 2559 multa,
1255 2526 1330 2550 cum
1363 2525 1479 2548 omnes
1509 2524 1577 2547 una

121 2564 204 2604 post
233 2560 337 2596 finem
370 2562 514 2597 militiae
542 2573 744 2597 aerumnose
774 2564 870 2609 turpi
901 2565 938 2597 in
964 2562 1085 2608 inopia
1116 2561 1286 2606 reliquum
1312 2560 1409 2595 vitae
1440 2566 1575 2604 tempus

122 2605 288 2640 trahant?
333 2607 489 2643 militiam
529 2608 638 2653 igitur
677 2615 758 2654 post
789 2609 1021 2655 quadraginta
1052 2619 1218 2642 annorum
1247 2617 1387 2653 operam
1416 2604 1576 2650 deposui,

123 2650 210 2684 nihl
234 2663 276 2685 ea
298 2659 440 2698 praeter
458 2667 582 2689 nomen
605 2656 844 2701 completionis
867 2660 1084 2689 consecutus.
1131 2654 1268 2698 iamque
1291 2662 1478 2697 congruum
1497 2650 1577 2686 huic

122 2697 325 2741 tragoediae
350 2700 452 2734 finem
475 2700 671 2747 imponere,
705 2701 802 2735 exitu
824 2701 867 2735 ad
891 2701 1130 2735 declarandam
1154 2699 1339 2735 veritatem
1363 2696 1575 2734 sufficiente.

122 2753 223 2776 unam
247 2749 362 2779 tamen
383 2756 455 2779 rem
479 2746 582 2781 etiam
603 2747 689 2781 mihi
711 2748 1039 2782 commemorandam
1060 2758 1140 2781 esse
1162 2746 1337 2782 existimo.

212 2789 271 2824 68.
316 2790 392 2825 Lex
414 2792 557 2838 antiqua
580 2798 674 2837 erat,
708 2794 839 2838 omnia,
876 2805 966 2839 quae
991 2792 1298 2838 quomodocunque
1322 2790 1415 2837 apud
1436 2789 1575 2838 praefe-

121 2839 198 2868 ctos
218 2846 260 2870 ac
278 2836 374 2871 forte
390 2837 478 2872 alios
502 2838 606 2874 etiam
628 2840 851 2885 magistratus
873 2845 1080 2886 agerentur,
1111 2839 1240 2875 Latino
1260 2848 1420 2877 sermone
1438 2835 1580 2882 οὔσῃ-ὴ
