1748 3210
567 184 1018 230 COMMENTARIUS.
1448 199 1523 230 xrx

68 317 288 355 mieeiatis
313 325 481 364 vestrae,
510 317 703 356 reddidit:
733 333 883 357 necnon
907 320 1115 357 sanitatem
1132 326 1170 356 et
1186 318 1353 356 salutem
1366 319 1433 370 pii
1452 333 1520 357 ve-

64 385 147 422 ³etri
173 385 341 434 imperii.
400 386 497 423 item
535 385 730 425 Richardo
767 388 1008 426 Montacutio
1042 388 1084 424 in
1121 387 1315 424 celebrata
1353 388 1518 439 epistola

58 443 189 505 ssquam
215 453 307 490 Divi
338 454 482 491 Iuliani
510 455 649 492 volunt
677 467 782 502 esse,
814 456 914 506 Opp.
942 455 984 493 S.
1003 456 1126 493 Basil.
1149 461 1177 492 t.
1199 457 1226 495 2
1245 456 1370 493 Paris.
1392 455 1515 504 1618,

68 519 140 558 fol.
164 533 205 571 p.
224 521 307 562 993
327 522 385 558 A:
416 517 516 575 ἅπερ
546 524 596 578 τῇ
621 519 699 576 ἐμῇ
730 522 908 577 βασιλείᾳ
938 518 1118 575 ἁρμόζει,
1150 523 1234 560 sive
1256 530 1299 560 ut
1321 524 1363 560 in
1384 525 1517 560 Bene-

63 584 202 640 rdicfin.
226 586 289 625 ed.
313 588 458 640 legitur
480 590 579 641 Opp.
605 589 647 627 S.
666 589 786 626 Basil.
809 595 838 626 t.
858 589 885 628 3
911 591 1034 627 Paris.
1063 590 1182 639 1750,
1204 590 1275 630 fol.
1298 604 1340 642 p.
1363 590 1514 631 1233:

67 649 168 708 ὅπερ
195 648 247 711 τῇ
269 654 347 712 ἐμῇ
372 656 512 709 πρέπει
534 656 726 712 βασιλεία.
784 655 855 694 sed
872 662 914 692 ut
930 664 1101 696 revertar
1121 658 1172 696 ad
1195 660 1341 697 Leonis
1366 659 1514 706 locum,

63 719 202 760 videor
229 721 334 760 mihi
358 723 450 762 inde
476 725 696 776 perspicere
725 725 919 775 primum,
958 723 1062 774 Lydi
1092 725 1239 764 librum
1265 725 1314 764 de
1343 727 1514 764 Ostentis

64 789 178 842 epoli
206 789 313 842 apud
339 790 638 830 mathematicos
666 804 795 844 neque
820 791 1087 842 improbatum
1111 792 1233 830 fuisse
1254 793 1334 830 illis
1356 799 1515 844 tempo-

62 858 171 897 ribus
198 873 272 897 nec
299 859 465 898 fortasse
489 867 692 911 tantopere
709 860 1020 910 infrequentem:
1050 871 1144 895 nam
1159 860 1386 898 nominatur
1403 874 1513 898 coin-

60 928 232 965 munitet
249 937 339 964 cum
355 926 643 979 Quadripartito
657 927 875 964 Ptolemaei
890 925 1260 979 Phaenomenisque
1277 929 1402 976 Arati,
1429 929 1512 966 fre-

60 994 325 1046 quentissimis
356 1006 450 1032 sane
481 996 523 1032 in
555 994 805 1033 bibliothecis
837 1001 924 1032 tum
952 1008 1042 1032 cum
1069 993 1168 1032 haec
1196 995 1383 1033 scriberet
1412 998 1510 1044 Leo,

58 1063 129 1114 qui
159 1064 374 1114 imperator
400 1062 528 1101 factus
553 1070 612 1101 est
635 1076 738 1101 anno
766 1064 860 1105 886.
918 1074 1049 1115 neque
1076 1064 1260 1115 sequenti
1280 1065 1438 1102 saeculo
1457 1065 1511 1101 li·-

55 1129 172 1168 brum
189 1129 239 1168 de
255 1131 548 1182 Magistratibus
567 1144 619 1168 ex
637 1144 711 1169 usu
730 1130 989 1183 manibusque
1007 1129 1216 1168 hominum
1234 1144 1393 1182 prorsus
1413 1144 1510 1169 eva-

54 1198 207 1246 nuisse,
247 1205 382 1236 auctor
404 1205 462 1237 est
483 1200 627 1237 Leonis
653 1199 781 1248 filius,
809 1200 1090 1237 Constantinus
1115 1198 1508 1251 Porphyrogenneta,

54 1267 123 1317 qui
139 1267 349 1317 imperavit
367 1259 414 1303 ab
437 1279 539 1304 anno
560 1268 642 1307 912
664 1266 715 1304 ad
739 1280 887 1304 annum
905 1267 1001 1307 959.
1058 1280 1229 1320 namque
1258 1269 1341 1305 eius
1362 1267 1509 1304 memi-

51 1333 112 1370 nit
130 1333 173 1370 in
190 1333 292 1371 libro
311 1332 360 1370 de
379 1332 662 1378 Thematibus,
692 1335 905 1371 novissime
934 1334 1038 1372 edito
1062 1336 1103 1372 in
1127 1335 1307 1372 Anselmi
1329 1333 1507 1372 Bauduri
1528 1346 1565 1381 p.
1586 1347 1694 1372 xxvn

51 1400 192 1451 imper.
223 1399 432 1446 Orientali,
462 1405 492 1435 t.
522 1399 565 1446 1,
596 1398 719 1434 Paris.
754 1399 881 1446 1711,
911 1403 982 1436 fol.
1013 1413 1052 1449 p.
1083 1401 1108 1438 5
1136 1403 1189 1446 B,
1219 1402 1288 1437 lib.
1326 1403 1348 1441 1
1387 1415 1418 1439 c.
1452 1405 1506 1443 2:

51 1467 94 1507 οἵ
110 1464 154 1507 ’δὲ
171 1462 376 1518 λεγόμενοι
398 1461 650 1517 Τουρμοῖρχαι
670 1464 725 1511 εἰς
743 1462 967 1518 ὑπουργίαν
986 1467 1066 1504 τῶν
1087 1468 1316 1518 στρατηγῶν
1335 1463 1506 1520 ἐτάχθη-

50 1544 148 1575 σαν·
178 1533 359 1585 σημαίνει
381 1530 424 1572 δὲ
445 1529 487 1573 τὸ
502 1534 683 1572 τοιοῦτον
706 1528 858 1583 α’ξίωμα
877 1530 947 1572 τόν
967 1531 1107 1583 ἔχοντα
1125 1528 1203 1582 ὑφ’
1226 1530 1370 1573 ἑαυτὸν
1391 1548 1505 1588 στρα-

47 1597 191 1649 τιώτας
219 1596 466 1653 τοξοφόρους
492 1599 777 1647 πεντακοσίους
808 1598 877 1639 καὶ
906 1596 1124 1647 πελταστοῖς
1154 1601 1405 1652 τριακοσίους
1433 1603 1502 1643 καὶ

48 1663 300 1721 δεξιολάβους
316 1663 473 1708 ἑκατόν·
510 1663 637 1715 οὕτως
655 1663 730 1720 γάρ
750 1671 874 1708 κεῖται
892 1666 935 1709 ἓν
952 1670 1004 1724 τῇ
1025 1667 1150 1721 βίβλῳ
1168 1663 1354 1709 Ἰωάννου
1377 1671 1499 1709 Φιλα-

48 1735 222 1789 δελφέώς
243 1737 318 1776 τοῦ
343 1733 590 1787 καλουμένου
620 1736 776 1777 Λυδοῦ.
836 1734 886 1772 ad
909 1748 1028 1788 quem
1052 1737 1186 1773 locum
1209 1735 1299 1774 vide
1322 1736 1500 1775 Banduri

44 1812 158 1844 notas
173 1805 314 1855 imper.
335 1803 483 1841 Orient.
506 1809 535 1840 t.
555 1806 582 1844 2
600 1816 640 1854 p.
661 1806 699 1844 6.
757 1804 891 1841 locum
914 1810 1048 1841 autem
1082 1817 1135 1841 ex
1168 1804 1269 1842 libro
1297 1802 1345 1841 de
1367 1807 1500 1856 Magi—

45 1873 227 1912 stratibus
244 1870 520 1922 depromptum
537 1883 622 1908 esse
642 1870 744 1910 nihil
766 1870 922 1919 dubito,
955 1884 1182 1924 quanquam
1200 1870 1320 1909 hodie
1342 1873 1397 1909 ibi
1419 1887 1500 1910 nou

43 1941 234 1992 supersit:
264 1951 403 1977 verum
431 1939 609 1990 suspicor
637 1939 759 1976 fuisse
780 1939 820 1975 in
845 1937 996 1976 duobus
1015 1939 1122 1977 foliis
1143 1940 1224 1977 illis
1245 1952 1346 1992 quae
1367 1941 1408 1976 in
1429 1954 1498 1978 co-

43 2007 131 2046 dice
159 2010 262 2046 inter
285 2007 356 2045 fol.
376 2005 581 2054 43-44,
614 2013 704 2057 post
731 2005 1033 2058 descriptionem
1058 2008 1250 2059 legionis,
1282 2006 1345 2044 ed.
1368 2020 1410 2058 p.
1428 2006 1497 2058 84,

41 2083 188 2115 resecta
209 2083 313 2115 sunt.

150 2145 276 2183 Venio
307 2143 358 2182 ad
383 2144 530 2183 Suidae
554 2145 823 2183 tesfimonium
847 2142 895 2182 de
919 2142 1050 2196 Lydo,
1084 2141 1146 2181 ed.
1167 2145 1323 2182 Kuster.
1342 2144 1488 2182 Canta-
1520 2146 1573 2186 12

40 2211 188 2262 brigiae
211 2211 338 2262 1705,
368 2213 438 2251 fol.
468 2227 508 2265 p.
535 2214 635 2260 1313
666 2211 773 2264 quod
795 2225 884 2249 cum
909 2211 1142 2250 scholiastae
1165 2213 1305 2250 Veneti
1327 2211 1492 2250 Codini-

5 2295 9 2302 ·
40 2289 118 2330 que
134 2279 222 2318 loco
239 2277 318 2317 huc
335 2282 466 2329 reieci,
498 2281 684 2333 quoniam
701 2278 844 2317 Photio
861 2281 987 2317 Leoni
1008 2281 1264 2317 Constantino
1285 2278 1492 2317 definitum

37 2342 193 2398 tempus
227 2353 286 2385 est
317 2360 395 2400 quo
425 2349 592 2400 quisque
624 2347 846 2398 scripserit,
877 2348 1080 2384 saeculum
1105 2348 1130 2387 9
1155 2354 1194 2384 et
1218 2349 1294 2396 10,
1327 2347 1488 2394 suffiae,

37 2411 270 2453 scholiastae
301 2415 451 2453 Veneto
481 2428 526 2452 ac
556 2413 705 2452 Coclino
734 2428 814 2452 non
840 2416 950 2452 item.
1009 2428 1103 2452 nam
1129 2414 1273 2453 Suidas
1295 2422 1339 2452 ut
1362 2415 1488 2452 exsti-

34 2481 125 2518 ῒθῐὶῒ
151 2483 204 2523 10
231 2483 297 2521 vel
327 2483 378 2522 11
409 2483 473 2520 vel
502 2485 553 2524 12
580 2483 645 2521 vel
675 2483 852 2534 quolibet
887 2482 1066 2531 saeculo,
1109 2481 1210 2520 illud
1236 2490 1384 2519 certum
1412 2487 1484 2529 est,

37 2560 126 2585 cum
153 2550 276 2600 ipsius
303 2555 390 2587 tum
419 2538 571 2602 reliqua
596 2563 742 2602 magna
767 2550 921 2598 lexim,
953 2562 1054 2602 quae
1077 2557 1168 2588 sunt
1192 2550 1348 2601 generis
1375 2549 1484 2586 eius-

36 2613 150 2663 dem,
193 2629 216 2654 a
247 2623 305 2655 tot
330 2618 620 2669 possessoribus
653 2631 864 2670 progressu
896 2624 1123 2668 temporum
1155 2623 1268 2654 aucta
1300 2616 1484 2667 suppleta

34 2682 195 2720 confusa
224 2697 330 2733 esse,
359 2692 402 2723 ut
425 2686 507 2723 iam
526 2687 568 2722 in
588 2687 668 2724 illis
691 2699 810 2738 quem
829 2692 979 2724 constet
999 2699 1021 2722 a
1040 2687 1168 2737 primo
1183 2684 1305 2721 lexici
1324 2689 1483 2720 auctore

31 2749 226 2800 proficisci
257 2752 390 2790 locum
421 2754 493 2791 vix
523 2742 787 2792 inveniamus.
847 2752 1003 2806 quaudo
1035 2753 1156 2803 igitur
1181 2751 1304 2789 relata
1339 2757 1397 2789 est
1434 2751 1476 2788 in
1498 2765 1535 2801 p.
1557 2766 1682 2797 xxvm

31 2815 196 2856 Suidam
215 2815 312 2856 haec
333 2818 381 2857 de
405 2820 516 2872 Lydo
542 2820 701 2873 glossa?
735 2823 872 2875 utique
899 2828 988 2860 ante
1011 2833 1114 2859 saec.
1142 2821 1214 2861 13:
1240 2832 1334 2858 nam
1353 2817 1479 2858 habe-
