1748 3210
75 877 109 910 p.
136 875 240 899 van

188 1790 241 1829 31

69 2126 103 2157 p.
118 2124 238 2148 nxvm

266 218 321 248 xt.
641 203 782 247 HASII
813 204 888 246 DE
921 202 1124 245 IOANNE
1157 202 1309 245 LYDO

266 347 420 373 menses
441 347 559 387 quam
580 340 661 372 erat
679 335 848 372 Graecae
875 330 1079 369 cathedrae
1103 332 1145 368 in
1165 331 1339 383 Collegit>
1362 332 1548 370 Franciae
1567 339 1683 382 praei-

265 403 410 450 fectus,
447 405 595 439 virente
623 402 825 438 etiamtum
852 405 976 435 aetate
1001 398 1200 448 repentino
1228 411 1435 450 oppressus
1453 398 1684 436 morboest.

267 469 375 506 cuius
400 469 537 519 optimi
554 468 862 517 sanctissimique
879 465 952 502 viri
976 466 1181 502 immaturo
1209 465 1316 502 obitu
1334 471 1524 516 quantam
1549 466 1699 519 civitas-

266 541 396 572 nostra
433 535 475 571 in
507 535 628 571 literis
665 534 853 570 iacturam
888 531 1041 578 fecerit,
1089 532 1243 568 tametsi
1275 529 1453 570 homines
1479 530 1685 570 historicos

267 613 415 648 omnes,
444 601 581 637 ubiubi
601 601 689 647 sint,
720 599 938 649 intelligere
960 598 1133 646 arbitror,
1163 604 1295 635 tamen
1316 611 1402 649 ego,
1428 597 1537 650 quod
1553 599 1685 648 ipsum

264 667 369 714 novi,
399 665 503 717 quod
520 664 680 703 domum
701 666 782 702 eius
800 666 1057 717 frequentavi,
1079 662 1183 715 quod
1200 677 1270 714 per
1289 664 1438 715 aliquot
1455 674 1575 714 annos
1590 677 1686 702 con-

265 732 392 768 tinuos
421 744 647 770 sermonum
677 731 851 780 auditor,
895 731 1262 769 commentationum
1284 731 1420 780 testis,
1450 730 1685 774 -studiomm

264 798 424 834 mirator
444 799 598 846 exstiti,
638 799 763 836 acrius
786 799 896 848 potui
919 799 1082 836 fortasse
1113 809 1231 848 quam
1257 798 1436 849 plerique
1453 798 1685 848 pet-'spicere-

264 864 377 900 mitto
396 862 598 901 hominem
618 866 752 915 lingua
773 866 940 913 Graeca,
981 871 1024 901 ut
1045 865 1178 902 nullus
1197 877 1392 915 unquam,
1430 865 1598 902 lectione
1618 864 1685 900 in-

265 936 475 977 structum3
523 932 634 968 mitto
665 932 854 969 librorum
883 931 1167 981 cognitionem,
1215 931 1327 967 mitto
1360 931 1656 981 inscriptionum
1671 940 1684 966 τ

265 997 353 1046 quis
382 996 503 1033 literis
527 998 671 1035 Italicis
690 995 902 1034 eruditior?
943 997 1031 1048 quis
1057 997 1099 1032 in
1128 995 1404 1034 consuetudine
1435 997 1604 1045 dulcior,
1642 997 1686 1033 in

266 1060 441 1099 docendo
465 1062 681 1113 copiosior?
737 1064 926 1101 memoria
945 1075 1036 1100 vero
1055 1069 1163 1099 tanta
1186 1070 1267 1100 erat
1285 1069 1324 1100 et
1340 1064 1548 1101 verborum
1567 1069 1607 1100 et
1622 1076 1687 1100 re-

266 1140 366 1176 rum,
395 1135 439 1165 ut
459 1131 588 1166 omnia
610 1141 710 1180 quae
729 1141 904 1180 unquam
923 1130 1072 1180 legerat
1091 1129 1346 1166 meminisset.
1376 1136 1492 1182 atque
1512 1129 1579 1166 hic
1597 1130 1686 1166 talis
1713 1160 1716 1164 .

263 1195 324 1231 vir
354 1193 528 1232 discessit
548 1208 570 1231 a
591 1196 725 1243 nobis,
768 1197 899 1232 animo
928 1197 1140 1232 etiamtunc
1164 1197 1436 1245 vegetissimo‚
1474 1208 1596 1233 annos
1615 1197 1686 1233 vix

262 1265 376 1296 natus
395 1260 467 1307 553
509 1273 582 1297 nec
603 1263 810 1312 quicquam
837 1273 888 1297 ex
919 1263 1072 1310 magnis
1099 1262 1278 1311 operibus
1301 1274 1400 1313 quae
1419 1275 1574 1300 summo
1597 1274 1687 1299 cum

261 1324 394 1361 labore
413 1332 451 1361 et
468 1324 669 1375 diligentia
687 1325 954 1373 inchoaverat,
985 1338 1163 1377 quaeque
1186 1330 1308 1364 vitam
1327 1329 1389 1365 illi
1411 1327 1528 1365 dubio
1550 1328 1688 1379 procul

262 1397 484 1440 reparatura
506 1398 633 1438 erant,
668 1393 802 1440 spatiis
823 1393 1003 1427 exclusus
1021 1392 1166 1442 iniquis
1184 1395 1404 1445 relinquere
1423 1395 1551 1444 potuit
1571 1395 1688 1432 abso-

260 1455 408 1502 lutum3
448 1455 639 1493 desiderio
668 1462 798 1492 autem
823 1455 1043 1492 incredibili
1065 1457 1194 1495 affecit
1213 1472 1303 1495 cum
1320 1463 1558 1498 necessarios
1582 1474 1686 1508 81108,

261 1520 440 1559 homines
470 1535 663 1570 summos,
692 1529 778 1559 tum
803 1534 867 1558 me
889 1523 1038 1571 ipsum,
1065 1525 1126 1560 cui
1154 1526 1239 1561 loco
1266 1527 1386 1575 patris
1418 1539 1574 1578 semper
1597 1528 1686 1564 fuit.

261 1595 379 1638 atque
403 1586 450 1624 de
473 1589 565 1636 illo,
606 1589 791 1639 quoniam
816 1601 886 1639 pro
916 1590 1211 1640 incomparabili
1233 1592 1316 1628 eius
1343 1605 1434 1642 erga
1456 1594 1687 1643 mepietate

260 1655 369 1704 paria
394 1656 614 1704 persolvere
641 1668 817 1706 nequeo,
857 1655 963 1707 quod
979 1669 1102 1694 unum
1121 1658 1252 1708 potui,
1292 1656 1390 1694 haec
1409 1671 1497 1695 cum
1515 1660 1687 1697 lacrimis

262 1721 410 1770 scripsi.

372 1786 439 1823 Vir
455 1793 585 1823 autem
603 1787 765 1825 illustris
785 1786 833 1824 de
852 1786 1058 1836 Choiseul,
1100 1788 1151 1826 ad
1169 1803 1288 1842 quem
1306 1789 1473 1828 redierat
1492 1788 1597 1842 Lydi
1617 1804 1687 1828 oo-

262 1850 353 1900 dex,
383 1851 594 1890 editionem
613 1867 773 1904 operum
794 1855 875 1891 eius
892 1854 991 1891 mihi
1013 1861 1106 1892 tunc
1126 1857 1282 1894 volebat
1303 1859 1558 1895 committere.
1608 1870 1687 1895 me-

262 1932 339 1970 que
369 1917 525 1956 hercule
552 1927 634 1957 erat
661 1933 706 1956 ea
733 1922 932 1971 provincia
958 1922 1084 1958 aliena
1112 1935 1135 1959 a
1160 1925 1374 1962 rationibus
1395 1925 1515 1971 meis3
1542 1936 1686 1976 neque,

261 1987 296 2023 si
314 1987 379 2023 vel
398 1988 572 2023 maxime
589 1987 748 2035 fuisset,
789 2000 1046 2036 recusassem,
1083 2002 1225 2040 nempe
1251 2003 1302 2027 ne
1330 1989 1475 2028 diutius
1499 1991 1686 2041 scriptore

261 2051 412 2089 erudito
436 2059 588 2090 nostrae
612 2054 748 2090 literae
775 2061 961 2091 carerent.
1026 2054 1096 2092 sed
1117 2056 1256 2094 accidit
1279 2070 1324 2095 eo
1346 2057 1431 2107 ipso
1449 2063 1624 2106 tempore
1642 2063 1687 2094 ut

261 2130 285 2154 a
310 2119 516 2168 praefectis
545 2118 802 2156 bibliothecae
833 2121 1048 2170 imperialis
1075 2122 1248 2160 custodia
1268 2124 1503 2160 Graecorum
1521 2123 1685 2160 Latino-

260 2196 426 2235 rumque
459 2183 637 2222 codicum
663 2185 762 2222 mihi
791 2185 1053 2224 mandaretur.
1109 2189 1215 2239 quod
1252 2190 1423 2227 officium
1453 2195 1498 2226 ut
1514 2191 1687 2240 primum

261 2251 390 2299 tenui,
431 2264 566 2289 omnes
592 2265 702 2289 curas
731 2254 982 2302 cogitationes
1007 2253 1135 2291 studia
1166 2255 1216 2293 ad
1242 2269 1364 2293 unam
1391 2269 1572 2294 revocare
1602 2269 1686 2293 rem

262 2317 450 2366 oportuit,
481 2317 736 2369 codicumque
758 2319 995 2357 Graecorum
1018 2322 1193 2359 omnium
1213 2323 1404 2373 proximis
1423 2323 1684 2372 superioribus

262 2383 375 2420 annis
402 2395 454 2419 ex
481 2386 598 2422 variis
623 2386 757 2422 Italiae
789 2385 942 2437 oppidis
971 2399 1069 2439 eque
1095 2388 1190 2424 urbe
1219 2389 1304 2438 ipsa
1337 2389 1379 2424 in
1405 2387 1685 2426 bibliothecam

264 2458 535 2502 congestorum
563 2453 779 2495 notationes
813 2452 1018 2501 conficere,
1057 2466 1137 2491 non
1166 2466 1266 2506 quae
1292 2455 1453 2491 nomina
1483 2462 1684 2492 auctorum

262 2519 472 2569 titulosque
498 2531 658 2570 operum
685 2518 810 2556 nudos
829 2517 1035 2568 haberent,
1077 2519 1147 2558 sed
1177 2533 1276 2572 quae
1307 2527 1480 2558 aetatem*
1501 2522 1684 2558 virtutem

263 2592 491 2634 argumenta
518 2583 694 2622 codicum
724 2593 899 2623 accurate
927 2586 1165 2634 indicarent,
1206 2594 1249 2623 ut
1278 2585 1464 2638 quicquid
1495 2587 1682 2637 cuiusque

263 2653 428 2688 auctoris
457 2650 596 2688 inediti
623 2649 764 2688 editive
791 2653 834 2687 in
860 2653 1024 2702 singulis
1054 2653 1159 2690 foliis
1192 2655 1543 2703 manuscriptorum
1567 2658 1680 2699 esset,

263 2729 340 2752 uno
367 2724 525 2767 aspectu
554 2724 860 2767 cognosceretur.
926 2720 981 2756 ita
1009 2719 1180 2757 involavi
1208 2719 1251 2755 in
1281 2718 1382 2756 hano
1415 2731 1574 2770 operam
1603 2730 1682 2754 non

262 2781 379 2820 modo
406 2785 514 2823 iussu
543 2783 826 2835 praefectorum
852 2783 1131 2834 bibliothecae,
1184 2783 1254 2823 sed
1282 2786 1430 2835 impetu
1458 2786 1575 2823 etiam
1605 2785 1683 2821 acri
1721 2787 1725 2792 ’

1498 2911 1506 2925 Ι
