1748 3210
339 175 416 218 DE
443 172 892 218 MAGISTRATIBUS
925 172 972 216 P.
996 170 1051 216 R.
1082 169 1187 215 LIB.
1216 169 1270 214 Π.
1454 169 1549 217 187

93 293 272 346 δεσμῶν,
317 290 385 332 καὶ
410 289 484 340 τὰς
504 290 645 347 τρίχας
671 289 828 332 ἕνειλῶν
852 292 900 345 τῇ
923 284 1130 344 καλύπτρῃ
1149 284 1204 337 ὡς
1223 286 1446 340 Πομπηΐου
1468 303 1550 327 πα·-

91 359 256 419 ράσιτος
275 358 382 401 κατὰ
398 359 468 401 τὸν
485 357 756 416 Πλούταρχον
775 356 802 412 ἢ
822 357 998 412 τάληθὲς
1019 358 1138 398 εἰπεῖν
1166 353 1221 405 ὥς
1240 355 1278 397 οἱ
1303 359 1374 408 τῆς
1402 359 1550 409 σκηνῆς

91 427 293 486 ἄρχοντες,
317 427 599 481 διεβαστάζετο
619 429 681 469 ἐπὶ
702 427 776 476 τὰς
794 426 921 476 αὐλὰς
940 424 989 476 ἃς
1007 424 1130 475 αὐτὸς
1146 422 1432 468 κατεσκεύασεν
1453 422 1551 465 ἔαυ-

90 501 169 556 τῷ·
201 491 257 540 ὧν
279 497 321 539 εἴ
337 514 397 547 τις
417 497 535 539 θέλοι
555 496 628 552 τὴν
646 495 822 539 ἀσωτίαν
840 496 909 536 καὶ
927 495 1000 549 τὴν
1020 498 1100 537 τῶν
1120 491 1347 548 κτισμάτων
1367 492 1550 543 διεξιέναι

55 569 148 625 ετῷ
176 564 282 623 λόγῳ
313 563 603 623 λαμπρότητα,
653 562 902 620 Σεσώστριος
934 561 1036 617 ὁμοῦ
1067 564 1133 605 καὶ
1156 560 1348 617 Ἀμάσιος
1377 562 1444 604 καὶ
1471 564 1552 604 τῶν

90 633 228 677 ἄλλων
255 632 560 692 μαυσιόλειάῖτε
589 634 658 675 καὶ
687 633 943 690 πυραμίδας,
1004 633 1072 674 καὶ
1101 625 1232 674 τᾶλλα
1266 630 1372 674 ὅσων
1405 630 1444 673 οἳ
1480 629 1555 680 τὰς

89 702 374 759 Αἰγυπτιακὰς
402 700 710 759 ἀναγράψαντες
738 699 1018 758 ὑπερηφανίας
1051 698 1366 755 μνημονεύουσι,
1409 699 1557 757 μέτρια

89 773 158 815 καὶ
181 775 451 830 φιλοσοφοῦσι
469 771 671 828 πρέποντα
694 768 987 824 καταυλήματα
1005 769 1129 824 λέγων
1148 769 1195 811 οὐ
1211 768 1476 826 σφαλήσεται.

232 840 311 885 22.
373 838 616 883 ’Υπόλοιπόν
647 840 731 882 ἐστι
758 837 861 880 κατὰ
891 838 937 880 τὸ
954 836 1135 893 πρόσθεν
1155 839 1441 893 ἐπηγγελμένον
1463 837 1554 894 περὶ

34 914 80 950 10
94 913 167 964 τῆς
185 908 336 960 τάξεως
353 910 485 960 εἰπεῖν,
520 910 617 950 ποία
632 908 678 951 τέ
692 925 753 956 τις
769 901 819 961 ἦν
839 906 936 948 ποτὲ
954 906 1066 962 παρὰ
1087 910 1143 963 τῷ
1163 905 1350 964 ἶππάρχῳ
1369 909 1437 948 καὶ
1458 907 1553 949 ποία

89 979 224 1034 γέγονε
242 977 334 1032 μετ’
357 978 503 1020 ἐκεῖνον
519 975 596 1019 ὕπὸ
617 981 674 1034 τῷ
694 980 774 1018 τῶν
795 975 1051 1032 πραιτωρίων
1067 972 1238 1033 ὑπάρχῳ
1249 1007 1262 1026 ,
1303 976 1397 1032 περί
1411 993 1453 1018 τε
1476 979 1556 1018 τῶν

89 1048 132 1090 ἓν
152 1047 254 1103 αὐτῇ
271 1044 504 1102 καταλόγων
523 1048 803 1103 προσηγοριῶν
822 1061 864 1086 τε
883 1045 950 1085 καὶ
971 1047 1239 1101 λειτουργιῶν,
1274 1045 1369 1101 περί
1383 1062 1424 1086 τε
1444 1045 1555 1086 ἐθῶν

89 1116 158 1157 καὶ
185 1114 403 1169 συμβόλων
432 1116 500 1157 καὶ
527 1119 608 1157 τῶν
633 1115 674 1156 ἐν
699 1120 784 1162 τοῖς
811 1112 1139 1166 συνταττομένοις
1151 1111 1325 1169 χάρταις
1349 1111 1554 1170 ῥημάτων,

89 1184 158 1226 καὶ
177 1181 315 1233 ἅπλῶς
333 1183 412 1226 ὅσα
439 1181 553 1238 ἡμῶν
571 1182 665 1238 ἄχρι
685 1180 912 1238 τηρούμενα
931 1185 1002 1235 τῆς
1027 1181 1154 1238 ἀρχῆς
1174 1182 1468 1237 ἐλαττωθείσης
1487 1182 1556 1223 καὶ

37 1255 82 1294 15
93 1255 166 1307 τῆς
183 1250 506 1309 ὗπηρετουμένης
526 1251 626 1307 αὐτῇ
642 1249 792 1300 τάξεως
806 1247 1088 1304 συμπεσούσης
1107 1249 1411 1307 παραπόλωλεν,
1447 1249 1556 1300 ὅπως

87 1320 146 1375 μὴ
178 1328 263 1370 τοῖς
290 1320 415 1374 ἴχνεσι
441 1324 515 1374 τῆς
544 1317 809 1375 ἀρχαιότητος
834 1319 900 1360 καὶ
932 1317 1033 1372 αὐτὴ
1062 1317 1088 1373 ἡ
1113 1323 1192 1361 τῶν
1221 1319 1375 1375 ἀρετῶν
1401 1317 1556 1373 μνήμη,

87 1389 147 1444 μὴ
175 1392 272 1444 γοῦν
300 1386 536 1445 γράμμασιν
564 1388 864 1445 ἀναφερομένη,
899 1391 1074 1442 παντελῆ
1104 1386 1206 1445 λάχῃ
1240 1387 1312 1442 τὴν
1340 1387 1556 1443 ἀναίρεσιν.

88 1458 188 1508 τέως
209 1458 254 1499 δὲ
274 1458 365 1514 περὶ
387 1461 466 1499 τῶν
487 1455 715 1500 ὑπολοίπων
739 1459 810 1510 τῆς
831 1456 1032 1506 πολιτείας
1051 1456 1187 1512 ἀρχῶν
1208 1458 1274 1498 καὶ
1296 1457 1341 1499 τὸ
1363 1457 1413 1511 δὴ
1433 1457 1558 1513 πέρας

88 1523 194 1568 ἴδιόν
221 1542 311 1568 τινα
337 1527 428 1583 περὶ
458 1529 531 1579 τῆς
554 1523 703 1576 τάξεως
726 1522 845 1579 λόγον
864 1522 1116 1579 ἐκθήσομαι·
1151 1525 1245 1568 οὐδὲ
1269 1526 1348 1583 γὰρ
1367 1525 1558 1582 εὐπρεπὲς

31 1600 180 1646 ωταῖς
203 1593 348 1652 ἀρχαῖς
367 1593 464 1645 τοὺς
483 1594 730 1651 ἀρχομένους
750 1596 1028 1651 συναριθμεῖν.

181 1753 205 1792 5
221 1754 419 1801 venderem
434 1753 532 1800 ὁμοῦ
547 1755 611 1793 καὶ
626 1755 786 1800 ἅσμασιν
802 1755 847 1792 C.
985 1754 1067 1795 τοῖς
1084 1750 1207 1796 ἄλλοις
1231 1754 1276 1790 C.
1418 1756 1461 1790 13
1476 1755 1556 1800 lego

178 1801 389 1894 ξέἕμέᾶοὲἕί
433 1804 480 1839 F.
642 1804 686 1838 16
707 1803 786 1849 lego
806 1801 878 1842 σὺν
899 1801 993 1844 τοῖς.
1040 1803 1088 1837 F.
1237 1802 1284 1836 20
1305 1800 1375 1836 τοῦ
1399 1797 1556 1847 ἀρχομέ-

89 1994 194 2043 myde
223 1998 329 2042 caput
355 1994 492 2030 aestiva
518 1998 620 2029 veste
652 1993 753 2040 quasi
780 1994 873 2028 vitta
899 1992 1087 2036 cinxisset,
1123 1992 1335 2038 capillosque
1366 1992 1559 2037 calypti-ae,
1614 1985 1617 1989 ’

91 2040 202 2075 veluti
222 2040 383 2087 Pompeii
407 2040 582 2086 parasitus
607 2039 794 2073 secundum
812 2038 1048 2082 Plutarchum,
1074 2038 1164 2082 sive,
1187 2043 1227 2072 ut
1248 2048 1368 2071 verum
1392 2038 1559 2082 dicamus,

91 2086 203 2121 veluti
226 2098 351 2121 scenae
370 2085 539 2130 magistri,
563 2084 782 2130 involvisset,
806 2084 843 2118 in
864 2084 973 2127 aulas,
999 2095 1084 2129 quas
1109 2083 1186 2128 ipse
1208 2083 1278 2118 sibi
1299 2083 1560 2128 aedificaverat,

92 2133 297 2174 fex-ebatum
321 2142 463 2178 quarum
488 2131 519 2165 si
541 2131 618 2176 quis
640 2131 808 2165 luxuriam
831 2130 918 2165 velit
942 2135 977 2164 et
1002 2129 1238 2164 aedificiorum
1267 2129 1559 2175 magnificentiam

93 2174 315 2222 describere,
344 2177 518 2212 Sesostris
539 2187 608 2211 una
626 2177 831 2222 Amasisquc
855 2182 890 2211 et
913 2176 1058 2211 aliorum
1087 2175 1261 2210 mausolea
1282 2187 1322 2209 ac
1345 2176 1558 2221 pyramides,

94 2227 132 2258 et
162 2234 387 2269 quaecunque
427 2222 495 2257 alia
536 2228 802 2257 commemorant
842 2222 902 2268 qui
929 2221 1181 2267 Aegyptiorum
1215 2222 1413 2268 snperbiam
1445 2222 1558 2257 literis

91 2269 301 2350 pglpglgilere,
336 2269 492 2304 modesta
523 2280 565 2303 ac
598 2267 823 2316 philosophos
855 2269 1017 2304 decentia
1056 2267 1230 2302 domicilia
1272 2267 1451 2315 appellans
1491 2279 1560 2302 non

185 2383 245 2418 22.
290 2384 430 2428 Restat,
452 2384 546 2430 quod
569 2394 676 2430 supra
695 2382 926 2430 promisimus,
950 2384 989 2416 ut
1012 2381 1057 2415 de
1079 2381 1196 2416 officio
1215 2381 1438 2427 explicemus,
1458 2381 1561 2426 quale

95 2430 268 2475 quondam
285 2431 350 2464 sub
371 2429 537 2474 magistro
561 2430 715 2475 equitum
738 2429 864 2473 fuerit,
891 2434 927 2463 et
950 2433 1032 2474 post
1052 2427 1145 2461 illum
1170 2427 1271 2472 quale
1294 2429 1358 2462 sub
1379 2428 1562 2472 praefecto

94 2475 265 2519 praetorii
290 2474 486 2520 exstiterit,
521 2489 586 2511 nec
609 2487 678 2509 non
701 2477 746 2510 de
770 2475 939 2519 catalogis
964 2474 1118 2507 eiusdem
1140 2473 1501 2519 appellationibusque
1526 2476 1564 2508 et

93 2522 307 2566 muneribus,
330 2523 445 2568 (leque
466 2522 718 2557 consuetudine
739 2529 776 2556 et
791 2519 1032 2555 instrumentis
1050 2519 1289 2564 institutisque
1306 2519 1350 2553 ad
1365 2520 1562 2554 chartarum

94 2566 379 2611 compositionem
405 2569 665 2614 spectantibus,
699 2572 804 2614 atque
831 2566 968 2601 omnino
999 2577 1088 2610 quae
1120 2566 1165 2599 ad
1188 2577 1252 2599 nos
1273 2577 1383 2611 usque
1406 2570 1560 2608 servata,

92 2611 274 2647 imminuto
297 2613 519 2659 magistratu,
555 2619 591 2649 et
617 2613 736 2648 officio
761 2625 850 2659 quae
874 2612 909 2646 ei
932 2613 1124 2657 apparebat
1146 2611 1297 2656 collapso
1311 2637 1321 2655 ,
1345 2623 1414 2645 una
1436 2610 1563 2645 interi-

93 2669 155 2692 ere
167 2683 177 2700 ,
203 2670 247 2692 ne
269 2670 345 2694 cum
368 2660 529 2705 vestigiis
553 2659 771 2706 antiquitatis
794 2659 873 2704 ipsa
892 2669 1030 2704 quoque
1048 2657 1214 2692 virtutum
1234 2657 1409 2701 memoria,
1429 2656 1561 2702 quippe

91 2703 206 2738 literis
240 2716 308 2739 non
339 2707 520 2752 mandata,
554 2706 695 2752 penitus
725 2705 980 2749 exstinguatur.
1038 2703 1178 2738 interim
1208 2715 1293 2738 vero
1322 2703 1476 2748 reliquos
1506 2702 1560 2737 rei

93 2749 254 2828 publicae
277 2751 498 2796 magistratus
519 2763 731 2799 persequar,
759 2763 800 2786 ac
824 2756 1000 2796 postremo
1022 2749 1156 2784 scilicet
1177 2749 1355 2796 proprium
1376 2750 1421 2783 de
1442 2748 1560 2783 officio

108 2795 248 2830 ’bellum
271 2808 492 2844 componam=
525 2810 639 2845 neque
662 2798 754 2834 enim
777 2796 944 2833 convenit
968 2795 1228 2842 magistratibus
1251 2795 1421 2831 officiales
1450 2805 1559 2831 annu-

94 2851 245 2879 morare·
