1748 3210
654 204 658 213 2
687 169 1009 214 PRAEFATIO.
1500 187 1584 217 mu

98 354 102 358 ι
125 298 281 344 aridum
301 300 353 339 sit
376 306 415 339 et
433 300 539 340 exile
558 300 601 340 id
622 309 915 355 argumentum,
943 310 1077 342 tamen
1097 304 1320 343 necessario
1340 317 1466 357 pauca
1482 306 1582 344 sub-

120 379 298 432 iungam.

230 459 328 497 Dixi
340 458 383 496 in
397 460 694 512 Prolegomenis
714 459 766 498 ad
785 462 1038 513 Magistratus
1051 493 1061 512 ‚
1088 477 1128 515 p.
1145 475 1256 501 Lxxv
1275 475 1336 515 sq.
1349 492 1359 512 ,
1390 461 1567 501 codicem
1598 465 1624 504 3

117 538 485 589 membranaceum,
529 553 576 578 1x
600 541 666 580 vel
690 553 722 578 x
750 541 918 590 saeculi,
965 544 1202 582 continuisse
1243 543 1341 581 olim
1368 543 1443 580 tria
1467 543 1574 596 Lydi

117 630 259 669 opera,
286 617 434 655 librum
455 619 515 655 De
540 619 763 668 mensibus,
792 621 852 657 De
878 622 1065 670 ostentis,
1094 623 1155 660 De
1174 622 1469 673 magistratibus
1488 623 1573 659 Ro-

114 697 267 746 manis3
296 695 369 735 sed
400 710 490 734 cum
516 697 598 734 iam
626 696 676 734 ad
706 698 864 749 Cpolim
886 701 987 736 circa
1012 713 1048 737 a.
1075 701 1178 742 1785
1200 702 1443 739 inveniretur
1457 701 1571 739 ini-tio

115 780 156 812 et
172 774 251 812 fine
270 781 452 823 truncus,
481 787 685 825 superesse
719 778 757 814 ei
787 776 907 815 hodie
938 777 1132 816 duntaxat
1159 781 1257 817 folia
1286 781 1389 827 1023
1427 778 1572 817 horum

115 851 194 892 duo
217 853 412 904 pertinere
431 851 482 891 ad
499 853 645 891 librum
665 856 724 893 De
745 858 949 896 mensibus
961 887 971 906 ‚
1002 861 1055 900 37
1078 857 1129 895 ad
1146 859 1292 909 librum
1311 859 1371 894 De
1390 858 1567 905 ostentis,

113 933 267 984 reliqua
291 931 343 970 ad
365 934 630 984 Magistratus.
689 949 742 973 ex
762 937 842 974 illis
867 940 920 978 37
952 937 1036 990 (De
1061 934 1251 986 ostentis)
1281 938 1334 976 26
1352 937 1567 987 posteriora

110 1011 234 1050 fuisse
263 1018 424 1050 consuta
450 1021 654 1051 numerata
683 1013 867 1052 adiuncta
895 1015 946 1053 ad
973 1029 1113 1067 corpus
1143 1013 1308 1063 codicis3
1343 1017 1390 1056 11
1418 1015 1563 1066 priora,

108 1079 288 1142 separata
307 1104 399 1128 cum
418 1100 529 1131 extra
550 1093 727 1131 codicem
752 1101 835 1131 tum
855 1096 958 1133 inter
976 1109 1018 1133 se
1030 1125 1040 1144 ,
1071 1094 1223 1133 adiecta
1242 1095 1365 1132 fuisse
1384 1095 1427 1130 in
1446 1095 1564 1132 invo-

106 1170 216 1208 lucro
244 1169 441 1223 quodam,
473 1174 623 1226 absque
652 1175 849 1211 numerali
868 1182 961 1212 nota
982 1175 1079 1212 ulla.
1139 1187 1184 1212 ea
1205 1187 1279 1225 ego
1302 1175 1350 1214 11
1372 1173 1491 1223 folia,
1520 1180 1564 1211 ut

106 1251 281 1302 primum
307 1263 515 1305 aggressus
545 1251 649 1288 hanc
680 1252 894 1290 editionem
926 1267 1036 1301 sum,
1066 1252 1230 1290 disiecta
1254 1260 1482 1304 temereque
1502 1253 1565 1290 ia-
1588 1263 1624 1298 p-
1649 1262 1690 1285 VI

107 1331 236 1367 centia
253 1331 308 1367 ita
326 1329 535 1381 disponere
555 1344 600 1367 ac
615 1343 823 1367 numerare
845 1331 976 1381 coepi,
1007 1338 1050 1368 ut
1068 1331 1255 1368 iubebant
1279 1339 1509 1382 conspectus
1527 1338 1568 1370 et

104 1422 260 1447 summa
284 1411 414 1460 operis
441 1423 480 1461 p.
503 1412 585 1451 277
619 1412 637 1449 1
670 1411 864 1459 exposita.
923 1409 1045 1461 idque
1065 1416 1148 1446 tam
1169 1410 1270 1446 bene
1291 1411 1408 1448 cessit
1428 1417 1494 1459 ut,
1525 1412 1563 1448 si

103 1502 289 1528 exorsum
307 1489 400 1526 libri
410 1487 543 1539 p.273
556 1488 732 1539 foliaque
751 1488 820 1524 illa
840 1488 1015 1538 excipias
1039 1500 1140 1539 quae
1161 1489 1203 1524 in
1230 1495 1409 1527 extremo
1431 1491 1560 1540 capite

103 1566 152 1606 de
163 1568 373 1620 eclipsibus
382 1581 421 1619 p.
434 1567 516 1608 285
535 1569 561 1607 2
583 1565 814 1604 exciderunt
836 1566 956 1619 (quae
968 1573 1115 1616 tamen,
1138 1573 1332 1618 quantum
1343 1575 1425 1605 erat
1436 1569 1562 1606 situm

101 1647 144 1684 in
170 1647 307 1696 nobis,
337 1648 485 1684 Graece
515 1647 700 1698 supplere
729 1647 857 1683 conati
890 1645 1078 1697 sumus),
1113 1647 1211 1683 item
1238 1647 1424 1683 lacunam
1455 1647 1560 1684 inter

99 1733 219 1778 caput
238 1725 291 1768 15
310 1733 349 1764 et
367 1727 443 1775 16,
468 1739 515 1777 p·—
530 1727 612 1766 291
633 1729 657 1767 7
673 1755 690 1774 r
712 1733 755 1763 ut
774 1732 887 1763 extra
907 1724 1029 1774 haec,
1059 1726 1244 1777 inquam,
1274 1723 1558 1774 nihilomnino

99 1817 154 1843 ex
173 1812 262 1844 toto·
273 1805 373 1844 libro
396 1803 498 1842 mihi
519 1803 680 1857 quidem
700 1806 742 1842 in
764 1807 963 1856 praesenti
995 1804 1132 1842 deesse
1162 1803 1356 1842 videatur.
1417 1805 1558 1842 confli-

95 1884 230 1922 ctabar
243 1898 358 1934 vero,
386 1890 557 1921 tractans
574 1882 674 1920 haec
690 1886 741 1924 37
761 1885 857 1922 folia
868 1914 878 1933 ,
909 1883 1063 1922 duobus
1079 1884 1556 1936 praesertimineommo-

95 1961 179 2012 dis,
209 1963 331 2002 altero
351 1964 541 2016 peculiari
559 1963 754 2014 prioribus
771 1964 960 2014 pagellis,
991 1964 1113 2001 altero
1136 1963 1332 2015 generali,
1365 1975 1443 2014 quo
1463 1962 1555 1999 uni-

93 2055 231 2081 versus
256 2043 409 2081 laborat
437 2041 578 2080 codex.
636 2048 758 2079 scatet
790 2043 897 2078 enim
915 2041 1071 2080 mendis
1091 2055 1213 2093 prope
1234 2042 1454 2079 innumeris
1472 2054 1555 2078 non

95 2120 224 2160 modo
243 2123 287 2160 in
315 2123 507 2173 scriptura
526 2121 756 2169 verborum,
788 2119 865 2158 sed.
879 2122 920 2158 in
942 2122 1151 2172 spirituum
1171 2133 1330 2173 quoque
1352 2127 1391 2157 et
1411 2133 1554 2157 accen-

94 2205 210 2238 tuum
237 2202 407 2249 ratione,
436 2202 567 2252 prima
591 2213 714 2237 manu
737 2201 977 2251 positorum,
1008 2198 1079 2237 sed
1097 2213 1280 2251 perverse
1300 2201 1551 2251 plerumque.

95 2290 295 2331 quamque
317 2280 368 2317 sit
389 2281 529 2318 vitiose
549 2281 737 2332 scriptus,
767 2281 978 2331 praecipue
998 2280 1199 2330 apparui-t,
1228 2279 1298 2316 ubi
1313 2279 1425 2316 licuit
1445 2290 1550 2324 eum,

91 2364 184 2409 post
201 2371 234 2396 c.
251 2360 321 2407 20,
343 2371 434 2397 cum
449 2360 538 2397 aliis
553 2357 667 2397 codd.
688 2360 837 2398 Veneto
862 2366 898 2396 et
915 2360 1050 2411 Regiis
1069 2359 1270 2406 conferre3
1301 2358 1383 2410 qui,
1406 2367 1550 2408 quam-

92 2436 155 2475 vis
177 2444 374 2487 recentes,
404 2452 541 2477 omnes
561 2445 695 2476 tamen
715 2438 922 2476 Caseolino
943 2437 1230 2476 emendatiores
1246 2443 1352 2475 sunt.

178 2551 182 2553 Α
203 2516 382 2556 Alterum
398 2516 718 2567 incommodum,
747 2516 869 2569 idque
886 2519 1004 2569 longe
1018 2518 1148 2554 maius
1160 2547 1170 2566 ‚
1200 2523 1282 2554 erat
1294 2544 1304 2563 ,
1335 2526 1388 2551 ex
1405 2515 1459 2554 37
1477 2513 1542 2550 fo-
1571 2509 1599 2553 4

91 2593 158 2632 liis
174 2594 319 2632 librum
334 2597 392 2634 De
411 2598 574 2635 ostentis
594 2597 883 2634 continentibus
901 2597 1134 2648 praesertim
1154 2599 1206 2637 10
1223 2595 1354 2646 priora
1375 2605 1460 2629 esse
1482 2592 1545 2629 la·
1569 2604 1607 2640 1>-
1630 2604 1686 2629 VH

92 2686 200 2723 cera,
230 2673 471 2728 madoreque
502 2682 541 2713 et
570 2682 763 2715 vetustate
790 2674 889 2713 adeo
909 2675 1050 2713 affecta
1070 2681 1114 2712 ut
1139 2686 1185 2711 ea
1206 2672 1460 2724 potissimum
1478 2685 1546 2708 re-

90 2753 271 2805 spexisse
295 2752 475 2794 videatur
497 2756 559 2796 vir
581 2755 793 2808 multiplici
815 2754 992 2796 doctrina
1014 2753 1182 2806 insignis
1207 2757 1247 2790 et
1264 2764 1356 2790 cum
1373 2751 1417 2790 iu
1434 2750 1544 2790 omui
