1748 3210
242 208 331 252 188
705 250 708 255 ,
764 209 983 252 IOANNIS
1013 209 1142 252 LYDI

367 321 444 364 23.
510 316 654 361 Πάντα
684 320 736 363 τὰ
767 319 861 362 ὄντα
890 322 954 361 καὶ
982 321 1124 375 γίνεται
1154 323 1218 362 καὶ
1245 318 1325 364 ἔστι
1356 324 1456 364 κατὰ
1481 325 1551 378 τὴν
1578 329 1648 366 τοῦ

234 386 392 441 ἀγαθοῦ
426 385 567 443 φύσιν,
601 387 650 427 τὰ
681 388 753 440 μὲν
783 386 877 428 ὄντα
911 386 966 436 ὥς
993 388 1094 437 ἔστι,
1130 387 1179 428 τὰ
1205 389 1246 428 δὲ
1261 387 1440 442 γινόμενα
1461 392 1531 433 οὐκ
1553 390 1647 433 ὄντα

233 455 306 506 μὲν
328 455 384 495 ἀεὶ
409 454 498 494 οὐδὲ
517 451 703 502 ὡσαύτως
724 453 884 506 ἔχοντα,
914 454 981 495 διὰ
1011 455 1053 495 δὲ
1082 457 1152 507 τῆς
1173 455 1351 508 γενέσεως
1371 458 1430 497 ἐπὶ
1449 458 1519 510 τὴν
1537 462 1646 514 φθο-

236 520 330 576 ράν,
366 519 446 561 εἶτα
474 521 516 569 ἐξ
545 521 689 574 ἐκείνης
720 522 780 562 ἐπὶ
808 521 881 575 τὴν
898 522 1043 576 γένεσιν
1065 521 1376 576 ἀναστρέφοντα,
1404 525 1531 566 καὶτὸ
1551 523 1646 566 εἶναι

233 589 306 639 μὲν
337 586 544 637 ἀθάνατα,
578 586 623 627 τὸ
655 587 696 628 δὲ
724 587 1046 641 μεταβάλλεσθαι
1075 586 1326 642 ἇλλοιότερα·
1359 590 1413 638 εἷς
1432 588 1552 632 ἑαυτὰ
1570 592 1678 647 γὰρό

234 654 513 709 ἀναχωροῦντα
543 658 590 709 τῇ
610 654 682 706 μὲν
703 655 816 713 οὐσία
838 655 918 697 ἔστι
927 686 940 706 ,
966 660 1015 710 τῇ
1036 655 1079 696 δὲ
1100 659 1240 712 φθορᾷ
1261 658 1424 708 γίνεται,
1455 656 1648 713 τηρούσης

232 721 336 762 αὐτὰ
353 725 423 774 τῆς
445 719 600 776 φύσεως
621 722 719 776 παρ’
743 719 864 777 ἑαυτῇ
884 720 1132 777 προαγούσης
1152 738 1193 763 τε
1223 717 1342 771 αὖθις
1359 723 1414 770 εἷς
1431 723 1649 779 τούμφανὲς

233 787 336 829 κατὰ
363 787 456 836 τοὺς
484 787 561 829 ὑπὸ
590 792 662 828 τοῦ
689 790 929 844 δημιουργοῦ
954 790 1139 838 τεθέντας
1155 787 1282 845 ὅρους.
1348 787 1472 830 ταῦτά
1492 806 1611 846 φησιν
1629 789 1650 832 ὅ

235 853 349 909 λόγος
380 855 447 895 διὰ
476 854 546 908 τὴν
573 854 789 910 ἀρχέτυπον
809 861 879 910 τῆς
902 857 1000 897 καθ’
1024 854 1130 909 ἡμᾶς
1149 856 1343 904 πολιτείας
1361 854 1456 909 ὄψιν
1463 887 1476 907 ,
1509 857 1578 913 ἐφ’
1603 851 1650 910 ἧς

233 921 346 974 ῗσμεν
373 921 449 977 πρὸ
485 920 614 976 πάσης
639 922 763 978 ἀρχῆς
786 923 858 977 τὴν
875 928 944 965 τοῦ
968 922 1165 979 ἱππάρχου
1187 921 1352 975 δύναμιν
1359 954 1384 982 ³.
1407 920 1462 971 ὥς
1488 923 1648 979 εἴρηται,
1660 929 1702 964 10

231 990 434 1043 γενέσθαι·
470 987 551 1030 εἶτα
581 987 635 1039 ὡς
666 990 905 1046 ἀπαλιφεῖσα
935 991 1056 1044 ἐκείνη
1079 994 1135 1047 τῷ
1149 988 1281 1046 χρόνῳ
1309 992 1364 1038 εἷς
1383 990 1455 1043 τὴν
1473 989 1650 1046 ὕπαρχον

230 1054 404 1112 μετεφύη
423 1055 552 1110 τιμήν.
619 1057 740 1110 αὐτῆς
761 1059 802 1098 δὲ
823 1058 867 1099 τὸ
890 1059 1103 1110 πολίτευμα
1123 1055 1454 1112 παραλαβούσης,
1481 1051 1603 1106 αὖθις
1624 1055 1650 1111 ἦ

231 1125 413 1174 βασιλεία
435 1126 489 1172 εἷς
509 1123 580 1176 τὴν
598 1128 670 1164 τοῦ
689 1123 885 1179 ἱππάρχου
904 1125 1084 1179 περιέστη
1102 1126 1256 1178 χρείαν·
1291 1124 1356 1164 καὶ
1375 1127 1576 1178 προῆλθεν
1596 1126 1650 1173 εἷς
1707 1127 1710 1131 ’

229 1189 274 1230 τὸ
301 1190 422 1241 μέσον
432 1221 444 1238 ,
477 1193 630 1241 μᾶλλον
649 1191 690 1230 δὲ
709 1191 932 1245 προηνέχθη
949 1189 1025 1231 ὕπὸ
1044 1194 1114 1243 τῆς
1131 1194 1208 1230 τῶν
1224 1188 1465 1245 πραγμάτων
1495 1188 1651 1245 φύσεως

229 1253 255 1307 ἡ
277 1257 368 1310 πρὶν
388 1256 628 1311 ἀπαλιφεῖσα
651 1256 708 1296 δι’
733 1255 867 1312 ἑτέρας
883 1258 1147 1311 προσηγορίας
1165 1254 1265 1310 ἀρχή
1279 1287 1291 1304 ,
1323 1256 1424 1298 κατὰ
1440 1258 1562 1310 μηδὲν
1578 1258 1649 1310 μὲν
1662 1263 1704 1297 15

231 1321 457 1363 ἀποδέουσα
482 1327 551 1375 τῆς
572 1324 715 1371 οἰκείας
735 1321 989 1371 ὑποστάσεως
996 1354 1008 1373 ,
1041 1324 1184 1375 μείζονι
1203 1322 1245 1362 δὲ
1265 1321 1424 1375 δυνάμει
1443 1325 1508 1364 καὶ
1526 1339 1651 1379 προσ-

230 1387 340 1444 θήκῃ
361 1393 438 1430 τῶν
459 1389 529 1431 οὐκ
549 1388 671 1431 ὄντων
693 1390 792 1445 αὐτῇ
810 1389 855 1431 τὸ
876 1392 966 1445 πρὶν
985 1389 1236 1444 ὠχυρωμένη.

366 1454 443 1499 24.
510 1458 593 1497 Καὶ
619 1458 757 1510 μηδεὶς
784 1456 883 1512 πρὸς
903 1457 948 1497 τὸ
970 1456 1104 1497 καινὸν
1122 1460 1193 1508 τῆς
1213 1456 1476 1511 προσηγορίας
1499 1455 1653 1511 ἀποπη-

230 1519 360 1563 δάτω·
397 1525 431 1564 εἷ
457 1522 534 1578 γὰρ
562 1523 694 1564 ἀπίδοι
723 1524 900 1575 ἐμμελῶς
920 1525 974 1571 εἷς
998 1523 1048 1564 τὰ
1067 1521 1300 1578 πράγματα,
1327 1522 1418 1563 οὐδὲ
1441 1522 1564 1577 αὐτὴν
1582 1523 1653 1577 τὴν

231 1590 453 1641 ἐπωνυμίαν
478 1594 548 1642 τῆς
575 1589 700 1645 ἀρχῆς
726 1591 1006 1646 ὃιαφωνοῢσαν
1029 1589 1128 1645 πρὸς
1151 1587 1292 1642 ἑαυτὴν
1309 1587 1474 1643 εὑρήσει.
1539 1588 1560 1631 ὃ
1578 1591 1706 1642 aeno

231 1655 306 1710 γὰρ
326 1659 523 1711 ’ἵππαρχος
541 1661 671 1711 παρῆν
691 1656 749 1697 ἀεὶ
773 1656 829 1713 τῷ
850 1656 936 1712 ῥηγὶ
953 1655 979 1709 ἢ
997 1660 1053 1713 τῷ
1074 1654 1280 1711 μονάρχῳ,
1313 1660 1383 1708 τῆς
1402 1657 1474 1708 μὲν
1495 1656 1653 1711 ἱππικῆς

229 1721 433 1776 δυνάμεως
461 1720 696 1778 ἡγούμενος,
730 1726 799 1777 τῆς
827 1724 871 1765 δὲ
899 1723 1022 1778 αὐλῆς
1047 1721 1176 1777 πάσης
1201 1721 1471 1778 προεστηκιῦς,
1504 1722 1602 1765 ὥστε
1629 1721 1650 1765 ὅ

316 1848 453 1928 4η1εἴτε
490 1850 605 1896 vulgo.
785 1849 836 1896 τῷ
857 1868 902 1875 -
923 1848 1003 1895 τῷὶ)
1189 1851 1231 1886 11
1264 1852 1300 1884 et
1333 1847 1376 1885 15
1410 1844 1650 1894 ἄπολοιφεῖσοι

316 1907 341 1929 v
375 1906 433 1940 go.

316 2006 373 2041 23.
420 2004 544 2040 Omnia
573 2015 662 2050 quae
691 2008 791 2050 sunt,
821 2009 857 2040 et
876 2005 1061 2051 gignuntur
1083 2007 1119 2040 et
1140 2008 1220 2040 sunt
1241 2006 1423 2046 secundum
1444 2004 1527 2040 boni
1548 2008 1649 2040 natu-

224 2063 316 2086 ram:
347 2051 470 2094 partim
493 2051 742 2095 quippe-sunt,
767 2055 805 2085 ut
824 2058 923 2094 sunt3
954 2051 1075 2095 partim
1098 2062 1181 2085 vero
1203 2050 1404 2095 gignuntur,
1428 2061 1538 2094 neque
1559 2062 1648 2084 sem-

253 2107 291 2129 er
323 2100 422 2138 sunt,
453 2107 564 2140 neque
598 2097 715 2130 eadem
746 2102 900 2140 manent,
934 2097 996 2130 sed
1026 2109 1088 2142 per
1118 2100 1227 2129 ortum
1249 2097 1292 2129 ad
1313 2095 1486 2129 interitum
1509 2094 1583 2128 sive
1605 2097 1649 2130 ab

224 2109 292 2174 Boc
322 2141 366 2173 ad
395 2145 504 2173 ortum
533 2146 732 2182 vertuntur3
767 2146 932 2184 quatenus
965 2147 1060 2185 sunt,
1092 2140 1308 2183 immortalia,
1340 2145 1505 2184 quatenus
1538 2145 1650 2173 autem

224 2188 414 2227 mutantur,
438 2196 459 2216 a
481 2190 589 2218 semet
611 2185 767 2219 diversa:
800 2186 836 2218 in
857 2191 965 2219 semet
987 2186 1074 2220 enim
1095 2185 1275 2219 redeuntia
1297 2185 1406 2230 quoad
1428 2184 1650 2219 substantiam

225 2234 323 2272 sunt,
347 2229 460 2272 quoad
480 2229 655 2263 interitum
677 2242 760 2263 vero
777 2230 978 2274 gignuntur,
1002 2236 1122 2265 natura
1145 2243 1186 2264 ea
1209 2230 1298 2274 apud
1320 2242 1358 2263 se
1379 2233 1558 2272 servante,
1581 2228 1648 2262 ite-

224 2285 367 2319 rumque
402 2273 438 2306 in
468 2272 577 2307 lucem
606 2276 803 2318 proferente
834 2275 929 2309 iuxta
959 2276 1052 2320 leges
1084 2287 1104 2308 a
1137 2287 1250 2309 rerum
1281 2275 1402 2319 opifice
1435 2273 1650 2308 constitutus.

223 2319 311 2353 haec
343 2330 636 2352 commemoramus
669 2321 711 2353 ob
743 2320 914 2364 antiquam
939 2321 989 2353 rei
1012 2321 1165 2365 publicae
1187 2325 1324 2353 nostrae
1346 2319 1488 2361 faciem,
1523 2317 1561 2351 in
1582 2329 1651 2362 qua

224 2364 350 2398 scimus
373 2369 452 2396 ante
476 2375 591 2397 omnes
611 2365 827 2407 magistratus
850 2365 1003 2408 magistri
1026 2366 1174 2410 equitum
1197 2370 1420 2408 potestatem,
1442 2362 1543 2396 sicuti
1559 2362 1647 2396 dixi-

224 2420 317 2451 mus,
341 2408 468 2451 fuisse,
490 2409 613 2443 deinde
637 2410 803 2452 quomodo
827 2409 884 2442 illa
905 2416 1057 2454 tempore
1073 2410 1222 2444 extincta
1235 2409 1271 2442 in
1286 2410 1534 2452 praefecturam
1547 2419 1648 2452 prae-

225 2453 308 2487 torii
330 2453 467 2487 abierit.
514 2464 582 2497 qua
603 2454 860 2487 administrante
886 2465 957 2488 rem
984 2455 1169 2499 publicam,
1199 2453 1323 2487 accidit
1343 2458 1382 2487 ut
1403 2463 1520 2486 rursus
1542 2452 1648 2496 magi-

224 2504 298 2532 stro
322 2498 473 2542 equitum
496 2498 679 2543 imperator
699 2499 888 2543 indigeret3
912 2500 1146 2544 processitque
1168 2498 1204 2531 in
1226 2498 1388 2541 medium,
1410 2508 1472 2531 seu
1494 2497 1608 2542 potius
1629 2507 1650 2530 a

224 2554 338 2577 rerum
360 2549 480 2578 natura
502 2545 685 2588 productus
710 2549 774 2587 est,
798 2543 929 2578 deletus
952 2544 1029 2578 olim
1051 2544 1117 2578 alio
1140 2543 1274 2577 nomine
1290 2543 1516 2587 magistratus,
1539 2551 1651 2585 neque

224 2588 406 2632 quicquam
437 2599 551 2622 eorum
576 2600 663 2632 quae
686 2588 827 2633 propria
850 2588 895 2621 illi
919 2590 1055 2623 fuerant
1075 2600 1141 2622 non
1163 2594 1302 2632 tenens,
1339 2594 1375 2621 et
1406 2586 1525 2621 maiori
1549 2591 1648 2631 pote—

223 2638 333 2675 state,
358 2633 550 2678 additisque
573 2645 661 2678 quae
683 2639 784 2667 antea
806 2645 873 2666 non
895 2634 1049 2677 fuerant,
1073 2635 1218 2667 firmata.

314 2678 372 2711 24.
418 2678 468 2711 Ac
491 2690 587 2712 nemo
610 2684 753 2723 propter
774 2678 918 2712 nominis
941 2679 1125 2712 novitatem
1148 2689 1168 2710 a
1191 2677 1290 2711 nobis
1306 2676 1500 2710 dissentiat:
1524 2673 1648 2709 etenim

223 2722 255 2755 si
279 2728 376 2756 recte
401 2723 671 2758 consideraverit
695 2735 784 2766 rem,
818 2735 862 2757 ne
890 2723 998 2768 ipsam
1029 2723 1164 2767 quidem
1188 2721 1447 2767 appellationem
1469 2719 1647 2763 magistra-

223 2772 279 2800 tus
302 2779 323 2801 a
346 2774 454 2802 semet
475 2768 671 2812 discrepare
693 2768 858 2812 reperiet.
904 2780 979 2802 nam
1011 2767 1173 2811 magister
1203 2767 1352 2811 equitum
1374 2776 1510 2810 semper
1530 2763 1651 2815 aderat

223 2812 297 2856 regi
330 2818 389 2847 aut
417 2812 589 2858 singulare
619 2813 796 2858 imperium
818 2813 970 2859 tenenti,
1005 2812 1212 2859 equestrium
1234 2811 1406 2858 copiarum
1429 2810 1496 2845 dux
1517 2812 1650 2851 tothue
