1748 3210
208 204 301 250 178
726 202 948 246 IOANNIS
983 202 1114 245 LYDI

206 315 360 359 καὶτὸν
379 316 450 370 μὲν
472 311 678 371 λεγόμενον
700 312 883 370 χρησμὸν
909 318 992 362 τοῖς
1019 314 1106 369 περὶ
1135 320 1268 370 μηνῶν
1295 323 1500 376 γραφεῖσιν
1527 317 1632 362 ἔνη-

206 385 417 436 θείκαμεν,
450 383 573 438 πέρας
594 383 637 422 δὲ
655 385 807 434 μᾶλλον
826 378 912 433 ἴσχε
932 380 984 421 τὰ
1002 385 1166 422 τοιαῦτα
1184 384 1457 438 μαντεύματα·
1491 385 1630 441 Κύρου

204 449 280 506 γάρ
303 466 408 498 τινος
427 449 671 502 Αἷγυπτιόυ,
706 447 767 487 ἐπὶ
795 451 975 502 ποιητικῇ
1006 449 1072 488 καὶ
1097 452 1167 489 νῦν
1194 452 1508 503 θαυμαζομένου,
1545 453 1630 506 ἅμα

198 518 277 570 τὴν
295 517 510 570 πολίαρχον
530 514 615 566 ἅμα
635 514 707 567 τὴν
724 518 802 555 τῶν
818 515 1067 570 πραιτωρίων
1085 515 1331 570 ἐπαρχότητα
1348 518 1544 570 διέποντος
1563 521 1629 560 καὶ

203 584 327 637 μηδὲν
354 581 450 622 ἄλλο
478 581 586 636 παρὰ
606 581 678 634 τὴν
694 582 848 634 ποίησιν
868 582 1138 634 ἐπισταμένου,
1174 580 1255 623 εἶτα
1278 588 1503 638 παραβῆναι
1519 590 1660 641 θαρ-5

203 647 396 704 ρήσαντος
425 648 497 701 τὴν
521 647 694 688 παλαιὰν
720 647 939 702 [συνήθειαν
967 650 1032 690 καὶ
1062 648 1134 698 τὰς
1154 647 1320 704 ψήφους
1336 647 1495 691 Ἑλλάδι
1517 656 1631 707 φωνῇ

201 712 517 770 προενεγκόντος,
551 714 624 757 σὺν
643 718 694 771 τῇ
705 713 909 768 Ῥωμαίων
930 720 1043 772 φωνῇ
1064 717 1129 757 καὶ
1155 715 1226 770 τὴν
1245 715 1367 769 τύχην
1389 716 1582 770 ἀπέβαλεν
1603 717 1630 773 ἦ

201 780 319 838 ἀρχή·

337 847 410 892 13.
470 845 542 896 τΩς
560 841 630 888 οὖν
649 845 762 903 ξ’φην,
787 851 858 889 τοῦ
878 848 950 901 μέν
972 845 1168 904 ἱππάρχου
1189 849 1289 904 πρὸς
1305 852 1377 891 τοῦ
1393 845 1630 903 Αὐγούστου

199 915 243 956 ἐκ
263 918 342 956 τῶν
361 914 494 969 ἀρχῶν
515 915 853 970 περιαιρεθέντος,
898 919 971 956 τοῦ
995 917 1037 956 δὲ
1065 914 1238 971 ἐπάρχου
1271 920 1350 957 τῶν
1381 916 1630 972 πραιτωρίων
1641 924 1682 958 10

199 982 272 1034 τὴν
301 981 446 1022 ἐκείνου
475 979 643 1034 δύναμιν
673 981 978 1033 διαδεξαμένου,
1033 982 1135 1031 εῗκὸς
1163 982 1390 1037 ὄγκωθῆναι
1418 982 1535 1023 πλέον
1559 981 1631 1036 τὴν

201 1046 346 1104 ἀρχήν,
389 1054 470 1096 τοῖς
490 1046 625 1096 ὅπλοις
644 1050 926 1103 προστεθείσης
945 1050 1010 1089 καὶ
1031 1054 1101 1102 τῆς
1120 1053 1198 1090 τῶν
1218 1052 1426 1090 πολιτικῶν
1443 1046 1631 1104 πραγμά-

198 1130 278 1157 των
297 1113 546 1167 διοικήσεως·
581 1114 695 1155 οὗδέν
716 1115 758 1155 δὲ
775 1109 892 1167 ἧττον
912 1116 997 1168 ἴχνη
1017 1116 1104 1157 τινὰ
1126 1120 1197 1168 τῆς
1218 1116 1430 1172 ἱππαρχίας
1448 1116 1630 1171 παραπέ-

197 1198 327 1235 μεινεν
347 1181 451 1236 αὐτῇ
458 1211 471 1230 ,
503 1184 649 1235 μικρᾶς
665 1181 770 1229 τινὸς
786 1184 1044 1235 παραλλαγῆς
1062 1181 1318 1235 ἐμπεσούσης.
1363 1182 1543 1236 μανὸύην
1557 1183 1629 1235 μὲν

198 1248 274 1302 γὰρ
292 1246 314 1288 ὅ
335 1247 506 1302 ἔπαρχος
524 1246 798 1301 περιεβάλλετο
817 1248 956 1303 Κῷον·
990 1248 1054 1288 ἐπ’
1074 1249 1218 1302 ἐκείνης
1236 1249 1312 1304 γὰρ
1333 1254 1404 1302 τῆς
1419 1248 1541 1302 νήσου
1562 1250 1627 1290 καὶ
1641 1256 1681 1291 15

197 1312 322 1367 μόνης
341 1311 366 1367 ἦ
386 1314 597 1368 βαθυτέρα
612 1313 728 1368 βαφὴ
748 1317 820 1354 τοῦ
842 1318 1020 1369 φοινικοῦ
1036 1313 1251 1369 χρώματος
1275 1315 1319 1356 τὸ
1338 1317 1430 1370 πρὶν
1453 1317 1627 1370 ἐπῃνεῖτο

197 1380 584 1433 κατασκευαζομένη·
622 1378 647 1433 ἦ
666 1380 741 1435 γὰρ
764 1380 894 1435 ἠρέμα
915 1397 997 1429 πως
1019 1381 1079 1420 ἐπὶ
1100 1381 1144 1422 τὸ
1164 1379 1349 1436 φλόγινον
1371 1382 1437 1422 καὶ
1458 1381 1505 1422 οὗ
1525 1380 1629 1437 σφό-

199 1449 278 1502 δρα
315 1446 430 1499 βαθὺ
468 1446 715 1500 ἄναπτομὲνη
747 1447 846 1501 πρὸς
870 1449 1126 1503 Παρθυαίων
1160 1446 1391 1502 ἐξηύρηται,
1435 1446 1531 1490 ὅθεν
1562 1450 1629 1489 καὶ

198 1514 396 1569 Παρθικὰ
412 1513 462 1554 τὰ
482 1517 725 1569 φλογυβαφῆ
742 1514 919 1568 δέρματα
940 1516 1145 1566 συμβαίνει
1167 1518 1389 1556 καλεῖσθαι.
1431 1513 1452 1556 ὅ
1469 1515 1511 1556 δὲ
1525 1531 1629 1567 μαν-

198 1579 297 1634 δύης
309 1579 519 1633 χλαμύδος
537 1578 639 1628 εἶδός
655 1581 735 1621 ἐστι
746 1611 758 1630 ,
792 1580 837 1620 τὸ
855 1581 965 1636 παρὰ
983 1585 1038 1636 τῷ
1058 1580 1204 1634 πλήθει
1224 1583 1388 1634 μαντιόν
1408 1579 1683 1636 λεγόμενον,20

195 1648 252 1700 μὴ
271 1648 388 1687 πλέον
405 1646 498 1701 ἄχρι
519 1645 695 1700 γονάτων
715 1648 756 1695 ἐξ
778 1645 898 1699 ὤμων
919 1647 1157 1702 ἠρτημένον,
1201 1648 1426 1702 σηγμὲντων
1450 1648 1520 1690 οὔκ
1541 1649 1628 1689 ἐπι-

193 1714 447 1767 βαλλομένων
466 1716 523 1769 τῷ
544 1712 723 1768 μανδύῃ,
757 1717 836 1754 τῶν
861 1714 903 1754 δ’
927 1715 967 1754 ἐν
992 1712 1085 1767 ἡμῖν
1110 1715 1326 1768 λεγομένων
1349 1718 1520 1756 ταυλιῶν
1542 1714 1629 1756 ἀντὶ

193 1785 266 1822 τοῦ
279 1782 472 1834 πτυχίων·
507 1779 660 1820 ἐκείνων
686 1779 762 1835 γὰρ
795 1781 1074 1834 ἐπιτιθεμένων
1102 1781 1175 1822 οὐκ
1201 1782 1291 1835 ἐξῆν
1322 1780 1441 1839 ἑτέρῳ
1473 1780 1500 1834 ἢ
1516 1780 1627 1838 μόνῳ

187 1851 370 1903 χρῆσθαι
404 1850 462 1903 τῷ
491 1848 682 1902 Καίσαρι.
749 1848 946 1901 σηγμέντα
983 1849 1025 1889 δὲ
1059 1847 1109 1889 τὰ
1138 1847 1379 1904 χρυσόσημα
1411 1847 1628 1902 εΡωμαιόις

285 1952 327 1986 15
350 1951 464 1997 Κῴαν
486 1952 604 1995 vulgo.
740 1952 782 1986 21
803 1947 830 1994 ἢ
853 1951 948 1986 addit
970 1951 1015 1986 F.
1149 1953 1196 1986 22
1213 1950 1253 1987 δ’
1277 1954 1344 1988 add
1365 1953 1411 1987 F.

191 2041 283 2085 quod
301 2039 484 2082 oraculum,
507 2044 546 2073 ut
568 2043 703 2083 vocant,
725 2043 843 2073 nostro
864 2041 908 2074 de
929 2041 1102 2074 mensibus
1124 2041 1287 2075 tractatui
1306 2041 1522 2076 inseruimus.
1549 2041 1627 2075 exi-1

190 2091 261 2118 tum
294 2096 378 2118 vero
411 2085 528 2128 utique
559 2085 644 2118 haec
665 2085 829 2118 vaticinia
851 2085 1019 2119 habuere:
1051 2091 1230 2130 postquam
1251 2086 1339 2120 enim
1357 2087 1470 2129 Cyrus
1487 2085 1624 2130 quidam

189 2130 401 2173 Aegyptius,
437 2141 537 2172 quem
558 2131 602 2163 ob
627 2130 747 2172 poesin
768 2130 948 2163 etiamnum
971 2131 1196 2173 admirantur,
1227 2133 1444 2175 praefectura
1466 2131 1560 2165 urbis
1588 2135 1625 2166 et

190 2174 356 2220 praetorii
387 2173 485 2206 simul
511 2174 675 2216 fungens,
710 2186 821 2218 neque
850 2174 941 2208 alind
970 2175 1150 2219 quicquam
1181 2182 1319 2220 praeter
1347 2177 1470 2220 poesin
1497 2176 1623 2220 sciens,

189 2224 342 2252 veterem
360 2218 637 2251 consuetudinem
661 2219 856 2262 transgredi
881 2230 982 2253 ausus
1006 2226 1059 2253 est
1081 2221 1288 2264 decretaque
1312 2222 1447 2255 Graeco
1466 2232 1623 2255 sermone

190 2263 344 2309 protulit,
369 2274 442 2296 cum
460 2263 614 2296 Romana
636 2262 752 2307 lingua
773 2265 943 2297 fortunam
965 2276 1101 2309 quoque
1123 2266 1341 2309 magistratus
1362 2265 1487 2300 amisit.

283 2309 338 2342 13.
384 2307 552 2350 Magistro
576 2308 746 2351 equitum,
774 2314 813 2342 ut
830 2309 919 2353 dixi,
954 2311 996 2342 ab
1018 2312 1172 2353 Augusto
1192 2323 1210 2343 e
1229 2311 1481 2354 magistratibus
1505 2321 1621 2344 exem-

188 2357 261 2398 pto,
285 2353 428 2396 eiusque
445 2357 618 2397 potestate
639 2353 681 2385 ad
699 2354 909 2397 praefectum
931 2355 1105 2398 praetorio
1123 2354 1246 2398 delata,
1272 2367 1413 2388 necesse
1429 2354 1496 2388 fuit
1512 2356 1621 2399 magis

189 2398 307 2431 efferri
324 2398 575 2441 magistratum,
613 2397 714 2430 armis
741 2398 899 2432 adiuncta
917 2399 1066 2433 civilium
1089 2410 1201 2433 rerum
1222 2399 1533 2434 administratione:
1565 2400 1620 2434 ni-

187 2443 258 2476 hilo
282 2454 365 2477 vero
389 2442 497 2476 minus
517 2442 666 2486 vestigia
689 2445 854 2486 quaedam
876 2444 1031 2488 magistri
1055 2444 1204 2488 equitnm
1227 2445 1396 2487 muneris,
1435 2455 1544 2489 parva
1565 2444 1620 2478 in-

186 2489 386 2522 tercedente
405 2487 601 2530 mutatione,
628 2487 661 2520 ei
678 2493 886 2522 manserunt.
931 2491 1099 2532 mandyen
1121 2489 1208 2522 enim
1229 2490 1423 2533 praefectus
1447 2489 1621 2534 praetorio

188 2535 333 2576 gerebat
356 2533 461 2566 Coam
486 2532 559 2575 (ina
581 2532 708 2577 quippe
731 2533 859 2576 insula,
894 2546 1003 2578 eaque
1032 2535 1123 2576 sola,
1157 2539 1231 2566 arte
1257 2534 1456 2567 saturatiori
1473 2535 1620 2578 puniceo

189 2578 303 2611 colore
322 2578 496 2611 inficiendi
514 2577 659 2611 celebris
683 2578 761 2611 olim
786 2578 870 2611 fuit:
907 2591 983 2613 nam
1005 2580 1064 2624 qui
1084 2580 1238 2612 flammeo
1262 2579 1360 2623 quasi
1382 2580 1525 2624 propior
1548 2579 1618 2613 cla-

187 2621 346 2666 riorque,
370 2634 391 2656 a
408 2622 545 2656 Parthis
563 2623 723 2656 inventus
744 2628 813 2664 est3
840 2625 929 2657 unde
953 2625 1055 2658 etiam
1077 2624 1232 2667 parthica
1253 2623 1359 2668 pelles
1381 2625 1534 2658 flammeo
1558 2635 1615 2657 co·

186 2666 258 2699 lore
279 2668 407 2701 tinctae
435 2667 605 2701 dicuntur.
653 2673 706 2701 est
736 2673 847 2702 autem
870 2670 1032 2712 mandyes
1056 2668 1241 2711 chlamydis
1265 2679 1384 2713 genus,
1409 2670 1500 2714 quod
1522 2679 1616 2702 man-

185 2711 269 2745 tium
294 2712 415 2755 vulgus
432 2712 591 2757 appellat,
613 2714 656 2747 ab
676 2713 823 2746 humeris
846 2713 935 2748 haud
954 2714 1056 2748 altius
1077 2725 1174 2757 quam
1193 2715 1233 2747 ad
1255 2725 1367 2758 genua
1386 2714 1616 2759 promissum),

184 2766 252 2788 non
270 2757 456 2799 segmentis
473 2758 534 2791 sed
552 2757 707 2800 sinubus,
730 2769 814 2802 quas
832 2758 954 2792 taulias
978 2759 1142 2802 (tabulas)
1162 2760 1251 2803 apud
1271 2770 1332 2792 nos
1355 2765 1492 2802 vocant,
1514 2769 1616 2791 orua-

184 2804 273 2834 tam:
295 2801 362 2835 illis
384 2802 474 2837 enim
495 2813 617 2838 ornare
634 2807 766 2838 vestem
790 2803 916 2838 nemini
937 2803 1004 2838 nisi
1020 2803 1079 2838 uni
1105 2804 1246 2839 Caesari
1269 2803 1407 2839 licebat.
1440 2807 1617 2848 segmenta
