1748 3210
401 218 477 262 DE
502 216 955 263 MAGISTRATIBUS
988 218 1035 262 P.
1058 217 1112 262 R.
1145 217 1248 262 LIB.
1270 216 1348 262 111.
1513 218 1611 265 211

156 329 282 380 reiron
303 334 371 377 καὶ
386 329 702 388 κοινωνήσαντας
720 332 832 392 αὐτῷ
847 337 919 389 τῆς
933 334 1152 387 βασιλείας,
1177 330 1240 376 ὅτε
1260 330 1438 388 Κωάδης
1455 330 1476 375 ὃ
1494 331 1610 389 Πέρ-

157 420 233 460 σης
248 403 504 460 ἐφλέγμαινε,
531 403 733 445 Λεοντίου
751 402 825 457 τὴν
840 400 1093 459 ἔπαρχότητα
1115 403 1339 454 διέποντος,
1374 400 1522 458 ἀνδρὸς
1540 417 1611 442 νο-

156 470 404 528 μικωτάτου,
430 472 456 526 ἥ
475 488 516 513 τε
534 471 735 523 βασιλέως
756 471 854 528 ὀργὴ
877 469 1087 525 δημεύσεις
1110 488 1152 513 τε
1177 472 1242 512 καὶ
1265 469 1520 528 ἅφορισμούς
1538 469 1611 511 οὐκ

158 539 262 597 ἄλλῃ
286 542 362 582 τινὶ
389 544 469 583 τῶν
492 539 628 595 ἀρχῶν
646 537 673 593 ἢ
689 537 795 596 μόνῃ
813 543 865 595 τῇ
883 538 1122 595 ἕπαρχότητι
1142 538 1194 582 τὰ
1214 542 1286 594 τῆς
1306 536 1613 594 ἀγανακτήσεως

122 609 377 653 ὅὲπίστευεν·
412 610 454 651 ἓν
481 601 509 664 ᾗ
533 605 734 662 τοσαύτην
755 607 1002 657 ἐπεδείξαντο
1021 609 1256 650 δυναστείαν
1273 624 1316 650 τε
1337 608 1404 650 καὶ
1423 604 1613 649 σύντονον

153 677 374 733 ἓντρέχειαν
404 676 443 718 οἶ
471 674 559 717 τότε
587 677 934 732 κομμενταρίσιοι,
965 676 1068 730 μετὰ
1090 674 1223 730 πάσης
1241 673 1525 733 καθαρότητος
1544 676 1614 717 καὶ

153 745 312 799 ἀποχῆς
336 745 528 794 παντοίας
551 743 614 785 ἐπὶ
642 744 796 799 κλοπὴν
822 742 1001 798 ἑστώσης
1019 746 1240 801 περινοίας,
1277 743 1377 787 ὥστε
1402 743 1473 787 τὸν
1489 748 1615 798 βασι-

154 813 226 856 λὲα
245 811 519 867 θαυμάσαντα
537 811 611 867 τὴν
626 811 772 869 ἀρετὴν
792 817 872 855 τῶν
895 811 983 855 τότε
1002 813 1327 867 στρατευομένων
1350 810 1486 862 πάσας
1509 811 1613 854 ἄνα-

154 879 382 932 κυπτούσας
405 882 567 938 χρείας,
600 881 702 934 μεθ’
729 880 778 931 ἃς
795 882 862 923 καὶ
882 880 956 934 τὴν
980 880 1085 922 κατὰ
1104 882 1388 932 Μακεδονιόυ,
1424 878 1512 923 τότε
1539 879 1612 935 τὴν

98 959 144 995 10
152 951 345 1005 βασιλίδα
372 948 486 991 πόλιν
512 950 840 1000 ἐπισκοποῦντας,
879 946 1150 1004 ἀγανάκτησιν
1178 946 1234 998 ὡς
1258 947 1374 1004 λόγος
1395 950 1484 1004 περὶ
1510 965 1612 990 vem-

151 1022 341 1076 τερισμοῦ
362 1015 571 1074 δογμάτων
592 1016 890 1068 ἆποκλείοντος,
926 1016 1063 1066 αὐτοῖς
1081 1017 1295 1074 ἐγχειρίσαι
1305 1048 1318 1068 ,
1346 1016 1446 1071 λέγω
1465 1018 1510 1059 δὲ
1527 1023 1613 1066 τοῖς

147 1087 232 1130 ’τῶν
248 1084 432 1143 ἐπάρχων
453 1088 812 1142 κομμενταρισίοις,
846 1086 974 1129 καίτοι
996 1085 1172 1141 Κέλερος
1189 1089 1262 1128 τοῦ
1281 1082 1442 1128 πάντων
1463 1083 1612 1142 φιλτά-

147 1171 222 1197 του
250 1152 449 1211 παρόντος
469 1158 525 1211 τῷ
550 1157 714 1207 βασιλεῖ
735 1155 802 1198 καὶ
825 1154 899 1209 τὴν
915 1158 986 1197 τοῦ
1005 1154 1218 1209 λεγομένου
1233 1155 1457 1211 μαγίστρου
1481 1170 1611 1211 φρον·

147 1223 242 1266 τίδα
263 1223 440 1276 κοσμίως
459 1220 661 1271 ἀνύοντος.

94 1301 140 1338 15
289 1291 364 1336 18.
434 1291 519 1334 Καὶ
551 1294 681 1333 ταῦτα
714 1290 787 1342 μὲν
821 1287 864 1332 ἴκ
892 1307 934 1333 τε
963 1294 1074 1333 θεῶν
1107 1288 1150 1332 ἔκ
1181 1289 1224 1333 τ’
1249 1286 1480 1348 ἀνθρώπων
1502 1287 1609 1331 ἀπό-

147 1363 274 1402 λωλε·
308 1359 354 1401 τὸ
382 1358 461 1415 γὰρ
488 1358 627 1400 λοιπὸν
648 1357 740 1400 οὐδ’
763 1359 804 1399 ἓν
826 1356 932 1415 λόγῳ
956 1358 1110 1410 οὐδ’ἐν
1131 1358 1311 1416 ἀριθμῷ.
1379 1356 1540 1412 ἐκόσμει
1563 1359 1609 1400 δὲ

147 1426 265 1470 οὐδὲν
292 1420 412 1481 ἦττον
442 1426 515 1481 τὴν
547 1424 798 1482 πολύτροπον
827 1428 1062 1470 δυναστείαν
1087 1431 1159 1469 τοῦ
1184 1427 1362 1483 σκρινιόυ
1384 1429 1450 1468 καὶ
1477 1425 1503 1481 ἥ
1526 1431 1608 1468 τῶν

81 1542 85 1546 .
145 1496 365 1551 λεγομένων
383 1495 583 1548 κομέντων
602 1496 762 1544 ἐξουσία
784 1492 1006 1552 ὑπερφυής.
1076 1494 1096 1537 ὃ
1118 1495 1195 1551 γὰρ
1215 1494 1412 1552 ὕπαρχος,
1446 1493 1474 1550 ἢ
1492 1494 1607 1551 παρὰ

143 1564 343 1617 βασιλέως
374 1561 657 1619 θαρρούμενος
688 1561 715 1616 ἢ
745 1562 867 1612 αὐτὸς
889 1563 995 1606 κατὰ
1015 1563 1085 1606 τὸν
1107 1562 1232 1617 νόμον
1253 1561 1482 1616 κινούμενος
1489 1594 1503 1614 ,
1538 1565 1608 1604 καὶ

88 1630 382 1684 εοσπουδάζων
414 1629 591 1687 ἄρχοντα
625 1628 833 1673 ὁποιονοῦν
862 1630 888 1685 ἢ
922 1629 1111 1686 ὑπηκόων
1143 1632 1232 1675 τινὰ
1265 1636 1524 1689 παραστῆσαι
1548 1634 1608 1673 τῶ

237 1741 256 1775 1
281 1751 357 1774 eum
381 1739 588 1774 Theodorus
606 1738 736 1773 Lector
758 1738 933 1782 (Collect.
951 1739 999 1784 2)
1023 1738 1175 1774 Coadem
1192 1743 1228 1773 et
1241 1738 1418 1784 Evagrius
1444 1737 1605 1792 (Hister.

234 1785 374 1821 Eccles.
393 1785 416 1820 3
438 1786 526 1841 37)
533 1785 709 1818 Cabadem
728 1784 893 1830 appellat.
940 1785 970 1819 C
992 1785 1087 1819 infra
1108 1798 1140 1819 c.
1161 1786 1206 1820 53
1224 1785 1358 1830 pariter
1375 1782 1532 1828 κωάδης.
1555 1785 1602 1819 F.

231 1832 256 1868 3
276 1828 303 1875 ἧ
322 1831 380 1876 τε]
403 1829 482 1875 lego
502 1827 526 1876 ἡ
548 1831 630 1866 τοῦ.
649 1831 694 1866 F·
810 1832 831 1866 7
857 1828 1035 1877 ἑστώσης]
1062 1831 1263 1866 coniectura
1281 1843 1324 1866 ex
1344 1830 1502 1875 reliquiis
1520 1829 1603 1864 lite-

233 1888 360 1913 rarum.
383 1877 430 1912 F.
590 1877 633 1912 10
658 1876 735 1920 lego
762 1873 884 1920 λόγον.
929 1877 974 1911 de
997 1877 1205 1912 Macedonio
1227 1877 1310 1911 vide
1331 1876 1488 1932 Evagrii
1504 1876 1600 1910 Hist.

232 1922 372 1960 Eccles.
395 1923 442 1966 (3
465 1923 534 1966 32)
559 1927 595 1957 et
615 1921 796 1957 Theodori
807 1889 919 1957 y.Lect
946 1922 1170 1957 collectanea.
1202 1923 1248 1958 F.
1284 1922 1417 1977 quidni
1443 1920 1605 1965 λόγουςΤ

232 1969 277 2005 15
306 1979 344 2002 τε
374 1967 478 2013 vulgo
511 1980 579 2002 οιιι.
763 1969 805 2001 18
844 1992 873 2002 ..
907 1980 1000 2002 .των
1030 1969 1074 2002 C.
1122 1969 1169 2002 cf.
1202 1965 1388 2011 κομέντων
1409 1967 1433 2001 3
1458 1969 1514 2003 19.
1553 1969 1623 2002 F.'

233 2010 254 2049 ὁ
278 2014 346 2048 add
368 2014 414 2048 F.
509 2015 552 2048 19
572 2010 713 2058 κατὰ].
725 2024 768 2047 α.
780 2024 825 2046 α.
852 2013 895 2047 C.
986 2013 1216 2067 κινούμενος]
1236 2013 1438 2047 coniectura
1456 2025 1500 2046 ex
1517 2012 1603 2046 reli-

231 2059 324 2105 quiis
362 2058 552 2093 literarum
599 2060 654 2103 F,
691 2059 836 2103 perinde
866 2063 971 2103 atque
1003 2056 1206 2093 ὁποιονοῦν
1237 2053 1261 2104 ἢ
1294 2054 1475 2104 υπηκόων
1504 2055 1603 2101 two),

141 2150 471 2194 communicaverat,
506 2161 575 2194 quo
597 2152 755 2194 tempore
777 2149 914 2183 Coades
938 2149 1048 2183 Persa
1070 2150 1229 2193 furebat,
1253 2148 1422 2194 Leontio,
1447 2148 1526 2184 viro
1546 2149 1599 2184 le-

141 2209 221 2242 gum
239 2196 469 2242 peritissimo,
490 2195 742 2248 praefecturam
766 2195 935 2240 praetorii
957 2200 1117 2239 tenente,
1139 2195 1361 2249 imperatoris
1384 2195 1600 2249 indignatio-

141 2254 219 2277 nem
241 2243 407 2276 bonorum
430 2240 680 2286 publicationes
704 2245 740 2274 et
761 2240 993 2285 relegationes
1018 2253 1086 2275 non
1108 2241 1167 2275 alii
1192 2241 1349 2286 cuiquam
1372 2254 1392 2276 e
1412 2242 1600 2286 magistra-

141 2287 255 2331 tibus,
280 2288 344 2322 sed
364 2286 429 2321 soli
452 2287 695 2331 praefecturae
717 2286 880 2320 ultionem
904 2287 1144 2330 mandavisse3
1167 2286 1204 2321 in
1227 2298 1296 2331 qua
1319 2292 1451 2322 tantam
1472 2293 1599 2332 pot-en-

140 2333 224 2368 tiam
241 2339 381 2387 tamque
401 2343 514 2367 acrem
532 2331 707 2366 solertiam
724 2338 806 2366 tunc
823 2333 990 2378 temporis
1015 2333 1350 2376 commentarienses,
1372 2344 1448 2368 cum
1469 2343 1600 2386 summa

139 2379 341 2414 innocentia
363 2383 400 2412 et
422 2390 444 2412 a
465 2377 644 2423 multiplici
666 2378 805 2412 furandi
828 2379 943 2412 studio
968 2378 1201 2422 abstinentia,
1225 2378 1433 2422 exhibuere,
1462 2384 1502 2412 ut
1522 2378 1600 2413 vir-

139 2430 248 2460 tutem
270 2430 342 2459 tum
363 2423 581 2459 militantium
605 2423 791 2457 admiratus
821 2424 1011 2469 imperator
1034 2424 1156 2459 obvias
1178 2436 1335 2470 quasque
1357 2423 1600 2467 necessitates,

141 2482 184 2505 ac
218 2471 347 2506 deinde
375 2470 479 2504 etiam
509 2469 727 2513 Macedmii,
761 2469 1008 2523 imperatoriae
1038 2469 1134 2504 urbis
1167 2482 1209 2503 eo
1241 2476 1398 2514 tempore
1427 2468 1600 2514 episcopi,

139 2515 327 2570 ultionem,
362 2515 492 2562 quippe
524 2515 715 2549 orationem
748 2515 842 2550 circa
873 2517 1069 2569 dogmatum
1090 2515 1349 2550 innovationem
1372 2514 1600 2558 excludentis‚

141 2561 187 2597 iis
200 2588 212 2607 ,
259 2563 512 2615 praefectorum
540 2560 721 2615 praetorii
757 2561 1120 2596 commentariensibus
1158 2560 1297 2606 inquam
1310 2587 1320 2605 ,
1366 2560 1599 2604 mandaverit,

140 2609 299 2652 quamvis
327 2607 431 2642 Celer
459 2606 608 2642 omnium
632 2607 666 2640 ei
689 2606 886 2642 carissimus
916 2607 1120 2653 imperatori
1153 2607 1309 2651 adesset,
1344 2605 1523 2652 magistri,
1559 2611 1599 2640 ut

140 2658 289 2698 vocant,
311 2664 453 2687 munere
475 2664 551 2687 cum
573 2653 674 2687 laude
694 2654 857 2697 fungens.

234 2699 290 2734 18.
336 2699 451 2744 Atque
479 2698 565 2733 haec
595 2698 734 2744 quidem
771 2704 806 2733 et
839 2698 1008 2734 divinitus
1032 2702 1069 2733 et
1091 2698 1264 2733 hominum
1288 2696 1389 2743 culpa
1410 2696 1597 2731 interiere·

137 2744 270 2798 quippe
292 2756 382 2778 nunc
404 2755 546 2789 prorsus
566 2743 725 2789 neglecta
746 2744 873 2780 iacent.
922 2757 987 2779 nec
1010 2745 1120 2779 minus
1143 2744 1365 2790 multiplicem
1388 2742 1509 2777 scrinii
1522 2754 1598 2795 po-

137 2790 281 2825 tentiam
309 2791 454 2824 ornabat
482 2796 767 2845 commentorum,
802 2795 841 2825 ut
872 2795 1020 2835 vocant,
1051 2790 1200 2835 insignis
1221 2794 1397 2845 potestas.
1451 2787 1596 2842 cupiens

138 2836 229 2871 enim
253 2837 452 2882 praefectus
477 2836 671 2881 praetorio,
696 2836 773 2871 sive
797 2838 840 2872 ab
865 2836 1077 2891 imperatore
1098 2836 1339 2871 auctoritatem
1362 2835 1493 2869 habens
1518 2833 1597 2868 sive

137 2880 216 2928 ipse
234 2883 421 2919 secundum
441 2881 551 2928 legem
569 2887 776 2930 commotus,
800 2883 1036 2930 magistratum
1054 2882 1324 2931 qualemcunque
1342 2884 1402 2918 aut.
1418 2879 1594 2916 subiecto-
