1748 3210
206 239 300 286 180
718 237 938 281 IOANNIS
972 237 1103 280 LYDI

199 350 296 408 ὅπερ
317 350 434 408 ὅγκου
458 352 522 393 καὶ
544 347 667 404 μόνου
682 346 801 405 χάριν
827 350 882 398 εἷς
905 346 1028 390 τύπον
1044 353 1219 391 τοιοῦτον
1234 347 1483 407 χρυσήλατον
1502 357 1618 392 κατε-

201 418 391 463 σκεύαστο
404 433 415 444 ·
450 417 588 459 ἑκατὸν
604 417 702 470 ἔχειν
715 416 882 471 χρυσιόυ
900 417 1037 471 λίτρας
1054 415 1296 470 ὑπείληπται.
1362 419 1490 474 ἕτερον
1514 419 1557 459 δὲ
1577 419 1619 466 ἒξ

200 476 389 542 ἀργυρίου
418 485 531 537 βαθὺ
563 484 662 539 πρὸς
690 481 890 535 ὑποδοχὴν
917 488 1047 524 κοινοῦ
1074 484 1242 536 μέλανος
1260 484 1541 540 ἔξυπηρετεῖται
1561 487 1619 541 τῷ

200 553 438 607 δικαστηρίῳ
461 552 699 601 (καλλίκλιον
718 548 833 599 αὐτό,
868 549 981 591 οἱονεὶ
1004 551 1232 600 κυαθίσκον,
1269 550 1344 591 ἀπὸ
1366 555 1435 592 τοῦ
1453 549 1620 598 κάλυκος

200 623 409 660 καλεῖσθαι
429 616 602 670 νόμος),
637 619 700 658 καὶ
723 615 926 672 κάνθαρος
952 614 1005 667 ὥς
1030 615 1169 670 λεκάνη
1193 634 1252 666 τις
1272 617 1313 665 ἕξ
1333 615 1502 673 ἀργύρου
1511 647 1524 668 ,
1558 617 1649 658 ἔπὶὸ

197 687 384 741 τρίποδος
405 684 611 740 ἀργυρέου,
632 685 696 724 καὶ
717 684 867 740 κρατὴρ
886 682 983 740 ὑπὲρ
1006 688 1084 725 τῶν
1104 685 1175 733 τὰς
1193 683 1495 739 ἐμπροθέσμους
1513 684 1623 732 δίκας

197 752 239 793 ἓν
263 756 319 809 τῷ
341 752 578 807 δικαστηρίῳ
606 749 795 805 λεγόντων
818 752 1010 802 κείμενος·
1045 752 1131 806 περὶ
1154 745 1200 792 οὗ
1224 755 1485 806 μακρηγορεῖν
1508 749 1623 802 ἀηδὲς

201 817 298 860 εἶναι
332 820 473 875 κρίνων
502 818 543 867 ε”ξ
572 817 741 872 ἀνάγκης
776 817 987 870 ἀναλαβεῖν
1016 818 1087 871 τὴν
1123 817 1321 874 ἀφήγησιν
1350 819 1623 868 συνωθοῦμαι,

198 887 324 934 ἐκεῖνο,
344 885 563 942 προλέγων,
599 883 653 934 ὥς
676 886 771 926 εἰσὶν
793 883 848 925 ἔτι
874 886 938 925 καὶ
965 888 1035 926 νῦν
1062 886 1284 940 πορθμίδες
1312 890 1416 940 τρεῖς
1445 886 1494 938 τῇ
1522 882 1626 938 ἀρχῇ

199 953 300 1008 πρὸς
325 953 398 1001 τὰς
423 949 718 1007 ἄντιπόρθμους
749 950 1047 1006 διαπεραιώσεις
1075 953 1117 992 ἐκ
1147 956 1217 1004 τῆς
1243 952 1448 1004 βασιλίδος
1470 950 1530 990 ἐπὶ
1553 948 1624 998 τὰς
1636 952 1677 987 10

197 1021 373 1075 γείτονας
400 1018 594 1074 ἠπείρους.
622 1066 625 1069 .
661 1017 816 1074 βάρκας
848 1017 970 1067 αὗτὰς
1003 1017 1088 1059 ἀντὶ
1117 1022 1188 1059 τοῦ
1217 1015 1425 1075 δρόμωνας
1451 1016 1626 1072 πατρίως

199 1085 388 1127 ἐκάλεσαν
415 1085 452 1126 οἳ
481 1083 755 1140 παλαιότεροι,
796 1086 862 1126 καὶ
895 1084 1066 1138 κήλοκας
1096 1082 1180 1126 οἷον
1207 1082 1389 1138 ταχινάς,
1431 1082 1491 1124 ὅτι
1515 1083 1624 1138 κε’λερ

200 1153 291 1194 κατ’
319 1151 462 1200 αὐτοὺς
485 1150 650 1204 ὅ-ταχύς
671 1153 840 1205 λέγεται,
875 1153 939 1192 καὶ
964 1153 1218 1206 σαρκιναριάς
1239 1152 1325 1192 ἀντὶ
1346 1154 1418 1192 τοῦ
1438 1148 1623 1199 ὁλκάδας,

199 1218 260 1261 ὅτι
281 1217 448 1274 σάρκινα
467 1217 558 1258 κατ’
583 1218 726 1265 αὐτοὺς
744 1216 789 1259 τὸ
813 1216 941 1269 ἄχθος
959 1221 1144 1258 καλεῖται.
1182 1221 1345 1260 τοιαῦτα
1362 1217 1433 1271 μέν
1450 1233 1538 1259 τινα
1557 1216 1624 1257 καὶ

199 1289 345 1327 ταῦτα·
379 1283 479 1340 πρὸς
500 1284 542 1324 δὲ
564 1284 608 1325 τὸ
634 1285 883 1339 προκείμενον
901 1283 1189 1335 ἐπανέλθωμεν.
1637 1290 1679 1325 15

337 1351 412 1395 15.
479 1349 618 1403 Νόμος
643 1344 691 1404 ἦν
714 1351 798 1404 (καὶ
822 1349 898 1405 γὰρ
928 1349 1017 1405 ἄρτι
1039 1347 1304 1405 παρεφθάρη)
1339 1348 1432 1398 τοὺς
1450 1349 1522 1401 μὲν
1549 1347 1627 1388 ἀπὸ

200 1415 354 1474 ψήφων
374 1421 445 1472 τῆς
466 1417 592 1472 ἀρχῆς
607 1418 668 1458 ἐπὶ
687 1421 766 1459 τῶν
785 1417 981 1471 ἐπαρχιῶν
999 1415 1071 1465 τὰς
1087 1418 1198 1466 δίκας
1218 1416 1399 1470 λέγοντας
1418 1414 1518 1469 μετὰ
1536 1413 1628 1470 ἔφε-

200 1501 263 1527 σιν
282 1481 404 1533 αὖθις
433 1484 494 1524 ἐπὶ
521 1485 593 1537 τὴν
624 1483 750 1540 ἀρχὴν
775 1484 1065 1538 ἐμπροθέσμως
1093 1483 1218 1531 αὐτὰς
1236 1482 1336 1523 κατὰ
1355 1482 1423 1523 τὸν
1445 1482 1629 1535 ἔκκλητον

200 1550 321 1604 νόμον
342 1551 600 1604 ἀναπέμπειν,
632 1551 725 1599 τοὺς
746 1551 790 1590 δὲ
810 1551 870 1591 ἐπὶ
893 1553 971 1591 τῶν
992 1549 1253 1605 ἅρχαιοτικῶν
1274 1550 1532 1606 δικαστηρίων
1550 1547 1627 1589 ἀπὸ

201 1616 354 1674 ψήφων
375 1617 505 1659 αὐτῶν
523 1618 585 1658 ἐπὶ
606 1618 676 1671 τὴν
693 1617 909 1670 βασιλείαν,
943 1616 1122 1665 κάκείνας
1149 1617 1221 1668 μὲν
1248 1620 1458 1657 καλεῖσθαι
1480 1631 1626 1668 τεμπο-
1636 1623 1683 1659 20

203 1686 344 1740 ραλιάς
369 1683 457 1725 ἀντὶ
479 1689 550 1725 τοῦ
577 1683 898 1739 ἐμπροθέσμους,
934 1682 1080 1731 ταύτας
1109 1683 1152 1724 δὲ
1177 1682 1329 1739 σάκρας
1360 1683 1475 1724 οἱονεὶ
1502 1684 1628 1733 θείας,

204 1751 272 1793 διὰ
292 1750 361 1801 τό,
396 1748 449 1800 ὥς
468 1749 566 1807 ἔφην
577 1781 589 1800 ,
623 1751 723 1806 πρὸς
745 1750 815 1803 την
832 1750 1027 1803 βασιλέως
1049 1748 1236 1805 ἀκρόασιν
1252 1750 1511 1803 μετέκκλητον
1531 1749 1630 1790 ἀνα-

203 1819 442 1872 πέμπεσθαι.
490 1821 635 1871 ’θαῦμα
653 1817 835 1872 μέγιστον
856 1818 921 1858 καὶ
942 1817 1252 1870 πανευδαίμονος
1272 1817 1467 1866 πολιτείας
1485 1815 1631 1870 τεκμή-

293 1935 317 1968 2
340 1931 471 1967 ἑκατὸν
491 1931 561 1976 γὰρ
581 1931 697 1975 ἔχειν’.)
785 1931 808 1966 4
831 1928 931 1965 αὐτ-ω
957 1932 1000 1965 C.
1093 1932 1135 1966 13
1158 1929 1276 1971 αὐτὰς
1295 1932 1336 1965 C.
1430 1930 1472 1964 16
1499 1927 1631 1964 ἀπὸ-

291 1976 416 2022 ἀρχῆς.
440 1981 520 2024 post
539 1975 708 2020 λέγοντας
724 1976 810 2011 haee
826 1978 986 2022 ponenda
1007 1987 1143 2011 censeo.
1160 1979 1204 2011 F.
1276 1978 1317 2011 19
1331 1973 1419 2015 τούς
1433 1976 1477 2019 F,
1501 1973 1569 2015 τὰς
1586 1975 1629 2009 C.

202 2078 407 2122 profundum
435 2079 633 2120 argenteum
668 2087 730 2110 vas
759 2075 795 2110 in
818 2076 988 2110 auditorio
1013 2080 1106 2120 erat,
1137 2076 1303 2111 communi
1326 2078 1513 2110 atramento
1538 2074 1630 2108 reci-

230 2123 330 2156 iendo
348 2122 504 2155 serviens
524 2121 716 2165 (caliculus,
737 2121 774 2155 id
797 2127 851 2155 est
869 2133 1012 2165 parvum
1030 2121 1198 2167 poculum,
1223 2134 1244 2156 a
1264 2121 1368 2155 calice
1388 2120 1554 2166 appellari
1571 2131 1631 2153 so-

217 2169 296 2209 et),
330 2178 393 2199 nec
417 2178 485 2199 non
502 2166 683 2199 cantharus
713 2166 836 2209 (quasi
858 2166 977 2210 patina
1005 2168 1192 2211 quaedam)
1215 2171 1415 2210 argenteus,
1437 2166 1474 2199 in
1495 2165 1633 2209 tripode

204 2216 381 2255 argentee,
407 2216 443 2244 et
462 2215 593 2253 crater,
619 2211 713 2254 iique
735 2210 867 2243 illorum
892 2223 974 2255 ergo
998 2211 1056 2256 qui
1076 2211 1282 2256 temporales
1304 2222 1424 2245 causas
1446 2211 1482 2244 in
1503 2209 1631 2243 iudicio

204 2257 384 2296 dicebant3
419 2266 487 2299 qua
506 2255 548 2288 de
567 2266 606 2288 re
627 2255 759 2300 prolixe
779 2255 895 2289 dicere
916 2257 1072 2290 odiosum
1094 2262 1277 2301 reputans,
1301 2255 1506 2290 necessitate
1529 2266 1631 2288 enar-

205 2301 372 2336 rationem
389 2304 548 2345 repetere
568 2310 675 2343 cogor
687 2325 696 2342 ‚
720 2299 802 2333 illud
819 2300 1037 2345 praedicens,
1063 2313 1139 2334 esse
1162 2301 1343 2335 etiamnum
1366 2299 1539 2334 naviculas
1557 2305 1631 2333 tres

206 2345 422 2389 magistratui
453 2345 496 2378 ad
526 2345 813 2378 transfretandum
845 2357 888 2378 ex
919 2346 1140 2390 imperatoria
1166 2347 1251 2379 urbe
1281 2345 1316 2378 in
1350 2345 1481 2379 vicinas
1505 2349 1632 2378 terras.

204 2393 326 2425 barcas
346 2389 439 2433 illas,
470 2389 507 2422 id
535 2395 589 2423 est
610 2394 805 2433 currentes,
881 2390 949 2423 trio
970 2402 1125 2424 sermone
1153 2390 1362 2434 antiquiores
1384 2391 1571 2432 vocabant,
1596 2393 1632 2423 et

205 2433 357 2478 celoces,
390 2435 426 2468 id
450 2439 504 2468 est
524 2434 673 2477 celeres,
697 2434 778 2478 quia
800 2445 838 2467 ce
853 2446 891 2468 er
907 2447 1023 2468 eorum
1040 2436 1155 2479 lingua
1173 2433 1192 2468 ὁ
1211 2433 1339 2477 ταχύς,
1361 2439 1396 2468 et
1414 2433 1631 2476 sarcinarias,

204 2481 241 2514 id
261 2485 314 2514 est
333 2479 522 2522 onerarias,
544 2479 625 2524 quia
645 2479 780 2512 sarcina
802 2490 918 2513 eorum
940 2491 1095 2514 sermone
1119 2490 1201 2512 onus
1225 2485 1380 2513 vocatur.
1403 2479 1567 2513 hactenus
1588 2479 1633 2512 de

205 2524 290 2559 hocs
311 2525 356 2558 ad
376 2524 586 2569 propositum
606 2528 831 2557 revertamur.

235 2584 240 2587 ⁴
298 2569 351 2603 15.
397 2569 474 2602 Lex
491 2574 567 2602 erat
587 2568 736 2610 (etenim
758 2579 867 2613 nuper
885 2568 1040 2612 interiit)
1068 2573 1107 2602 ut
1140 2568 1198 2612 qui
1227 2567 1263 2601 in
1294 2567 1481 2612 provinciis
1511 2578 1631 2602 causas

204 2614 378 2657 dicerent,
411 2625 435 2647 a
462 2613 642 2648 sententiis
663 2613 881 2657 magistratus
904 2618 984 2658 post
1005 2613 1263 2658 appellationem
1286 2613 1409 2647 iterum
1432 2624 1509 2656 eas,
1540 2613 1631 2646 intra

204 2659 445 2704 praestitutum
469 2663 625 2702 tempus,
658 2658 754 2692 iuxta
784 2658 893 2702 legem
925 2660 968 2692 de
999 2658 1302 2703 appellationibus,
1334 2659 1378 2692 ad
1397 2658 1630 2702 magistratum

206 2704 400 2743 mitterent3
425 2703 483 2748 qui
501 2709 613 2737 autem
630 2703 667 2736 in
688 2703 913 2737 archaeoticis
935 2703 1147 2745 dicasteriis‚
1179 2704 1222 2736 ab
1247 2702 1364 2745 horum
1385 2702 1566 2736 sententiis
1586 2701 1630 2734 ad

204 2747 461 2792 imperatorem3
493 2753 528 2782 et
546 2747 624 2782 illae
643 2748 779 2793 quidem
799 2748 1002 2792 temporales
1022 2748 1142 2782 vocari
1159 2748 1335 2790 solebant,
1362 2748 1427 2782 hae
1445 2752 1555 2781 autem
1573 2757 1629 2779 sa—

205 2803 296 2834 crae,
320 2792 421 2837 quia,
443 2798 482 2826 ut
498 2793 587 2837 dixi,
612 2794 656 2827 ad
672 2793 886 2837 imperatoris
907 2793 1112 2828 audientiam
1136 2798 1215 2838 post
1235 2791 1493 2837 appellationem
1514 2791 1628 2824 mitte-

202 2837 347 2870 bantur:
370 2848 427 2871 res
445 2848 572 2873 summa
592 2838 697 2883 digna
714 2838 949 2884 admiratione,
973 2843 1009 2874 et
1026 2838 1315 2873 fortunatissimae
1332 2837 1385 2871 rei
1401 2835 1557 2882 publicae
1575 2834 1628 2869 in-
