1748 3210
251 198 345 242 282
766 201 933 242 IOANN
935 202 982 243 IS
1021 202 1149 243 LYDI

248 306 327 346 τοῦ
369 304 498 354 κυνός
540 305 732 357 έπιτολῆς
775 304 832 359 μὴ
875 306 946 347 καὶ
983 305 1178 359 περιττὸν
1215 308 1278 363 εἴη
1316 308 1449 363 λέγειν
1487 307 1544 358 (ὃς
1574 309 1652 363 τῆς

246 367 420 422 ἡλιακῆς
458 367 746 423 άναπτομένης
782 369 1043 424 θερμότητος
1078 375 1281 414 λυττῶσιν
1313 376 1356 415 οἱ
1389 373 1531 423 κύνες,
1578 373 1657 416 καὶ,

245 437 372 476 τοῦτο
411 436 484 486 τῆς
521 432 776 485 ἀναιρέσεως
820 434 961 477 αὐτῶν
1000 434 1171 489 γέγονεν
1209 439 1365 488 αἴτιον,
1408 437 1466 489 (ὃς
1500 438 1556 481 ἄν
1584 438 1649 492 ,μὴ

246 497 470 546 δάκνοντες
510 497 757 552 ἆναιρῶσιν.
814 500 1064 555 άναβλύζειν
1104 501 1148 543 δὲ
1186 502 1346 555 πέφυκε
1380 503 1451 544 καὶ
1480 502 1532 545 τοὶ
1569 508 1648 546 θα-

243 563 388 604 λάττια
427 562 563 606 ὕδατα
600 564 646 606 ἐν
682 564 932 621 ὡρισμέναις
967 566 1048 608 τισὶ
1088 570 1286 614 περιόδοις,
1322 567 1561 620 ,ἄνθρωποί
1602 575 1679 622 γεό

243 626 327 680 μὴν
357 628 524 680 νεύροις
553 628 581 684 ἦ
609 635 772 686 κεφαλῇ
800 631 828 686 ἢ
855 633 924 674 καὶ
954 631 1062 687 αὐτῇ
1089 637 1140 687 τῇ
1171 635 1319 684 διανοίᾳ
1347 633 1550 676 ἀσθενεῖν.
1588 634 1651 675 α’ί-

241 707 376 745 γειροι
403 693 478 747 μὲν
505 695 586 748 γάρ
616 697 685 738 καὶ
713 696 879 739 πτελέαι
906 697 998 750 περὶ
1026 701 1089 742 τὰς
1117 699 1217 746 ἡλίου
1248 700 1383 747 few&
1411 697 1650 752 μεταβάλλειν

241 760 309 805 τήν
336 761 463 814 κόμην
490 761 746 814 πεφύκασιν,
797 767 875 815 (8)
905 762 929 804 ὁ
959 762 1004 805 δὲ
1031 763 1252 818 λεγόμενος
1279 763 1444 819 γλήχων
1469 761 1546 806 ὑπ’
1574 761 1652 806 αὐ-

239 823 318 876 τήν
345 823 424 879 τήν
451 831 516 864 τοῦ
550 827 650 874 ἡλίου
677 828 827 870 θάλλει
854 827 1038 883 τροπήν·
1081 827 1107 882 ἡ
1145 829 1188 871 δὲ
1225 827 1477 884 ἡλιότροπος
1501 831 1652 872 καλου-

238 888 344 943 μένη
383 890 541 945 βοτάνη
579 895 669 937 πρὸς
703 895 769 939 τήν
799 893 968 948 ἡλιακὴν
996 894 1321 949 μεταστρέφεται
1353 894 1518 950 φοράν,
1563 893 1649 936 ἀνί·
1664 902 1705 935 10

240 967 382 1009 σχοντι
420 954 534 1009 αὐτῷ
571 956 642 997 καὶ
680 956 859 1009 δυομένῳ
900 965 1220 1004 συμμετατιθεῖσα
1258 960 1306 1004 τό
1344 964 1492 1017 σχῆμα.
1545 959 1654 1012 περὶ

238 1020 320 1074 γάρ
349 1025 435 1063 τῶν
465 1021 642 1063 ἐναλίων
668 1020 854 1072 τούτων,
891 1021 1046 1071 ὀστρέων
1080 1028 1165 1073 λέγω
1193 1026 1263 1068 καὶ
1289 1029 1436 1080 χημῶν
1462 1025 1534 1068 καὶ
1560 1039 1654 1068 κτε-

239 1091 329 1129 νῶν
360 1087 431 1129 καὶ
458 1090 545 1129 τῶν
580 1088 738 1137 ἄλλων,
783 1088 923 1139 οὐδεὶς
960 1090 1272 1144 ἀμφισβητεῖται
1300 1091 1355 1128 ὅτι
1383 1091 1552 1141 αὔξεται
1581 1090 1654 1133 καὶ

240 1154 475 1206 συμφθίνει
509 1156 600 1201 ταῖς
638 1156 901 1207 σεληνιακαῖς
938 1154 1118 1208 φάσεσιν
1160 1155 1213 1199 ὥς
1250 1159 1312 1193 καὶ
1345 1157 1392 1194 τοὶ
1428 1161 1500 1194 τῶν
1530 1158 1652 1208 μυῶν

238 1217 378 1271 ἥπατα
414 1217 484 1258 καὶ
523 1221 695 1258 πλεῖστα
732 1217 873 1270 ἕτερα,
920 1219 1014 1271 περὶ
1056 1214 1118 1260 ὦν
1157 1219 1203 1262 ἐν
1237 1224 1327 1270 τοῖς
1365 1220 1460 1273 περὶ
1495 1222 1650 1267 Μηνῶν
1664 1224 1705 1258 15

238 1287 466 1336 γραφεῖσιν
503 1281 605 1336 ἡμῖν
644 1282 903 1336 διελάβομεν.
961 1284 1069 1336 πρὸς
1105 1283 1271 1334 τούτοις
1299 1284 1566 1339 ἐμπρησμοὺς
1591 1287 1654 1339 γί-

237 1357 387 1391 νεσθαι
416 1351 660 1404 συμβαίνει,
690 1349 794 1391 ὅταν
820 1350 846 1403 ἡ
876 1350 1029 1404 σελήνη
1060 1349 1153 1392 κατ’
1184 1350 1368 1402 ἔλλειψιν
1394 1348 1480 1392 ὑπὸ
1499 1348 1654 1402 ’Ἄρεως

238 1418 455 1470 θεωρηθῇ.
522 1413 579 1464 ὥς
617 1414 698 1468 γὰρ
741 1414 848 1457 αὐτοὶ
886 1413 986 1457 καθ’
1029 1414 1158 1457 ἑαυτὰ
1196 1414 1247 1456 τά
1283 1413 1409 1469 γήϊνα
1446 1414 1653 1468 δηλωτικά

235 1480 429 1535 τυγχάνει
456 1483 542 1522 τῶν
571 1480 804 1533 ἐσομένων,
834 1479 1029 1532 περιττὸν
1054 1479 1107 1522 ἂν
1125 1482 1187 1533 εἰἠ
1205 1483 1500 1534 μακρηγορεῖν.
1550 1478 1654 1522 ὅταν

236 1546 313 1599 μὲν
342 1547 491 1599 ἷδροῦν
519 1545 547 1599 ἢ
577 1545 776 1598 δακρύειν
804 1547 911 1600 δοκῇ
938 1544 989 1587 τά
1020 1545 1280 1600 άγάλματαῆ
1297 1545 1475 1596 εἰκόνες,
1501 1545 1530 1600 ἢ
1547 1545 1704 1592 ὅτανρο

233 1612 411 1663 κάμινος
439 1611 467 1665 ἢ
495 1611 616 1660 ἰπνὸς
647 1611 1038 1665 περιπεφραγμένος
1074 1610 1288 1665 ἐκλάμψῃ,
1328 1610 1492 1661 στάσεις
1519 1610 1652 1666 ἐμφυ-

231 1680 350 1726 λίους
389 1675 557 1718 ἀπειλεῖ.
614 1675 642 1730 ἢ
671 1676 774 1718 ὅταν
802 1677 985 1730 ποταμοὶ
1012 1676 1086 1726 τὰς
1115 1676 1278 1731 ἑαυτῶν
1303 1675 1537 1730 ὖπερχέωσι
1563 1678 1652 1720 κοί-

232 1758 327 1791 τας,
357 1741 515 1796 ἔφοδον
542 1743 755 1794 πολεμίων
785 1742 1037 1794 φράζουσιν.
1093 1744 1139 1784 αἱ
1164 1741 1245 1795 γάρ
1275 1740 1470 1794 ἷδρώσεις
1493 1746 1652 1798 προβα-

233 1808 356 1850 τείων
385 1805 631 1861 σπλάγχνων
651 1808 691 1848 τί
709 1809 1009 1862 σημαίνουσιν,
1041 1808 1180 1858 οὐδεὶς
1203 1808 1356 1863 ἀγνοεῖ.
1411 1807 1439 1863 ἢ
1455 1807 1528 1851 καὶ
1547 1807 1651 1851 ὅταν

324 1898 343 1929 1
387 1894 442 1936 εἴη
490 1895 538 1927 C:
588 1896 648 1928 sed
689 1895 778 1929 forte
824 1896 999 1938 legendum
1044 1891 1081 1939 ᾖ.
1146 1896 1226 1928 vide
1268 1907 1372 1940 supra
1409 1896 1476 1930 279
1514 1895 1548 1930 5.
1601 1897 1650 1930 H.

325 1941 367 1974 13
391 1937 595 1982 οἱμφισβητή
611 1964 620 1972 .
634 1963 665 1973 ..
689 1941 731 1974 C.
837 1942 881 1974 20
899 1941 1000 1974 δοκεῖ
1023 1943 1065 1975 C.
1173 1942 1215 1974 21
1238 1952 1280 1974 an
1303 1938 1652 1984 περιπεφρνγμένοςῒ

322 1985 366 2018 22
388 1984 511 2022 κοίλας
527 1984 642 2028 vulgo.

232 2073 518 2106 supervacaneum
543 2062 587 2094 sit
607 2062 742 2105 dicere,
776 2074 918 2096 accenso
936 2063 1015 2096 solis
1040 2065 1136 2096 aestu
1159 2063 1195 2095 in
1215 2062 1341 2096 rabiem
1366 2063 1422 2107 agi
1445 2074 1564 2104 canes,
1596 2063 1650 2096 id-

233 2118 299 2149 que
323 2107 500 2139 occisionis
525 2118 639 2139 eorum
658 2108 778 2140 factam
798 2120 872 2140 esse
891 2119 1041 2150 causam,
1066 2120 1107 2140 ne
1128 2108 1195 2151 ipsi
1215 2119 1326 2141 morsu
1347 2107 1496 2141 homines
1517 2107 1649 2141 tollant.

234 2151 346 2183 solent
377 2156 410 2183 et
442 2152 590 2183 marinae
620 2163 728 2195 aquae
754 2153 888 2185 fervere
912 2154 1010 2186 statis
1033 2153 1258 2196 temporibus,
1294 2158 1328 2185 et
1351 2153 1499 2186 homines
1521 2153 1650 2195 nervis,

233 2196 366 2238 capite,
402 2195 476 2238 ipsa
504 2201 636 2237 mente,
671 2198 884 2230 commoveri.
933 2197 1064 2242 populis
1094 2197 1258 2241 ulmisque
1291 2197 1326 2230 id
1354 2197 1443 2230 inest
1473 2202 1591 2230 natura
1613 2202 1652 2230 ut

232 2241 316 2273 folia
336 2240 480 2273 solstitio
499 2240 738 2283 circumagant.
787 2243 856 2283 (8)
878 2243 980 2275 floret
1002 2243 1091 2286 quod
1114 2242 1283 2286 appellant
1303 2242 1470 2286 pulegium
1490 2243 1552 2275 sub
1574 2241 1650 2294 ipso

231 2284 396 2318 solstitio:
431 2285 536 2317 herba
569 2296 654 2326 quae
684 2291 824 2319 vocatur
847 2287 1101 2330 heliotropium,
1137 2289 1179 2320 ad
1209 2287 1351 2320 solarem
1382 2287 1652 2320 circumvertitur

234 2335 377 2371 motum,
411 2329 541 2362 oriente
564 2329 620 2361 illo
645 2335 680 2362 et
702 2332 845 2363 abeunte
867 2331 1013 2364 habitum
1041 2332 1136 2364 simul
1159 2337 1303 2365 mutans.
1350 2343 1423 2365 nam
1447 2333 1490 2364 de
1511 2330 1649 2363 marinis

234 2375 307 2415 his,
344 2373 466 2406 ostreis
486 2374 611 2407 chamis
632 2376 858 2418 pectunculis,
894 2376 1052 2419 reliquis,
1086 2388 1181 2409 nemo
1204 2381 1257 2409 est
1279 2377 1337 2420 qui
1360 2375 1529 2419 ambigat,
1552 2374 1651 2408 lunae

234 2419 458 2451 varietatibus
485 2419 602 2462 augeri
634 2430 674 2452 ea
705 2431 744 2452 ac
772 2431 887 2453 rursus
913 2422 1034 2454 minui:
1068 2422 1148 2465 quin
1182 2426 1216 2453 et
1243 2421 1387 2454 soricum
1416 2419 1584 2453 iecuscula
1616 2423 1651 2453 et

233 2463 375 2506 plurima
393 2463 479 2505 alia,
503 2464 545 2497 de
569 2463 690 2506 quibus
715 2465 750 2496 in
773 2465 899 2509 scripto
923 2472 1037 2499 nostro
1059 2466 1110 2498 De
1132 2465 1302 2497 mensibus
1326 2465 1467 2508 egimus.
1514 2469 1652 2509 praeter

233 2508 336 2550 haec,
367 2508 524 2541 incendia
547 2508 622 2541 fieri
644 2509 830 2551 contingit,
863 2511 994 2552 quando
1019 2510 1096 2543 luna
1116 2510 1270 2542 laborans
1295 2512 1356 2543 sub
1379 2510 1490 2542 Marte
1513 2509 1649 2552 conspi-

233 2553 333 2585 citur.
382 2565 457 2586 nam
480 2553 656 2586 terrestria
680 2565 740 2596 per
770 2566 807 2586 se
834 2554 900 2586 vim
926 2555 1051 2588 habere
1079 2554 1338 2599 praenuntiandi
1361 2555 1491 2597 futura,
1526 2565 1650 2586 vereor

234 2609 276 2630 ne
310 2608 553 2640 supervacuum
585 2598 629 2630 sit
664 2598 813 2642 pluribus
849 2599 1050 2632 edisserere.
1096 2599 1193 2641 signu
1227 2605 1284 2631 aut
1317 2599 1492 2631 simulacra
1513 2599 1647 2642 quando

233 2642 356 2675 sudare
385 2642 439 2675 vel
470 2643 553 2676 flere
585 2643 759 2684 videntur,
794 2649 851 2675 aut
882 2644 1001 2676 fornax
1032 2644 1210 2677 lucernave
1238 2643 1455 2677 circumclusa
1483 2643 1647 2686 siquando

233 2686 397 2729 eluxerit,
422 2692 528 2720 motus
552 2688 586 2720 id
608 2687 725 2720 civiles
749 2687 906 2720 minatur.
953 2700 1066 2721 amnes
1087 2694 1184 2720 extra
1208 2688 1322 2722 alveos
1346 2689 1571 2721 redundantes
1593 2687 1644 2720 in—

233 2742 366 2764 cursum
397 2731 542 2765 hostium
568 2732 731 2766 indicant.
779 2733 919 2765 sudores
944 2733 1111 2766 viscerum
1138 2733 1312 2766 ovinorum
1342 2733 1424 2785 quid
1444 2732 1647 2776 significent,

234 2788 330 2810 nemo
357 2780 408 2810 est
432 2777 491 2820 qui
511 2777 651 2812 nesciat.
697 2777 792 2823 putei
813 2778 946 2821 quando
969 2789 1089 2823 aquam
1109 2777 1278 2812 turbidam
1301 2781 1476 2821 emittunt,
1506 2787 1562 2810 res
1584 2787 1647 2821 pu—
