1748 3210
380 147 457 192 DE
496 147 942 193 MAGISTRATIBUS
976 147 1021 190 P.
1057 147 1110 191 R.
1148 146 1253 190 LIB.
1288 145 1323 191 1.
1481 147 1572 193 151

125 262 228 320 μεθ’
260 261 305 306 ὃν
336 259 547 321 Πούπλιος
577 261 804 320 Κορνήλιος
830 262 1013 313 Κόσσος·
1049 261 1150 316 μεθ’
1177 260 1221 304 ὃν
1240 259 1426 311 Κύντιος.
1496 259 1575 304 ἀπὸ

115 334 176 381 sid
200 336 274 377 τοῦ
303 331 522 377 ἓκατοστοῦ
542 338 781 389 τριακοστοῦ
801 334 914 376 ἕκτου
934 336 1013 375 τῶν
1032 329 1195 374 ὑπάτων
1211 331 1413 382 ε’νιαιιτοῢ,
1440 331 1577 386 τρίτης

122 403 191 444 καὶ
212 399 430 456 ἑκατοστῆς
451 399 700 454 ὀλυμπιάδος
720 403 997 456 ἐνισταμένης,
1031 400 1206 457 ἄναρχος
1223 397 1250 455 ἦ
1271 398 1384 450 πόλις
1414 398 1574 440 διετέλει

122 469 186 512 ἐπὶ
217 474 408 524 πενταετῆ
434 468 596 526 χρόνον.
666 465 788 521 αὖθις
809 471 853 512 δὲ
874 471 1161 528 προαχθέντων
1183 467 1347 511 ὑπάτων
1371 464 1575 523 προεβλή-

84 542 259 593 ῦθησαν
275 539 319 581 ἐκ
337 542 417 582 τῶν
434 539 652 596 πατρικίων
672 537 918 595 ἀγορανόμοι
934 539 1124 594 τέσσαρες
1137 540 1203 580 καὶ
1222 539 1362 592 ταμίαι
1382 535 1454 579 δύο
1462 568 1475 587 ,
1505 536 1572 577 καὶ

114 607 302 664 πραίτωρ
325 607 442 649 οἱονεὶ
464 605 696 664 στρατηγός,
727 605 890 663 ληγάτοι
912 607 1030 649 οἱονεὶ
1047 605 1362 663 ὑποστράτηγοι,
1391 606 1456 647 καὶ
1474 606 1572 646 δυο-

119 676 287 718 καίδεκα
314 677 540 733 χιλίαρχοι,
576 675 642 718 διὰ
664 675 710 718 τὸ
733 677 1044 732 προσδοκᾶσθαι
1059 675 1317 732 Ἀλέξανδρον
1335 673 1404 717 τὸν
1420 675 1570 716 Μακε-

120 742 223 786 δόνα
262 743 366 787 κατὰ
397 741 604 798 Ῥωμαίων
633 743 876 801 στρατεύειν.
942 744 1213 800 ταραχθέντες
1242 745 1285 786 δὲ
1316 743 1353 786 οἶ
1378 740 1567 796 Ῥωμαῖοι

118 813 325 869 Παπίριον
345 813 419 866 μέν
439 811 658 869 Κούρσορα
693 811 914 869 στρατηγὸν
947 809 1172 866 ὑπαντῆσαι
1191 810 1439 867 Ἀλεξάνδρῳ
1463 811 1568 864 ἔψη-

64 889 112 924 10
123 878 314 937 φίσαντο,
349 882 416 923 καὶ
443 880 711 936 προεβάλοντο
735 877 1028 930 οἰωνοσκόπους
1049 881 1115 921 καὶ
1141 877 1402 935 ἱεροφάντας·
1434 878 1570 935 σαφὴς

119 951 164 992 δὲ
186 951 407 1005 προσδοκία
441 949 566 1004 ἥττης
592 956 675 999 τοῖς
696 951 736 991 ἐν
759 954 886 1007 καιρῷ
908 949 1084 1002 πολέμου
1108 948 1210 1003 πρὸς
1231 947 1343 997 λιτὰς
1364 945 1570 1004 καταφεύ-

116 1034 270 1074 γουσιν.
334 1019 397 1060 ἐπὶ
418 1019 462 1059 δὲ
478 1023 549 1059 τοῦ
565 1019 700 1073 τρίτου
721 1020 788 1060 καὶ
810 1017 1025 1072 ἑξηκοστοῦ
1046 1018 1116 1058 καὶ
1134 1018 1415 1058 διακοσιοστοῦ
1435 1017 1570 1057 ἓνιαυ·

115 1083 189 1129 τοῦ
211 1087 391 1143 πραίτωρ
412 1087 544 1141 ἕτερος
562 1088 868 1143 προεχειρίσθη,
897 1083 1144 1141 ὅλεγόμενος
1166 1085 1365 1140 οὖρβανὸς
1389 1084 1475 1126 ἀντὶ
1497 1086 1570 1125 τοῦ

115 1152 342 1204 πολιτικός,
371 1155 437 1196 καὶ
473 1152 493 1195 ὃ
526 1153 736 1210 λεγόμενος
761 1161 988 1211 περεγρΐνος
1019 1154 1137 1196 οἱονεὶ
1170 1152 1398 1207 ξενοδ όκης·
1434 1156 1507 1194 τοῦ
1527 1152 1571 1193 δὲ

61 1230 105 1266 15
118 1221 247 1279 δήμου
281 1225 338 1272 εἷς
364 1223 466 1279 με’ρη
498 1223 572 1276 μὲν
602 1224 780 1279 τέσσαρα
812 1226 868 1274 εἷς
897 1223 1009 1265 πέντε
1037 1223 1079 1264 δὲ
1102 1224 1167 1263 καὶ
1190 1219 1406 1278 τριάκοντα
1438 1219 1571 1277 φυλὰς

116 1292 381 1347 διῃρημένου,
419 1297 504 1340 τοῖς
522 1295 835 1345 μνημονευθεΐσι
852 1299 957 1347 τρεῖς
977 1291 1102 1346 ἕτεροι
1126 1291 1429 1346 προσετέθησαν
1449 1289 1572 1345 πραί-

114 1375 255 1415 τωρες.
322 1363 380 1416 τῷ
402 1359 444 1400 δὲ
466 1360 708 1415 ἐνενηκοστῷ
727 1364 806 1401 τῶν
826 1357 990 1401 ὑπάτων
1010 1360 1179 1416 ἐνιαυτῷ
1186 1390 1203 1410 ,
1227 1358 1407 1410 Ἀννίβου
1430 1354 1570 1411 ἐνσκή-

115 1440 274 1482 ψαντος
292 1430 343 1483 τῇ
355 1427 518 1486 Ἰταλίᾳ,
556 1427 625 1470 διὰ
646 1427 715 1469 τὸν
735 1427 852 1483 ὄγκον
870 1432 942 1470 τοῦ
963 1427 1138 1481 πολέμου
1163 1426 1210 1469 οὐ
1228 1425 1352 1480 μόνον
1371 1423 1570 1482 δικτάτωρ

116 1495 220 1538 ἀλλὰ
253 1497 318 1536 καὶ
353 1493 664 1551 ἀντιδικτάτωρ,
697 1495 898 1551 ἶππάρχης
923 1512 964 1538 τε
991 1497 1058 1538 καὶ
1083 1493 1369 1551 ἇνθιππάρχης
1389 1510 1570 1550 προεχει-

57 1565 342 1622 Ξῠρίσθησαν,
382 1562 483 1606 ὥστε
510 1562 688 1620 θάτερον
708 1569 759 1620 τῇ
776 1564 956 1620 θατέρου
977 1561 1114 1619 γνώμῃ
1137 1561 1328 1617 ἑπόμενον
1348 1562 1406 1617 μὴ
1428 1564 1469 1604 ἐκ
1489 1579 1571 1616 μο-

112 1631 260 1690 νήρους
281 1631 496 1682 αὐθεντίας
513 1631 671 1687 βλάβην
691 1633 904 1688 ἐπενεγκεῖν
921 1636 971 1688 τῇ
988 1632 1180 1691 πολιτεία.
1228 1629 1382 1674 τούτων
1402 1632 1467 1673 καὶ
1489 1628 1569 1684 μό-

113 1718 193 1744 νων
217 1705 297 1743 τῶν
321 1699 575 1758 δικτατώρων
598 1700 686 1756 ἤτοι
709 1701 1010 1756 μεσοβασιλέων
1032 1698 1194 1755 μνήμην
1213 1699 1404 1758 ἀναφέρει
1427 1697 1572 1754 ἡῬω-

206 1833 226 1866 1
264 1827 340 1865 α’πὸ
379 1831 430 1875 F,
471 1827 532 1865 ἐπὶ
571 1831 614 1865 C.
798 1831 820 1866 5
858 1831 1027 1877 πατρίων
1064 1831 1107 1866 C.
1293 1831 1336 1866 11
1376 1824 1491 1872 ἥττας
1528 1828 1572 1863 C.

202 1878 382 1968 Ξέρέοέξῖ,
408 1877 537 1923 aliquid
569 1876 752 1912 excidisse.
777 1878 822 1913 F.
1007 1878 1051 1914 18
1073 1874 1273 1923 δικτάτορα
1305 1881 1341 1911 et
1369 1873 1577 1910 ἄντιδικτα-

114 2038 206 2073 hunc
229 2042 367 2073 secutus
390 2037 434 2074 P.
459 2037 641 2073 CorneIius
665 2039 814 2084 Cossus,
848 2050 950 2083 quem
973 2038 1022 2073 Τ.
1048 2038 1229 2079 Quintius,
1277 2039 1320 2072 ab
1345 2049 1435 2072 anno
1460 2041 1574 2071 autem

108 2096 140 2119 ια
166 2084 346 2119 consulatu
381 2085 567 2119 centesimo
599 2084 774 2118 tricesimo
805 2090 923 2129 sexto,
960 2085 1021 2129 qui
1045 2089 1098 2119 est
1122 2084 1341 2130 Olympiadis
1364 2083 1575 2118 centesimae

115 2130 243 2164 tertiae
272 2130 422 2177 primus,
458 2131 725 2175 quinquennium
757 2131 916 2184 principe
947 2130 1058 2165 caruit
1087 2130 1225 2165 civitas.
1273 2136 1456 2176 postquam
1488 2140 1574 2163 vero

117 2175 240 2210 iterum
272 2175 428 2210 consules
462 2176 588 2220 creati,
626 2189 645 2210 e
675 2177 834 2221 patriciis
865 2182 1028 2221 quattuor
1058 2177 1187 2210 aediles
1210 2177 1346 2220 duoque
1368 2179 1573 2220 quaestores

118 2226 156 2255 et
186 2227 326 2266 praetor
359 2222 423 2263 (id
453 2228 507 2256 est
535 2223 652 2266 dux),
683 2222 790 2268 legati
825 2222 883 2266 (id
919 2228 972 2256 est
1002 2221 1180 2257 inferioris
1211 2222 1343 2256 ordinis
1369 2222 1499 2265 duces)
1538 2225 1573 2254 et

117 2266 297 2301 duodecim
327 2266 459 2301 tribuni
490 2268 591 2302 electi
622 2266 719 2311 sunt,
753 2268 835 2314 quia
865 2269 1061 2302 Alexander
1093 2267 1238 2303 Macedo
1269 2268 1393 2302 bellum
1415 2267 1573 2300 illaturus

107 2312 282 2347 Romanis
306 2315 506 2359 putabatur.
553 2313 749 2348 conturbati
772 2319 885 2348 autem
910 2314 1075 2358 Romani,
1103 2320 1141 2348 ut
1164 2314 1327 2359 Papirius
1351 2313 1483 2347 Cursor
1507 2312 1570 2346 ob-

116 2359 209 2392 viam
244 2358 432 2403 imperator
466 2359 661 2394 Alexandro
697 2360 786 2405 iret,
822 2361 1031 2404 decrevere,
1068 2372 1284 2404 auguresque
1320 2364 1354 2393 et
1388 2358 1572 2412 pontifices

115 2409 337 2438 creaverunt.
376 2408 506 2451 ‘aperte
530 2412 643 2440 autem
667 2406 796 2440 cladem
820 2412 1042 2452 exspectant,
1067 2406 1126 2451 qui
1148 2412 1304 2451 tempore
1321 2404 1402 2439 belh
1425 2405 1468 2438 ad
1516 2415 1572 2437 re-

88 2491 92 2497 .
116 2461 175 2484 ces
196 2449 413 2494 confugiunt.
460 2464 550 2486 anno
573 2458 686 2486 autem
705 2452 936 2487 ducentesimo
956 2452 1170 2496 sexagesimo
1189 2451 1292 2486 tertio
1312 2453 1454 2496 praetor
1506 2448 1574 2492 ius,

117 2506 218 2540 quom
240 2497 428 2542 urbanum,
461 2498 549 2532 alius
573 2498 695 2542 etiam,
728 2510 829 2544 quem
851 2498 1090 2544 peregrinum,
1118 2498 1151 2531 id
1179 2502 1233 2531 est
1255 2496 1458 2543 peregrinos
1480 2494 1572 2529 reci-

117 2540 286 2586 pientem,
319 2548 466 2588 vocant,
492 2544 601 2578 creati
624 2550 716 2578 sunt.
764 2550 944 2590 postquam
968 2556 1052 2578 vero
1077 2543 1223 2589 populus
1246 2549 1408 2587 quattuor
1430 2541 1467 2575 in
1491 2552 1574 2587 par-

118 2591 172 2620 tes
195 2591 231 2621 et
250 2587 394 2632 triginta
417 2589 569 2634 quinque
592 2590 629 2623 in
651 2591 762 2625 tribus
786 2590 918 2624 divisus
943 2596 1016 2633 est,
1051 2588 1246 2623 memoratis
1272 2587 1489 2634 praetoribus
1514 2585 1575 2621 alii

118 2637 192 2666 tres
214 2632 381 2668 adiuncti.
429 2647 518 2670 anno
545 2641 657 2671 autem
682 2649 702 2670 a
727 2637 905 2670 consulatu
926 2636 1166 2680 nonagesimo,
1206 2646 1281 2668 cum
1303 2632 1480 2668 Hannibal
1498 2633 1572 2667 Ita-

116 2677 199 2712 liam
219 2679 425 2724 invasisset,
465 2688 608 2728 propter
629 2682 711 2716 belli
734 2682 856 2716 molem
878 2694 946 2716 non
967 2688 1099 2716 tantum
1122 2681 1324 2716 dictatorem
1347 2679 1410 2714 sed
1434 2683 1469 2713 et
1493 2690 1575 2724 pro·

118 2723 344 2768 dictatorem,
369 2736 433 2762 nec
453 2739 522 2761 non
544 2729 704 2772 magistro
730 2729 882 2773 equitum
905 2727 1074 2762 vicarium
1097 2739 1284 2770 creavere,
1310 2732 1368 2771 ut,
1393 2725 1501 2759 altero
1525 2723 1576 2758 al-

118 2769 230 2805 terius
253 2777 420 2817 sequente
441 2773 619 2808 consilium
632 2800 641 2818 ‚
667 2774 792 2809 nullum
815 2774 869 2809 rei
893 2774 1052 2820 publicae
1076 2785 1096 2807 e
1119 2772 1288 2818 singulari
1309 2776 1483 2818 potestate
1504 2781 1576 2805 ma-

94 2815 189 2851 .lum
223 2817 402 2854 existeret.
449 2819 512 2855 hos
545 2820 636 2855 solos
670 2820 859 2856 dictatores
890 2824 1134 2856 commemorat
1155 2820 1388 2855 Romanorum
1410 2815 1579 2852 historia:
