1748 3210
266 209 331 257 74
779 215 996 260 IOANNIS
1033 217 1164 260 LYDI

264 326 376 373 νοῦν,
411 323 523 365 οἱονεὶ
551 324 622 378 τὴν
648 329 718 368 τοῦ
747 323 896 379 κόσμου
927 324 1082 381 ψυχήν·
1116 331 1311 382 πολλαχοῦ
1336 329 1411 387 γὰρ
1446 329 1670 388 εὑρίσκομεν

264 387 320 438 ὡς
339 388 359 432 ὃ
380 389 537 444 σύμπας
557 391 703 444 κόσμος
722 393 824 441 Ζεὺς
843 392 1070 445 ὀνομάζεται
1096 394 1163 435 διὰ
1188 395 1233 435 τὸ
1255 395 1410 446 ἀείζωον
1429 399 1494 439 καὶ
1515 399 1671 441 ἀτελεύ-

263 473 391 509 τητον.
458 458 630 510 Σεμέλης
657 459 701 499 δὲ
726 459 844 500 αὐτὸν
872 464 1049 502 ποιοῦσιν
1075 460 1162 501 υἱὸν
1189 458 1241 509 ὥς
1259 459 1335 503 ῧπὸ
1359 468 1431 517 γῆν
1449 464 1670 520 κρυπτόμε-

262 539 330 564 νον
357 524 422 564 καὶ
452 523 518 563 διὰ
546 529 615 565 τοῦ
637 523 783 579 Ἑρμοῦ
792 556 805 575 ,
839 526 1012 568 τουτέστι
1035 531 1104 568 τοῦ
1133 525 1272 580 λόγου,
1297 528 1491 584 προϊόντα,
1525 533 1590 572 καὶ
1614 536 1670 588 τῷ

260 594 376 644 μηρῷ
391 593 460 629 τοῦ
479 589 580 638 Διὸς
598 590 874 646 ἕντρεφόμενον
891 592 1004 634 οἱονεὶ
1022 593 1062 634 ἓν
1081 600 1162 642 τοῖς
1181 593 1415 649 ἀπορρήτοις
1430 601 1500 638 τοῦ
1520 595 1669 650 κόσμου
1682 604 1704 642 5

260 654 532 706 λανθάνοντα,
566 658 631 697 καὶ
661 657 915 712 διθύραμβον
949 661 1014 700 καὶ
1053 659 1247 715 διμήτορα
1276 661 1343 702 τὸν
1379 660 1450 703 δύο
1477 662 1672 719 προόδους

259 720 452 774 λαχόντα,
479 723 549 775 τὴν
571 724 642 776 μὲν
671 723 901 778 ἀνατολικὴν
930 726 1028 781 πρὸς
1047 725 1159 767 νότον
1180 728 1219 767 ἓν
1235 731 1396 779 χειμῶνι
1403 758 1417 778 ,
1444 728 1516 780 τὴν
1539 730 1583 769 δὲ
1597 733 1672 782 βο-

259 789 365 843 ρειάν
394 789 492 843 πρὸς
520 789 674 842 δυσμὰς
702 792 743 832 ἐν
762 796 816 847 τῷ
844 792 966 847 θέρει.
1033 795 1098 834 καὶ
1119 797 1245 834 ταῦτα
1264 794 1336 846 μὲν
1354 795 1441 849 περὶ
1462 794 1674 836 Διονύσου.

259 856 298 895 ἐν
339 855 382 896 δὲ
423 859 471 910 τῇ
510 853 638 914 ἡμέρᾳ
676 861 752 898 τῶν
791 860 1072 911 Βακχαναλίων
1103 858 1354 914 Δημόκριτος
1387 858 1555 902 δύεσθαι
1582 861 1675 909 τοὺς

259 920 406 974 ῗχθύας
439 922 558 974 λέγει,
592 920 612 963 ὃ
647 924 690 964 δὲ
707 923 878 980 Βάρρων
910 925 1174 978 ἀνεμομαχιάν
1205 925 1367 967 ἔσεσθαι
1391 928 1672 981 παραδίδωσιν.
1683 938 1727 973 10

259 987 384 1037 οὕτως
409 988 481 1040 μὲν
509 987 535 1042 ἦ
567 989 782 1043 παλαιότης
812 993 899 1046 περὶ
929 992 978 1032 τὰ
1013 990 1218 1034 Διονύσια.
1309 993 1346 1033 οἱ
1376 995 1576 1034 Χαλδαῖοι
1606 992 1675 1034 τὸν

137 1065 171 1098 p·
196 1052 239 1090 84
260 1054 358 1096 θεὸν
379 1054 468 1096 Ἰαὼ
497 1056 671 1109 λέγουσιν
705 1057 806 1109 (ἀντὶ
827 1062 897 1099 τοῦ
921 1062 1007 1113 φῶς
1028 1057 1183 1111 νοητόν)
1215 1063 1262 1114 τῇ
1288 1060 1476 1100 Φοινίκων
1501 1057 1675 1113 γλώσσῃ.

260 1122 327 1162 καὶ
344 1121 527 1174 Σαβαὼθ
550 1123 592 1162 δὲ
613 1126 812 1176 πολλαχοῦ
832 1125 998 1178 λέγεται,
1032 1122 1114 1166 οἷον
1135 1123 1155 1166 ὃ
1174 1123 1271 1181 ὖπέρ
1288 1125 1379 1174 τοὺς
1399 1124 1496 1166 ἔπτὰ
1516 1124 1674 1175 πόλους,
1723 1168 1726 1172 ,

258 1188 455 1229 τουτέστιν
475 1185 495 1228 ὅ
518 1188 768 1243 δημιουργός.

393 1253 470 1296 39.
537 1254 612 1308 πρὸ
635 1255 838 1296 δεκαπέντε
857 1257 1062 1296 καλανδῶν
1076 1255 1280 1310 Ἀπριλιίυν
1305 1255 1326 1297 ὃ
1350 1255 1568 1311 Εὐκτήμων
1585 1272 1672 1297 ποι·
1685 1268 1727 1303 15

259 1319 390 1367 κῖλους
413 1319 578 1370 ἀνέμους
594 1321 718 1361 πνέειν
739 1323 850 1375 λέγει.
884 1323 1099 1377 κεφαλαιάν
1124 1322 1167 1362 δὲ
1187 1321 1375 1375 Ἀθηνᾶν
1392 1323 1464 1375 τὴν
1483 1321 1673 1378 φρόνησιν

258 1384 307 1426 ἄν
322 1402 382 1434 τις
402 1385 523 1426 εἴποι·
557 1388 622 1426 καὶ
651 1387 726 1443 γὰρ
752 1388 813 1428 ἐπὶ
838 1391 908 1428 τοῦ
939 1387 1179 1443 βρέγματος,
1214 1389 1315 1429 κατὰ
1334 1388 1380 1430 τὸ
1405 1389 1673 1444 ἀντικέφαλον,

258 1452 534 1493 ἐναποκεῖσθαι
559 1453 707 1505 λέγεται
739 1454 851 1509 [πρὸς
874 1461 959 1502 ταῖς
987 1454 1108 1508 ῥίζαις
1143 1458 1212 1495 τοῦ
1243 1453 1471 1510 ἐγκεφάλου]
1503 1460 1584 1503 τοῖς
1605 1453 1675 1495 ἄν·-

255 1517 436 1573 θρώποις
456 1515 479 1570 ἢ
504 1517 703 1574 φρόνησις.
772 1520 869 1561 ὅθεν
885 1519 1129 1575 ὀργιζόμενον
1143 1520 1522 1576 Ἀχιλλέα’Ό,ιιηρος
1543 1522 1584 1561 ἔκ
1602 1524 1672 1561 τοῦ

253 1585 475 1639 βρέγματος
509 1583 729 1637 πιεζόμενον
753 1584 828 1627 ὑπὸ
851 1590 921 1640 τῆς
942 1587 1132 1639 Ἀθηνᾶς
1150 1588 1315 1640 ἐποίησε,
1351 1588 1470 1641 λέγων
1492 1584 1728 1638 “ξανθῆς20

253 1651 298 1691 δὲ
319 1650 443 1703 κόμης
460 1651 519 1691 ἕλε
542 1652 786 1703 Πηλει’ωνα.”
854 1654 919 1693 καὶ
946 1657 1169 1706 γλαυκῶπιν
1200 1653 1321 1706 αὐτὴν
1345 1655 1413 1694 διὰ
1432 1654 1476 1694 τὸ
1494 1655 1674 1708 πυρῶδες

251 1716 473 1774 γράφουσι,
508 1718 573 1758 καὶ
591 1721 740 1771 γλαῦκα
759 1718 859 1776 αὐτῇ
882 1719 926 1760 τὸ
949 1718 1081 1774 ὄρνεον
1099 1721 1403 1775 προσνέμουσιν,
1439 1719 1533 1775 ὅπερ
1556 1717 1673 1775 ἐγρή-

341 1886 364 1920 7
389 1882 572 1930 ἀνατολὴν
593 1886 637 1922 Ρ.
771 1888 818 1923 22
835 1887 995 1932 γλαῦκαν
1017 1888 1063 1922 V.

251 2041 408 2082 mentem,
430 2041 527 2083 quasi
545 2041 658 2075 mundi
676 2041 838 2076 animam:
863 2053 968 2086 saepe
989 2041 1076 2077 enim
1096 2043 1283 2087 reperimus
1301 2042 1494 2076 universum
1514 2041 1671 2075 mundum

250 2085 368 2118 Iovem
391 2085 567 2128 nominari,
590 2091 774 2130 propterea
794 2088 885 2131 quod
904 2099 1038 2131 semper
1061 2087 1157 2131 viget
1175 2093 1210 2121 et
1232 2088 1383 2121 infinitus
1408 2091 1473 2120 est.
1519 2085 1671 2119 Semeles

251 2134 364 2162 autem
383 2140 457 2162 eum
475 2130 605 2163 faciunt
621 2131 737 2174 filium,
756 2138 794 2165 ut
812 2143 886 2165 eum
904 2133 963 2175 qui
981 2133 1043 2165 sub
1061 2138 1155 2165 terra
1172 2133 1308 2166 abditur
1326 2136 1361 2165 et
1378 2142 1440 2175 per
1453 2130 1671 2172 Mercurium,

251 2173 288 2206 id
307 2178 361 2207 est
378 2174 574 2217 orationem,
593 2176 729 2219 prodit3
754 2181 789 2209 et
808 2176 843 2209 in
866 2177 994 2209 femore
1019 2177 1110 2210 Iovis
1131 2177 1264 2219 nutriri,
1289 2176 1382 2210 velut
1402 2176 1438 2208 in
1455 2174 1597 2208 secretis
1618 2174 1669 2206 lo-

252 2218 301 2251 cis
322 2218 437 2251 mundi
457 2218 636 2260 latentem;
659 2226 694 2253 et
710 2221 968 2263 Dithyrambum
988 2226 1022 2254 et
1039 2222 1169 2255 duabus
1187 2218 1349 2256 matribus
1368 2225 1494 2262 natum,
1549 2226 1671 2262 nquam

252 2273 328 2296 eum
346 2262 404 2306 qui
421 2263 505 2296 duos
528 2264 638 2297 exitus
655 2265 795 2298 sortitus
815 2270 879 2307 est,
899 2265 1107 2308 orientalem,
1126 2266 1299 2300 meridiem
1318 2276 1449 2307 versus,
1469 2262 1506 2303 hi
1561 2275 1592 2305 e,
1613 2274 1670 2295 se-

251 2306 530 2351 ptentrionalem,
563 2309 772 2343 occidentem
792 2320 932 2351 versus,
957 2315 1100 2343 aestate.
1146 2311 1230 2344 haec
1253 2311 1414 2343 hactenus
1439 2309 1481 2342 de
1501 2307 1670 2349 Dionyso.

251 2351 549 2386 Bacchanaliorum
570 2358 681 2387 autem
702 2354 758 2387 die
781 2353 994 2388 Democritus
1017 2355 1172 2388 occidere
1189 2354 1307 2387 Pisces
1335 2353 1429 2394 dicit,
1454 2352 1562 2386 Varro
1584 2362 1670 2384 ven-

249 2401 360 2430 torum
379 2407 523 2440 pugnam
542 2399 689 2431 futuram
707 2399 819 2432 docet.
858 2397 908 2430 ita
926 2398 1109 2442 antiquitas
1125 2398 1216 2432 circa
1231 2396 1468 2431 Bacchanalia.
1505 2394 1670 2438 Chaldaei

250 2442 349 2474 deum
367 2442 425 2474 Iao
444 2441 561 2476 dicunt
578 2443 656 2485 (pro
674 2442 785 2476 lumen
803 2443 894 2487 quod
910 2449 1022 2475 mente
1042 2443 1245 2488 percipitur)
1263 2442 1468 2475 Phoenicum
1487 2440 1614 2483 lingua,
1634 2443 1670 2472 et

250 2485 403 2518 Sabaoth
427 2497 509 2519 vero
533 2498 638 2530 saepe
660 2486 795 2530 dicitur,
819 2487 913 2521 velut
935 2487 964 2520 is
990 2488 1050 2531 qul
1073 2493 1127 2522 est
1148 2498 1252 2531 super
1271 2492 1401 2531 septem
1423 2484 1532 2529 polos,
1555 2484 1592 2518 id
1615 2488 1671 2517 est¹

249 2531 333 2563 deus
355 2529 472 2573 opifex
489 2542 518 2565 s.
537 2537 737 2576 procreator
756 2532 882 2566 mundi.
1626 2571 1636 2580 .
1704 2528 1711 2541 ’

337 2575 394 2609 39.
439 2575 482 2608 A.
505 2576 538 2608 d.
566 2576 606 2609 15
630 2576 789 2610 kalendas
810 2577 838 2611 A
864 2575 944 2609 riles
965 2575 1154 2610 Euctemon
1173 2575 1290 2609 varios
1310 2579 1432 2608 ventos
1454 2573 1540 2608 flare
1569 2573 1666 2606 dicit.

247 2618 438 2652 Minervam
458 2619 635 2664 capitalem
656 2626 801 2654 mentem
822 2634 841 2655 a
855 2620 943 2664 iquis
967 2620 1078 2653 dicat:
1103 2620 1226 2654 etenim
1247 2620 1282 2653 in
1305 2618 1485 2663 sincipite,
1509 2618 1554 2652 ad
1574 2616 1665 2651 occi-

244 2663 384 2706 pitium,
415 2665 482 2699 sita
503 2677 578 2698 esse
602 2665 726 2698 dicitnr
746 2666 867 2710 [prope
887 2664 1019 2697 radices
1042 2665 1190 2708 cerebri]
1211 2664 1400 2698 hominibus
1424 2674 1531 2696 mens.
1576 2661 1666 2694 unde

244 2707 447 2741 irascentem
476 2709 639 2743 Achillem
668 2710 835 2743 Homerus
858 2709 1016 2752 sincipite
1044 2709 1152 2752 premi
1175 2721 1204 2742 s.
1236 2707 1446 2753 apprehendi
1468 2719 1489 2740 a
1507 2706 1666 2741 Minerva

244 2752 348 2795 fecit,
370 2753 486 2787 dicens
508 2751 527 2766 ‘⁶
537 2758 572 2789 et
591 2754 682 2788 flava
703 2765 798 2788 coma
819 2753 1001 2798 prehendit
1020 2751 1226 2788 Pelidem.”‘
1260 2759 1296 2787 et
1317 2752 1421 2786 oculis
1444 2751 1565 2785 caesiis
1591 2760 1664 2782 eain

245 2802 387 2841 propter
403 2803 556 2835 naturam
574 2799 708 2845 igneam
724 2799 880 2846 pingunt,
904 2802 940 2833 et
957 2803 1112 2834 noctuam
1133 2799 1165 2833 ei
1183 2810 1280 2833 avem
1298 2797 1500 2840 attribuunt,
1519 2800 1558 2830 ut
1577 2804 1665 2839 quae
