1748 3210
243 180 337 225 256
757 181 973 224 IOANNIS
1001 181 1130 224 LYDI

369 290 446 336 62.
490 289 676 346 Συνῆχθη
698 286 764 332 οὖν
780 294 946 340 πλοῦτος
967 290 1124 347 ἄπειρος
1138 296 1192 348 τῷ
1215 291 1444 350 δικαιοτάτῳ
1465 290 1642 350 ὖπᾶρχῳ,

240 356 338 400 ὥστε
368 359 486 400 αὐτὸν
517 361 582 400 καὶ
611 357 708 412 πρὸς
736 359 945 413 τυραννίδα
965 361 1222 414 παρακαλεῖν,
1255 363 1325 413 τῆς
1351 361 1644 416 αὖθαδεστὲρας

239 427 382 481 μοίρας
397 430 465 467 τοῦ
483 423 609 477 δήμου
629 423 820 478 συνούσης
837 424 941 481 αὐτῷ
959 426 1024 465 καὶ
1039 432 1119 474 τοῖς
1135 425 1432 479 ἐγχειρουμένοις
1448 444 1643 469 συναπτο-

237 492 368 544 μένης.
419 488 650 545 θεραπεύων
671 486 739 532 οὖν
757 493 822 532 καὶ
842 491 1201 547 προσοικειούμενος
1217 491 1337 545 αὐτὴν
1357 492 1425 534 οὒκ
1445 493 1539 550 ᾤετο
1559 495 1642 534 πεί-

239 562 327 598 θειν
355 555 408 605 ὡς
434 557 599 612 ἐραστὴς
630 556 686 611 εἴη
717 562 786 599 τοῦ
819 558 910 599 κατ’
935 558 1056 613 αὐτὴν
1075 557 1296 612 κόμματος,
1331 561 1364 599 εἲ
1381 558 1437 612 μὴ
1457 559 1554 615 πρὸς
1573 559 1674 614 τὴν5

239 624 289 664 ἕω
310 624 519 675 διαβαίνων
544 623 666 672 αὐτὸς
687 626 751 665 καὶ
769 625 911 679 στολὴν
934 625 1100 682 ἀνθηρῷ
1114 623 1360 679 χλοάζουσαν
1375 623 1554 681 χρώματι
1575 643 1644 682 πε-

238 690 442 744 ριθέμενος
462 691 656 747 διαφανὴς
676 690 798 733 ἅπασι
815 693 974 746 γένοιτο.
1041 691 1106 734 οἷα
1125 693 1195 746 μὲν
1214 686 1282 734 οὖν
1304 690 1443 747 ἔπραξε
1461 693 1550 748 περὶ
1570 693 1646 733 Κί-

237 760 349 806 λικας
358 788 371 807 ,
413 759 478 798 καὶ
505 756 611 807 ὅσοις
629 757 722 807 τοὺς
743 758 919 811 δασμοὺς
939 759 1137 814 ἒπέβρισεν
1157 758 1299 812 ἄχθεσι
1315 758 1424 814 παρὰ
1441 758 1512 812 τὴν
1529 762 1646 811 βασι-ν

237 824 335 872 λε’ως
354 823 572 876 εὐμένειαν,
598 825 724 866 οὐδενὶ
745 830 823 867 τῶν
839 825 993 867 πάντων
1012 825 1209 880 ἠγνόηται.
1243 825 1469 867 ἐπανελθὼν
1489 825 1532 866 δὲ
1551 824 1649 880 πρὸς

236 888 363 943 ἡμᾶς,
406 889 459 940 ὥς
477 889 573 932 εἶδεν
594 891 786 941 ὥκεανοὺς
801 890 1016 948 χρημάτων
1033 893 1304 948 περιρρέοντας
1323 891 1441 933 αὐτόν
1449 923 1463 942 ,
1499 889 1648 940 πάντας
1660 901 1701 935 10

237 957 310 1010 μὲν
329 957 590 1014 ᾠκειωμένους
610 958 737 1014 αὐτῷ,
765 961 829 999 καὶ
850 958 941 1007 τοὺς
959 958 1175 1011 ὀψοποιούς
1193 976 1234 1014 γε
1250 957 1342 1012 μήν,
1368 959 1430 1000 ἐπὶ
1445 958 1494 1000 τὰ
1509 962 1648 1014 πρῶτα

236 1027 315 1065 τιῦν
341 1027 414 1077 τῆς
443 1026 636 1073 πολιτείας
665 1024 894 1078 ἀξιωμάτων
926 1024 1170 1081 ἀνήρπασεν,
1213 1023 1268 1075 ὥς
1295 1026 1444 1078 μηδένα
1475 1026 1540 1066 καὶ
1573 1029 1650 1066 τῶν

236 1089 521 1146 ἀργυρωνήτων
547 1092 668 1132 αὐτοῦ
695 1091 772 1140 ἔξω
798 1090 968 1133 πλούτου
1001 1093 1152 1144 βαθέος
1181 1093 1247 1133 καὶ
1277 1096 1393 1145 τιμῆς
1421 1095 1651 1143 βουλευταῖς

238 1157 417 1205 εὐκταίας
445 1158 644 1212 ἀφεθῆναι
668 1155 834 1210 γυμνόν,
870 1157 987 1205 αὐτὸς
1010 1158 1051 1198 δὲ
1075 1156 1226 1213 ἐτρύφα
1233 1188 1247 1208 ,
1279 1159 1491 1212 μειρακίοις
1516 1161 1650 1211 ψιλοῖς

237 1224 302 1264 καὶ
323 1222 441 1275 μήπω
466 1225 535 1263 λίω
555 1227 626 1264 τοῦ
646 1221 828 1275 σώματος
846 1223 1126 1280 ἄρρενοφανέσι
1143 1225 1208 1264 καὶ
1227 1227 1381 1279 πορνῶν
1398 1229 1484 1272 ταῖς
1505 1221 1649 1264 ἀκολά·
1662 1230 1703 1265 15

237 1305 344 1337 στοις
364 1287 773 1343 συμβαλανευόμενος,
811 1292 875 1331 καὶ
904 1290 1195 1332 ἀκολασταίνων
1220 1289 1265 1331 τὸ
1284 1288 1465 1345 πράττειν
1485 1288 1568 1342 ἅμα
1586 1291 1652 1331 καὶ

239 1354 421 1408 πάσχειν,
469 1357 509 1406 ἐξ
530 1355 718 1412 ἑκατέρας
737 1357 889 1413 ὠχριῶν
906 1355 1022 1398 νόσου
1032 1388 1046 1408 ,
1091 1357 1212 1398 ἕλκων
1229 1373 1272 1398 τε
1294 1356 1353 1397 ἐπὶ
1373 1360 1450 1398 τῶν
1470 1355 1652 1411 ἐμπύρων

238 1422 307 1463 τὸν
327 1422 497 1478 ἄκρατον
519 1423 643 1472 οὕτως
663 1424 835 1479 ἀφειδῶς
851 1422 905 1473 ὥς
924 1422 1104 1480 φοράδην
1126 1423 1375 1477 ἐκκεχυμένον
1391 1421 1468 1463 ὑπὸ
1489 1427 1567 1464 τῶν
1583 1439 1653 1477 yv-

235 1494 344 1543 μνῶν
369 1490 712 1543 ἀναβαστάζεσθαι
723 1522 737 1541 ,
771 1491 869 1547 πρὸς
898 1491 1107 1544 ἀντιβολὴν
1131 1490 1244 1543 ὄψων
1273 1488 1559 1542 ἔπιχωννύντων
1585 1489 1653 1531 τὸν

239 1554 355 1597 οἶνον.
421 1557 492 1598 οὐκ
521 1558 776 1613 ἐξαρκοῦντος
800 1562 849 1613 τῇ
872 1562 1006 1614 τρυφῇ
1033 1557 1078 1598 οὗ
1104 1561 1175 1600 τοῦ
1194 1555 1445 1609 ὑποκειμένου
1472 1560 1520 1611 τῇ
1544 1554 1707 1598 πόλειὲθ

238 1627 439 1679 πορθμοῦ,
474 1623 544 1677 οὐχ
557 1622 841 1678 Ἑλλησπόντου
862 1624 1107 1677 σύμπαντος,
1135 1623 1179 1666 τὸ
1196 1623 1330 1665 λοιπὸν
1347 1623 1393 1664 οὐ
1413 1621 1557 1672 κτενός,
1583 1623 1654 1664 οὐκ

237 1688 388 1740 ἔλοπος,
403 1689 716 1746 χρυσοστάθμου
734 1690 886 1743 ἰχθύων
905 1693 1097 1741 ποικιλίας
1116 1691 1446 1747 καταλειφθείσης
1459 1694 1515 1747 τῷ
1533 1687 1654 1730 πελά-

328 1797 349 1830 6
375 1792 738 1838 ἄνθηροχλοᾶζουσαν
760 1797 802 1830 C.
958 1798 982 1831 7
1004 1796 1164 1838 διαφανη
1190 1796 1232 1829 C.
1388 1795 1409 1829 8
1434 1791 1585 1836 δεσμοὺς
1610 1795 1652 1829 C.

330 1840 373 1875 15
400 1840 480 1873 λείω
505 1841 548 1874 F.
730 1842 773 1875 17
794 1837 925 1879 νόσους
947 1841 990 1874 C.
1037 1841 1082 1874 cf.
1107 1839 1277 1875 Iuvenalis
1300 1840 1376 1873 Sat.
1405 1840 1429 1873 2
1457 1839 1519 1874 50:
1543 1841 1655 1873 morbo

322 1887 431 1929 pallet
451 1891 601 1928 utroque.
677 1919 679 1922 ,
781 1886 822 1919 19
842 1882 1102 1928 ἐπιχωννύντος
1124 1886 1166 1919 C.
1340 1884 1386 1919 20
1416 1884 1482 1929 τῇ]
1513 1881 1552 1918 δὲ
1582 1883 1656 1928 τῇί)

326 1930 372 1963 22
392 1927 686 1973 χρυσοστοὲθμους
710 1929 825 1973 vulgo.
1368 1963 1370 1966 ,

328 2019 385 2052 62.
432 2018 604 2052 Collectae
634 2017 739 2061 igitur
767 2017 949 2052 immensae
976 2016 1119 2051 divitiae
1139 2016 1324 2051 iustissimo
1345 2016 1540 2069 praefecto,
1570 2015 1678 2050 adeo.

240 2068 278 2097 ut
302 2064 343 2096 ad
370 2063 583 2105 tyrannidem
610 2074 684 2096 eum
713 2063 946 2106 hortarentur,
992 2062 1214 2095 audacissima
1245 2062 1361 2106 populi
1385 2067 1487 2114 parte
1514 2071 1588 2094 cum
1613 2073 1655 2094 eo

239 2113 352 2141 stante
375 2114 580 2150 conatusque
599 2108 793 2142 adiuvante.
840 2118 938 2152 quam
959 2107 1070 2140 colens
1094 2107 1344 2151 conciliansque
1365 2106 1444 2150 sibi,
1469 2116 1536 2139 non
1554 2110 1654 2149 puta-

239 2153 292 2186 vit
309 2163 346 2184 se
365 2163 601 2195 persuasurum
622 2152 693 2185 eius
715 2165 754 2185 se
776 2158 876 2186 notae
899 2158 1063 2185 amantem
1087 2164 1181 2194 esse,
1213 2151 1278 2184 nisi
1301 2151 1336 2185 in
1359 2151 1535 2185 Orientem
1557 2150 1656 2183 traii-

241 2197 334 2230 ciens
357 2197 454 2240 ipse,
487 2202 522 2229 et
544 2197 665 2230 florida
688 2198 852 2230 virentem
875 2197 988 2237 colore
1005 2202 1134 2231 vestem
1154 2197 1310 2238 indutus,
1343 2195 1495 2229 omnihus
1512 2194 1656 2228 manife-

241 2247 313 2275 stus
338 2242 448 2274 fieret.
497 2247 532 2274 et
553 2241 641 2284 apud
662 2241 786 2275 Cilices
805 2241 939 2286 quidem
958 2252 1044 2285 quae
1063 2242 1182 2285 egerit,
1207 2240 1409 2285 quantisque
1428 2240 1556 2276 tributa
1573 2251 1656 2273 one-

240 2287 335 2320 ribus
359 2291 477 2319 contra
499 2285 712 2329 imperatoris
736 2286 1007 2320 benevolentiam
1030 2286 1201 2330 gravarit,
1235 2297 1331 2319 nemo
1354 2289 1407 2318 est
1430 2286 1488 2330 qui
1508 2284 1654 2328 ignoret.

241 2332 286 2365 ad
307 2341 368 2363 nos
389 2336 499 2363 autem
523 2341 681 2363 reversus
706 2343 779 2364 cum
803 2343 946 2365 oceanos
969 2331 1186 2375 pecuniarum
1214 2342 1252 2363 se
1270 2329 1537 2364 circumfluentes
1557 2329 1655 2362 vide-

241 2380 315 2418 ret,
339 2387 452 2408 omnes
473 2375 654 2408 familiares
678 2387 776 2418 suos,
808 2376 889 2420 quin
909 2375 1011 2411 etiam
1034 2387 1159 2420 coquos
1173 2401 1183 2419 ,
1217 2375 1259 2408 ad
1280 2374 1404 2419 primas
1426 2373 1478 2407 rei
1499 2373 1657 2417 publicae

240 2420 426 2463 dignitates
450 2420 584 2463 rapuit,
619 2425 657 2453 ut
679 2422 843 2454 neminem
866 2420 923 2454 vel
953 2433 972 2454 e
1000 2420 1176 2472 mancipiis
1196 2419 1266 2452 suis
1286 2418 1471 2462 ingentium
1499 2428 1599 2463 opum
1622 2422 1658 2451 et

241 2465 379 2498 honoris
403 2464 584 2499 curialibus
607 2466 746 2508 optandi
770 2471 942 2509 expertem
962 2465 1150 2509 reliquerit.
1195 2463 1270 2507 ipse
1287 2469 1397 2497 autem
1414 2462 1657 2505 luxui-iaham,

243 2521 317 2544 cum
337 2508 594 2543 adolescentulis
617 2509 784 2553 depilibus
812 2516 847 2543 et
867 2511 1040 2554 impubere
1063 2509 1162 2543 etiam
1179 2513 1319 2553 propter
1339 2507 1492 2552 corporis
1513 2506 1657 2543 laevita-

243 2560 310 2588 tem
331 2556 506 2598 adspectu,
529 2565 668 2599 cumque
690 2560 877 2588 scortorum
899 2553 1170 2600 impudicissimis
1192 2564 1258 2586 una
1279 2552 1395 2586 lavans
1408 2577 1417 2594 ‚
1441 2563 1482 2585 ac
1500 2551 1656 2586 faciendo

242 2599 340 2633 simul
363 2605 398 2632 et
420 2599 578 2642 patiendo
602 2599 795 2642 libidinans,
819 2605 962 2642 utroque
986 2600 1114 2644 pallens
1136 2599 1264 2640 morbo,
1287 2607 1479 2640 merumque
1501 2597 1544 2634 ad
1566 2601 1657 2630 tosta

238 2650 307 2677 tam
325 2644 542 2678 immoderate
565 2644 735 2688 hauriens,
758 2650 796 2677 ut
817 2644 854 2677 in
871 2644 953 2677 sella
970 2650 1128 2678 extensus
1146 2644 1188 2675 ab
1207 2642 1304 2677 nudis
1327 2642 1528 2684 referretur,
1549 2640 1653 2675 vicis⁴

239 2688 302 2723 sim
324 2689 539 2723 obsoniorum
560 2701 681 2723 acervo
706 2690 819 2724 vinum
843 2688 1032 2732 operiente.
1079 2687 1133 2721 oui
1163 2686 1318 2720 luxuriae
1343 2697 1416 2720 cum
1441 2697 1508 2722 non
1538 2684 1652 2719 subie-

239 2739 327 2766 ctum
346 2734 422 2767 urbi
440 2735 574 2777 fretum,
597 2746 663 2768 non
685 2739 776 2768 totus
799 2733 1038 2777 Hellespontus
1060 2732 1243 2774 sufficeret,
1266 2737 1397 2775 postea,
1421 2742 1488 2764 non
1506 2729 1652 2774 pectine,

239 2789 306 2812 non
325 2779 534 2830 acipensere,
559 2791 626 2815 non
648 2791 825 2822 aureorum
846 2778 990 2833 piscium
1011 2777 1109 2817 varia
1130 2776 1231 2825 copia
1251 2777 1287 2814 in
1308 2776 1428 2826 pelago
1449 2774 1589 2822 relicta,
1611 2774 1654 2808 ad
