1748 3210
648 170 731 214 DE
759 168 1048 214 OSTENTIS.
1473 169 1572 216 367

251 282 320 329 κε’.
354 287 406 342 τῇ
426 283 505 341 πρὸ
528 280 568 341 η’
587 287 789 328 καλενὸῶν
805 283 827 328 ὃ
850 283 990 342 ἐ”ριφος
1011 282 1162 338 ἀνίσχει
1183 282 1311 326 ἕωθεν
1334 283 1402 324 καὶ
1416 287 1572 341 βορρᾶς

115 358 215 396 πνεῖ.

131 410 134 414 ’
247 418 322 470 κς’.
351 424 402 476 τῇ
427 420 504 478 πρὸ
536 418 571 474 ζ’
604 423 806 464 καλενὸῶν
830 419 967 464 δύεται
990 418 1012 464 ὅ
1035 423 1207 477 ταῦρος,
1240 419 1308 462 καὶ
1329 417 1444 470 νότος
1466 419 1568 474 μετὰ

111 489 258 546 βορέου
278 496 378 531 πνεῖ.

82 567 110 605 ἃ»
248 557 321 608 κζ’.
355 561 405 614 τῇ
427 556 504 614 πρὸ
529 553 563 607 ς’
582 560 784 601 καλενδῶν
804 557 953 612 ἀνίσχει
975 554 1181 607 ὡσαύτως.

249 624 325 680 κη’.
352 630 404 683 τῇ
427 626 504 684 πρὸ
530 623 559 668 ε’
582 628 783 669 καλενδῶν
806 625 921 678 νότος
940 633 1049 679 πνεῖ,
1078 628 1146 669 καὶ
1168 624 1195 681 ἦ
1215 621 1320 683 λύρα
1339 626 1466 668 ἕωθεν
1483 624 1570 667 ἀνί-

112 710 211 748 σχει.

246 759 330 804 κθ·’.
354 765 404 819 τῇ
425 761 504 819 πρὸ
525 760 562 804 δ’
582 764 783 805 καλενδῶν
803 760 916 813 νότος
936 760 1074 813 πολύς.

246 829 296 872 λ’.
354 835 404 887 τῇ
425 831 503 887 πρὸ
527 830 562 887 y'
586 833 787 874 καλενὸῶν
808 831 851 873 αἱ
872 829 1055 881 πλειάδες
1074 830 1303 885 ἀνίσχουσι,
1344 832 1411 873 καὶ
1432 829 1565 888 βροχὴ

57 908 102 944 10
111 898 213 954 μετὰ
226 902 422 955 βροντῶν.
1223 947 1226 949 ,

246 966 324 1009 λα’.
359 972 412 1025 τῇ
431 966 509 1024 πρὸ
528 964 567 1008 α’
588 967 791 1008 καλενὸῶν
807 966 981 1008 Ἰουνίων
996 963 1177 1020 χειμάζει
1202 965 1224 1011 ὅ
1249 967 1329 1025 ἀὴρ
1352 968 1419 1010 καὶ
1441 972 1567 1024 βρον-

109 1036 196 1097 τᾷ,
213 1037 304 1092 περὶ
320 1036 365 1078 δὲ
382 1036 455 1090 τὴν
473 1034 645 1091 ἑσπέραν
663 1033 936 1092 σφοδρότερον
954 1033 1155 1092 ταράττει.

245 1100 323 1148 64.
390 1105 648 1146 ΙΟΥΝῙΟΣ.
717 1102 768 1147 α’.
803 1105 1014 1153 καλένδαις
1038 1104 1222 1156 Ἰουνιάις
1256 1105 1299 1147 αἶ
1323 1102 1445 1155 {addae
1474 1104 1564 1148 ὅλαι

109 1169 313 1226 ἀνίσχουσι
333 1174 400 1214 καὶ
420 1171 535 1222 νότος
551 1178 650 1215 πνεῖ.

54 1250 101 1287 15
244 1239 300 1294 β’.
350 1246 400 1297 τῇ
422 1242 499 1298 πρὸ
521 1239 556 1282 δ’
578 1244 714 1283 νωνῶν
731 1239 904 1284 Ἰουνίων
935 1239 956 1283 ὃ
984 1239 1100 1291 ἀετὸς
1129 1240 1303 1297 ἀνίσχει,
1341 1240 1499 1300 ταραχή
1522 1259 1564 1285 τε

107 1313 180 1352 τοῦ
200 1307 340 1365 ἀέρος,
373 1311 441 1351 καὶ
465 1310 634 1366 ζέφυρος
652 1315 752 1352 πνεῖ.

239 1375 291 1432 γ’.
345 1383 394 1434 τῇ
416 1378 493 1435 πρὸ
512 1376 548 1434 γ’
568 1383 703 1420 νωνῶν
719 1379 887 1434 βρονταὶ
910 1375 1045 1420 νότιοι.

242 1443 295 1488 δ’.
346 1451 397 1502 τῇ
417 1446 495 1503 πρὸ
517 1445 556 1488 α’
576 1451 714 1489 νωνῶν
735 1446 850 1496 νότος
869 1453 977 1498 πνεῖ,
1012 1447 1080 1488 καὶ
1100 1443 1155 1496 ὥς
1180 1444 1284 1495 εἰκὸς
1304 1447 1466 1503 βροχαί,

243 1512 287 1556 ε’.
350 1513 496 1567 νώναις
519 1515 702 1566 Ἰουνίαις
732 1513 753 1558 ὅ
786 1515 901 1566 ἀετὸς
930 1515 1101 1570 ἀνίσχει,
1149 1515 1216 1556 καὶ
1237 1513 1296 1556 ὕει
1320 1532 1361 1558 τε
1386 1515 1472 1570 ἅμα
1496 1516 1564 1557 καὶ

51 1579 220 1634 Ξθνότος
242 1588 342 1626 πνεῖ.

241 1650 290 1702 ς’.
343 1656 394 1709 τῇ
415 1651 493 1709 πρὸ
514 1649 553 1707 η’
572 1654 689 1695 εῗὸῶν
704 1650 877 1695 ’Ῑουνίων
893 1656 1050 1708 βορρᾶς
1068 1657 1176 1703 πνεῖ,
1210 1653 1277 1693 καὶ
1298 1649 1372 1694 ὕει.

241 1718 288 1771 ζ’.
343 1725 394 1778 τῇ
415 1721 492 1778 πρὸ
515 1719 548 1774 ζ’
570 1724 685 1764 εἶδ’ῶν
705 1718 726 1762 ὃ
749 1715 859 1774 ὦμος
880 1725 951 1763 τοῦ
969 1720 1161 1775 Ὠρίωνος
1180 1720 1343 1774 ἀνίσχει.

239 1786 293 1843 η’.
345 1794 395 1846 τῇ
414 1790 493 1847 πρὸ
523 1788 557 1841 ς’
587 1792 703 1832 εἰδῶν
730 1788 751 1832 ὅ
775 1790 998 1847 ἀρκτοῦρος
1017 1787 1175 1846 ὄρθρου
1195 1788 1330 1831 δύεται
1352 1789 1419 1831 καὶ
1439 1788 1561 1844 ζέφυ-

105 1873 177 1915 ρος
190 1862 289 1899 πνεῖ.

50 1931 94 1968 25
240 1924 300 1967 θ’.
344 1929 395 1981 τῇ
413 1926 491 1983 πρὸ
514 1923 543 1968 ε’
566 1927 682 1968 εἰδῶν
705 1923 726 1968 ὃ
745 1926 884 1982 δελφὶν
902 1924 1066 1981 ι’ίρχεται
1084 1923 1271 1979 ἀνίσχειν,
1295 1922 1316 1966 ὃ
1332 1924 1374 1966 δὲ
1388 1924 1561 1982 ἀρκτοῦ-

104 2011 176 2052 ρος
197 1991 347 2036 δύεται.

196 2144 220 2180 5
241 2140 381 2188 ἀνίσχει
402 2139 423 2178 ὁ
448 2140 560 2183 νότος
578 2142 638 2177 R⁸
656 2145 693 2178 et
710 2143 783 2178 Rb.
885 2144 928 2179 19
950 2139 1057 2179 ὕεται
1079 2137 1156 2188 ἅμα
1177 2144 1223 2179 C.

105 2279 256 2322 exoriri3
278 2283 314 2314 et
336 2278 565 2325 probabiliter
587 2277 655 2312 erit
677 2277 806 2323 pluvia.
945 2278 1003 2315 25.
1034 2291 1105 2314 vm
1132 2280 1212 2315 Kal.
1245 2278 1379 2327 capella
1401 2278 1513 2313 oritur
1535 2291 1557 2314 a

103 2338 216 2371 mane,
240 2329 276 2360 et
295 2325 410 2371 aquilo
433 2325 557 2371 spirat.
695 2325 751 2358 26.
786 2335 839 2358 vn
867 2323 946 2360 Kal.
972 2325 1101 2362 occidit
1121 2332 1263 2370 taurus3
1292 2330 1329 2362 et
1351 2331 1470 2359 auster
1492 2326 1556 2359 flat

104 2383 181 2408 cum
198 2372 372 2418 aquilone.
488 2373 548 2407 27.
577 2381 617 2404 Vl
634 2369 713 2404 Kal.
731 2370 961 2406 increbrescit
981 2372 1086 2407 idem.
1202 2375 1262 2408 28.
1287 2385 1310 2407 v
1335 2370 1414 2405 Kal.
1439 2377 1558 2405 auster

104 2419 234 2464 τρίταις
271 2424 308 2453 et
332 2417 473 2452 fidicula
500 2429 522 2452 a
550 2428 649 2451 mane
678 2417 846 2452 exoritur.
1007 2419 1065 2453 29.
1091 2430 1131 2453 1v
1163 2419 1244 2453 Kal.
1268 2422 1387 2453 auster
1416 2417 1554 2451 multus.

103 2464 162 2499 30.
183 2475 230 2499 111
250 2464 329 2500 Kal.
355 2464 525 2509 vergiliae
544 2463 767 2505 exoriuntur-3
791 2462 831 2497 fit
851 2463 970 2509 pluvia
992 2475 1067 2500 cum
1084 2465 1287 2500 tonitribus.
1379 2464 1435 2498 31.
1461 2463 1555 2508 prid.

102 2509 183 2545 Kal.
208 2511 325 2545 Iunias
348 2510 478 2544 hiemat
495 2511 557 2544 aar
579 2514 614 2543 et
636 2513 750 2543 tonat:
774 2511 819 2544 ad
845 2521 1028 2556 vesperam
1046 2510 1285 2546 vehementius
1311 2511 1484 2544 turbatur.

193 2556 252 2590 64.
297 2555 480 2591 IUNIUS.
529 2558 562 2590 1.
586 2555 754 2590 Kalendis
774 2555 885 2590 Iuniis
905 2556 1044 2591 suculae
1066 2561 1163 2592 totae
1187 2558 1355 2601 oriuntur,
1384 2561 1419 2590 et
1438 2559 1556 2590 auster

103 2601 227 2647 spirat.
319 2603 355 2636 2.
374 2613 415 2636 1v
431 2603 526 2637 Non.
546 2602 664 2636 Iunias
683 2601 799 2647 aquila
822 2602 998 2637 exoritur:
1020 2603 1174 2638 turbatio
1199 2603 1303 2648 acris,
1335 2607 1371 2637 et
1392 2602 1554 2636 favonius

101 2647 225 2692 spirat.
317 2648 352 2683 3.
377 2659 420 2682 111
444 2649 537 2683 Non.
572 2648 727 2683 tonitrua
749 2650 793 2683 ab
817 2654 947 2683 austro.
1039 2649 1075 2684 4.
1098 2649 1192 2695 prid.
1215 2650 1309 2684 Non.
1336 2653 1454 2683 auster
1480 2648 1554 2692 spi-

101 2698 168 2737 rat,
189 2697 226 2728 et
247 2692 329 2728 inde
351 2693 503 2740 pluviae.
596 2694 631 2730 5.
657 2694 770 2729 Nonis
793 2695 902 2729 Iuniis
921 2695 1037 2740 aquila
1060 2696 1236 2738 exoritur,
1261 2695 1429 2740 simulque
1454 2693 1554 2739 pluit,

101 2744 137 2773 et
155 2743 274 2774 auster
287 2740 412 2785 spirat.
504 2741 540 2774 6.
563 2751 635 2775 vm
657 2741 711 2775 Id.
736 2742 853 2776 Iunias
870 2741 985 2786 aquilo
1001 2741 1125 2787 spirat,
1145 2747 1180 2777 et
1195 2742 1296 2788 pluit.
1374 2744 1409 2778 7.
1431 2751 1483 2775 v11
1497 2740 1553 2774 Id.

101 2784 262 2820 humerus
285 2786 429 2821 Orionis
452 2791 612 2832 apparet.
702 2788 737 2822 8.
763 2799 803 2822 vr
823 2789 877 2822 Id.
902 2794 1059 2822 arcturus
1083 2790 1251 2823 matutino
1276 2787 1414 2833 occidit,
1439 2792 1475 2821 et
1497 2788 1550 2821 fa-

98 2831 223 2866 vonius
247 2831 370 2878 spirat.
551 2834 586 2870 9.
614 2845 636 2869 v
659 2833 715 2870 Id.
737 2834 879 2882 delphin
901 2834 1028 2882 incipit
1046 2834 1196 2880 exoriri3
1227 2840 1386 2871 arcturus
1410 2834 1551 2871 occidit.
