1748 3210
412 163 485 206 DE
519 161 965 206 MAGISTRATIBUS
997 162 1044 206 P.
1078 161 1132 205 R.
1167 160 1270 203 LIB.
1296 160 1368 205 111.
1510 161 1607 206 231

155 278 222 325 ,καὶ
251 276 364 320 aziaco}
393 275 514 333 με’ρος
540 274 754 332 ἐτύγχανον
784 279 856 331 τῆς
875 279 1058 326 Δπαλαιᾶς
1083 273 1218 330 ὅψεως
1238 279 1312 318 τοῦ
1334 275 1609 331 δικαστηρίου,

154 345 249 388 ἀλλ’
274 343 335 386 ὅτι
357 349 438 387 τῶν
458 349 730 401 στρατηγικῶν
748 345 1079 402 παρωθηθὲντων
1098 345 1352 401 σκρινιαρίων
1369 344 1436 384 καὶ
1456 341 1609 385 τούτων

155 413 300 467 συνέβη
322 412 639 468 ἀποτελεσθῆναι
667 414 737 456 τὸν
758 411 991 469 κατάλογον.
1059 417 1108 470 τῇ
1135 414 1177 455 δὲ
1198 413 1395 467 βασιλέως
1415 410 1536 469 ἀρετῇ
1558 410 1604 453 τὸ

153 481 257 538 πρὸς
282 480 414 524 ἄλλων
444 483 628 538 ἐπηρείας
657 483 907 539 ἐξηυρῆσθαι
931 482 1126 536 νομισθὲν
1155 484 1211 532 εἷς
1228 484 1455 524 λυσιτελοῦν
1475 482 1608 529 καλῶς

117 557 144 594 ⁵
155 548 425 603 διοικούμενον
450 551 681 605 ἀπεδείχθη.
749 554 823 593 τοῦ
836 567 877 605 γε
899 550 981 605 μὴν
1000 553 1210 593 σιτωνικοῦ
1227 550 1421 592 ἀνέκαθεν
1436 546 1610 606 ὕπὸζτὴν

152 619 390 675 πολιαρχίαν
421 622 652 671 τελοῦντος,
711 616 879 672 δυνάμει
914 619 957 661 δὲ
987 620 1053 661 καὶ
1086 619 1280 677 αὖθεντία
1307 621 1380 660 τοῦ
1410 618 1611 671 βδελυροῦ

151 685 448 738 Καππαδόκου,
467 689 556 744 περὶ
573 682 621 730 οῦ
636 686 781 745 μικρὸν
798 685 964 744 ὕστερον
981 687 1074 744 ἐρῶ,
1095 686 1388 744 ἀφαιρεθέντος
1403 686 1611 743 (προσδεῖν

150 755 230 811 γὰρ
260 754 357 811 ᾤετο
387 762 470 806 τοῖς
498 756 603 798 κατὰ
631 760 710 799 τῶν
736 757 939 812 ἐπαρχιῶν
969 754 1214 809 ἀδικήμασιν
1244 755 1370 797 αὐτοῦ
1394 755 1462 795 καὶ
1486 751 1611 807 αὐτὴν

150 822 224 877 ’τὴν
241 824 439 877 βασιλέως
458 822 572 866 πόλιν
591 822 839 880 ὑπαγαγεῖν),
861 823 983 878 μόνος
993 826 1034 864 Γ
1031 822 1241 879 αβριήλιος
1261 826 1491 878 πολιαρχιῦν
1509 821 1611 863 ἀπο·

97 903 143 938 10
152 892 390 946 κατέστησεν
412 894 544 950 ἐκείνῳ
567 897 625 950 τῷ
645 894 908 949 δικαστηρίῳ·
943 892 1094 948 πέφυκε
1117 891 1195 947 γὰρ
1225 889 1246 932 ὃ
1277 891 1469 944 βασιλεὺς
1489 888 1612 938 καλὸς

151 958 209 1001 ὢν
225 962 292 1001 καὶ
315 959 527 1016 ἐλεύθερος
557 961 752 1016 ἐρυθριᾶν
784 961 879 1010 τοὺς
907 959 1005 1015 γε’νει
1029 961 1095 1001 καὶ
1118 961 1196 1016 βίῳ
1221 960 1288 1000 καὶ
1312 959 1521 1016 φιλοτιμία
1543 959 1612 1012 ζη-

149 1031 319 1078 λοῦντας
349 1028 471 1070 αὐτὸν
503 1030 606 1070 κατὰ
638 1028 819 1082 δύναμιν.
888 1028 1015 1070 αὐτοῦ
1042 1028 1086 1069 δὲ
1108 1029 1149 1068 Γ
1147 1028 1358 1083 αβριηλίου
1384 1025 1457 1081 τὴν
1483 1025 1612 1082 ἀρχὴν

149 1095 426 1149 ἀπο...με’νου
457 1092 578 1146 αὖθις
607 1096 709 1154 πρὸς
729 1097 774 1138 τὸ
797 1098 931 1150 μεῖζον
954 1094 980 1150 ἡ
1006 1097 1171 1152 φροντὶς
1188 1100 1260 1150 τῆς
1283 1094 1473 1148 εὐθηνίας
1496 1095 1612 1135 δικα-

147 1161 312 1220 στήριον
342 1165 567 1217 ἐπανῆλθεν
578 1196 592 1216 ,
637 1163 692 1215 ὥς
726 1167 848 1218 δῆλον
879 1164 1041 1220 ἀντικρὺ
1074 1167 1195 1206 πᾶσιν
1226 1164 1518 1217 ἀποδειχθῆναι
1550 1160 1612 1203 ὅτι

93 1243 137 1280 15
149 1232 190 1272 Γ
185 1233 382 1289 αβριηλίῳ
412 1233 498 1274 κατ’
532 1233 646 1282 ἀξίαν
668 1233 825 1289 χαίρων
855 1230 875 1274 ὅ
900 1232 1093 1286 βασιλεὺς
1124 1232 1358 1274 ἓνδέδωκεν·
1427 1230 1506 1272 ἔδει
1531 1228 1610 1286 γὰρ

147 1298 285 1351 αὐτόν,
314 1299 445 1356 ἄνδρα
468 1300 627 1356 ἀγαθὸν
651 1300 747 1343 ὄντα.
770 1302 836 1342 καὶ
858 1307 945 1350 ταῖς
965 1300 1124 1357 ἀρεταῖς
1145 1298 1399 1356 ἀσύγκριτον,
1426 1297 1472 1340 τὸ
1492 1297 1611 1339 πλέον

148 1365 276 1423 εῦρεῖν
298 1369 410 1425 παρὰ
434 1372 600 1421 βασιλεῖ’
614 1374 778 1424 τιμῶντι
797 1366 1054 1424 δικαιοσύνην
1071 1385 1111 1412 τε
1131 1370 1198 1412 καὶ
1221 1368 1436 1425 θεοφιλίαν
1457 1367 1525 1409 καὶ
1545 1364 1611 1422 γε’-

146 1452 242 1487 νους
263 1434 544 1494 λαμπρότητα.

285 1504 363 1549 39.
426 1503 668 1547 ιΥπόλοιπον
699 1505 781 1562 ἄρα
810 1503 996 1562 τυγχάνει
1022 1505 1095 1555 τὰς
1121 1505 1251 1554 αῗτίας
1268 1508 1340 1558 τῆς
1360 1498 1613 1551 ἐλαττώσεως

90 1573 215 1620 zoua)
237 1576 310 1627 τῆς
331 1571 531 1628 τοσαύτης
549 1578 630 1616 τῶν
651 1572 898 1630 πραγμάτων
918 1578 1182 1631 παραλλαγῆς
1201 1573 1446 1623 ἀποδοῦναι,
1482 1569 1557 1612 κᾶν
1577 1572 1612 1612 εἰ

145 1639 268 1694 τυχὸν
297 1641 423 1695 αὐτὴν
449 1643 522 1695 τὴν
554 1642 683 1698 ἀρχὴν
716 1641 860 1696 ἑαυτῆς
893 1644 960 1684 καὶ
994 1643 1155 1696 μείζονα
1190 1642 1257 1683 καὶ
1293 1639 1541 1695 κλεινοτέραν
1561 1641 1612 1693 τῇ

144 1709 343 1762 βασιλέως
366 1710 563 1769 ἀγρυπνία
580 1709 636 1752 ἔτι
658 1712 724 1752 καὶ
744 1715 815 1753 νῦν
841 1710 923 1753 ἔστι
945 1712 1138 1753 συνιδεῖν·
1174 1709 1267 1752 οῦδὲ
1286 1708 1364 1765 γὰρ
1386 1708 1507 1761 με’λος
1529 1705 1612 1748 ἔστι

145 1781 220 1832 τῆς
237 1776 334 1832 ὅλης
351 1779 552 1828 πολιτείας
584 1777 607 1820 ὃ
635 1779 692 1834 μὴ
722 1776 905 1821 καθόλου
940 1781 997 1829 εἷς
1024 1777 1134 1833 ῦψος
1162 1795 1204 1820 τε
1233 1776 1320 1831 ἅμα
1348 1778 1414 1818 καὶ
1442 1773 1611 1828 δύναμιν

234 1895 258 1930 6
279 1893 483 1941 τελούντων
501 1897 545 1931 C.
687 1898 730 1932 10
752 1893 897 1931 ἐκεῖνοὶ)
1037 1897 1081 1931 13
1104 1895 1181 1940 lego
1200 1890 1496 1938 ἀποδεξαμένου.
1519 1893 1565 1927 F.

145 1997 398 2043 pertinuerint,
432 1997 494 2031 sed
521 1997 682 2042 quoniam
706 1997 914 2031 militaribus
940 1995 1132 2031 scriniariis
1157 1995 1302 2030 sublatis
1325 1996 1446 2029 horum
1497 2005 1612 2038 uoque

145 2043 339 2087 catalogum
363 2043 517 2076 existere
548 2044 708 2086 contigit.
757 2042 977 2087 imperatoriS
1009 2049 1123 2075 autem
1151 2041 1299 2083 virtute,
1341 2041 1435 2084 quod
1501 2040 1613 2073 iorum

145 2090 269 2124 damno
301 2093 478 2133 repertum
511 2088 716 2130 videbatur,
751 2088 787 2121 in
816 2087 1028 2121 commodum
1056 2086 1197 2131 egregie
1221 2084 1456 2129 administrari
1483 2084 1610 2130 patuit.

145 2135 309 2169 sitoniam
329 2145 414 2169 vero
438 2135 678 2180 praefecturae
702 2133 810 2176 urbis,
837 2132 892 2167 cui
915 2134 998 2166 inde
1018 2134 1061 2166 ab
1086 2133 1187 2166 initio
1209 2131 1368 2166 subiecta
1392 2133 1520 2175 fuerat,
1545 2142 1611 2176 po-

146 2179 260 2214 tentia
282 2179 497 2223 arbitrioque
521 2179 671 2224 improbi
693 2178 914 2224 Cappadocis
940 2180 1001 2222 (de
1023 2190 1091 2223 quo
1115 2177 1217 2223 paulo
1241 2183 1322 2222 post
1342 2177 1496 2212 dicturus
1519 2177 1612 2219 sum)

147 2230 304 2270 ereptam
335 2226 544 2269 (superesse
577 2225 667 2258 enim
698 2227 846 2269 putabat
878 2230 916 2259 ut
947 2224 1018 2259 suis
1050 2223 1087 2257 in
1117 2223 1317 2268 provincias
1340 2223 1478 2257 iniuriis
1499 2222 1613 2267 ipsam

147 2281 287 2315 quoque
306 2270 526 2315 imperatoris
545 2271 665 2304 urbem
683 2271 866 2305 obnoxiam
884 2271 1065 2313 redderet)
1093 2269 1184 2304 solus
1210 2268 1369 2312 Gabriel,
1391 2269 1614 2314 praefectura

147 2315 246 2350 urbis
269 2316 417 2360 fungens
430 2342 440 2360 ,
463 2315 514 2349 illi
535 2316 664 2350 iudicio
684 2316 850 2351 restituit.
900 2316 990 2350 solet
1012 2314 1102 2350 enim
1122 2315 1331 2360 imperator,
1356 2320 1477 2359 utpote
1498 2316 1612 2347 bonus

148 2366 186 2396 et
205 2361 380 2404 liberalis,
413 2373 543 2406 genere
566 2363 710 2407 vitaque
735 2367 771 2395 et
792 2361 1028 2396 munificentia
1055 2361 1168 2406 ipsum
1191 2372 1255 2406 pro
1279 2360 1415 2394 viribus
1437 2358 1614 2394 aemulan-

147 2413 202 2441 tes
222 2407 394 2441 revereri.
441 2408 518 2452 ipso
543 2413 657 2441 autem
681 2407 848 2442 Gabriele
874 2409 1097 2453 praefectura
1122 2406 1292 2451 praetorii
1319 2405 1431 2451 potito
1455 2415 1615 2439 annonae

147 2463 269 2486 munus
290 2452 415 2487 iterum
439 2454 483 2488 ad
506 2453 615 2488 maius
637 2453 802 2487 iudicimn
822 2455 948 2498 rediit,
983 2453 1140 2486 omnibus
1164 2458 1203 2486 ut
1219 2462 1363 2496 prorsus
1393 2451 1614 2484 manifestum

146 2497 257 2532 fuerit
278 2498 543 2544 imperatorem,
578 2511 654 2533 cum
679 2499 847 2534 Gabriele
874 2511 938 2545 pro
969 2499 1044 2533 eius
1068 2496 1190 2532 merito
1214 2497 1467 2538 delectaretur,
1498 2493 1613 2529 indul-

149 2543 254 2577 sisse.
301 2544 428 2579 etenim
456 2556 600 2579 necesse
631 2550 707 2578 erat
740 2556 817 2579 eum
830 2572 839 2590 ‚
874 2557 951 2579 cum
971 2549 1065 2579 esset
1084 2544 1140 2577 vir
1157 2545 1270 2577 bonus
1289 2549 1326 2576 et
1343 2541 1533 2576 virtutibus
1557 2540 1613 2574 in-

149 2590 404 2634 comparabilis,
427 2591 520 2636 apud
537 2591 783 2636 imperatorem
799 2591 968 2626 iustitiam
988 2595 1025 2624 et
1042 2587 1263 2624 sanctitatem
1280 2593 1318 2623 et
1332 2587 1473 2633 generis
1497 2586 1615 2633 splen-

150 2635 271 2668 dorem
287 2635 512 2670 honorantem
535 2635 612 2682 plus
635 2635 767 2670 valere.

206 2724 214 2733 .
242 2679 301 2715 39.
346 2681 473 2716 Restat
500 2682 608 2727 igitur
638 2687 676 2717 ut
699 2693 821 2716 causas
844 2679 1092 2716 imminutionis
1113 2682 1305 2725 tantaeque
1326 2690 1444 2714 rerum
1466 2687 1617 2712 commu-

151 2725 296 2760 tationis
328 2738 558 2772 exponamus,
589 2728 747 2773 quamvis
778 2729 871 2762 forte
894 2727 1008 2773 ipsum
1030 2725 1270 2771 magistratum
1294 2730 1331 2760 et
1350 2725 1515 2760 maiorem
1538 2734 1619 2757 sese

151 2771 374 2816 imperatoris
393 2772 575 2817 vigilantia
596 2779 633 2809 et
653 2772 834 2808 clariorem
853 2774 1038 2808 etiamnum
1059 2778 1114 2806 est
1130 2772 1274 2806 videre:
1300 2782 1415 2816 neque
1429 2769 1520 2806 enim
1535 2780 1618 2814 pars

153 2822 210 2851 est
231 2816 340 2851 totius
362 2817 415 2852 rei
439 2817 620 2867 publicae,
653 2831 756 2867 quam
779 2831 848 2855 non
870 2819 908 2854 in
931 2819 1131 2854 universum
1159 2818 1204 2854 ad
1228 2817 1407 2863 fastigium
1429 2814 1530 2851 simul
1554 2815 1617 2849 fir—
