1748 3210
233 237 277 268 vi
611 222 753 266 HASII
785 221 859 264 DE
890 220 1092 264 IOANNE
1125 219 1277 262 LYDO

347 353 473 391 Sectio
495 351 534 394 4.
591 353 667 399 Qui
695 350 905 388 editionem
929 347 1070 386 horum
1095 348 1399 398 fragmentorum
1418 346 1545 387 adhuc

801 405 972 454 aggressi
1004 405 1094 441 sint.

326 481 383 516 22.
409 481 548 515 loannes
564 480 747 521 Meum’us,
771 480 873 512 Ianus
883 479 1099 524 Bag-craias,
1145 477 1202 512 23.
1227 477 1296 511 Leo
1312 478 1474 521 Anatim,
1518 477 1576 512 24.
1600 477 1656 510 lo-

239 527 359 571 seplms
381 527 423 559 de
444 526 558 566 Iuliis,
602 525 658 558 25.
688 525 825 557 loannes
843 525 885 556 de
903 524 1079 567 Burigny,
1104 522 1261 555 Nicotaus
1275 523 1402 557 Schow.
1457 522 1514 556 26.
1538 522 1656 556 ambae

242 573 406 616 epitomae
420 571 496 603 libri
513 572 554 603 de
569 570 734 602 Mensibns
752 573 784 602 et
803 569 978 601 secundum
990 569 1227 611 fragmentum
1242 566 1320 599 libri
1337 567 1380 600 de
1400 566 1546 600 Ostentt‘s
1563 566 1658 599 edita

243 627 284 649 ex
309 615 507 660 apographo
533 614 740 647 Schowiano.
830 613 886 647 27.
912 612 1112 656 suspiciones
1131 612 1178 645 ad
1195 612 1270 644 loca
1289 611 1453 654 quaedam
1469 611 1566 644 huius
1584 610 1657 644 eda·-

241 661 352 695 tionis.

298 748 426 788 Sectio
450 746 489 788 5.
545 747 604 783 De
626 744 756 785 codice
775 746 975 783 Caseolino
997 752 1111 797 atque
1134 744 1181 783 de
1198 743 1273 783 hac
1292 743 1462 783 editione
1480 743 1607 795 operis

769 800 816 838 de
840 802 1138 851 magistratibus.

334 878 391 911 28.
418 877 488 919 Quo
513 877 682 920 insperato
706 888 784 910 casu
803 876 905 909 codex
926 877 1116 909 caseolinus
1141 877 1176 910 ίπ
1196 876 1342 910 Graecia
1363 873 1455 920 apud
1475 872 1603 917 Cpolz'm
1618 871 1664 906 sit

245 927 409 966 repertus.
489 917 544 955 29.
568 933 670 964 quare
687 933 753 954 mm
770 922 886 954 statim
904 921 948 954 sit
961 922 1089 964 publici
1106 921 1189 955 iuris
1200 923 1332 963 sactus.
1405 919 1463 954 30.
1484 929 1573 952 mon
1593 917 1666 950 Vil-

248 967 403 1008 lou'som's,
426 966 479 998 cm'
499 967 615 999 delata
632 971 706 999 erat
724 965 812 1008 Lydi
826 965 941 999 editio.
1016 965 1073 998 31.
1102 966 1182 999 liber
1201 967 1242 999 de
1259 963 1521 1011 Magistrntilms
1537 963 1665 1005 impen-

249 1011 307 1044 dio
334 1016 368 1044 et
394 1011 620 1053 munificentia
647 1010 712 1043 viri
735 1010 875 1043 illustris
896 1010 938 1042 de
964 1009 1119 1043 choiseul
1133 1011 1256 1044 editus.
1344 1010 1401 1043 32.
1426 1008 1524 1052 origo
1542 1005 1668 1040 codicis

251 1055 429 1088 Caseolini.
504 1055 561 1088 33.
586 1055 763 1097 descriptio
782 1054 904 1086 codicis
925 1054 1104 1087 Caseolim‘.
1169 1054 1226 1089 34.
1250 1055 1292 1088 de
1310 1054 1444 1095 eodem,
1466 1057 1501 1086 et
1518 1062 1558 1084 ea·
1573 1050 1668 1094 quali

251 1100 363 1133 codice
378 1100 494 1132 ductus
509 1100 565 1133 sit.
654 1099 712 1133 35.
737 1099 884 1132 condicio
899 1099 1062 1131 hodierna
1079 1100 1201 1135 codicis
1218 1099 1393 1135 Caseolini.
1481 1096 1539 1131 36.
1562 1094 1668 1130 editio

251 1144 328 1178 libri
345 1144 387 1178 de
405 1144 549 1178 Oete-mis
563 1154 602 1178 ex
620 1144 734 1178 eodem
753 1143 865 1178 codice
881 1143 1059 1193 promissa.

206 1409 229 1448 1
258 1381 402 1469 Quod
428 1402 657 1442 iamdudum
682 1404 917 1455 percrebruit
943 1417 1022 1442 non
1051 1403 1168 1442 modo
1199 1403 1239 1441 in
1264 1404 1390 1442 Gallia
1415 1403 1484 1443 sed
1510 1404 1553 1441 in
1574 1404 1674 1440 Ger-

253 1472 387 1507 mania
415 1481 570 1521 quoque
598 1475 636 1504 et
662 1468 705 1504 iu
730 1475 810 1506 tota
836 1482 959 1520 paene
980 1471 1134 1521 Europa
1153 1471 1325 1518 literata,
1357 1471 1440 1508 fore
1458 1477 1502 1507 ut
1518 1470 1673 1508 Ioannis

255 1533 359 1586 Lydi
387 1533 535 1570 inedita
563 1532 690 1570 adhuc
718 1546 835 1584 opera
862 1548 913 1573 ex
941 1542 1091 1573 vetusto
1123 1535 1252 1574 codice
1279 1536 1390 1586 Cpoli
1413 1535 1612 1586 deportato
1631 1536 1675 1572 in

257 1601 388 1638 lucem
415 1597 634 1650 prodirent,
677 1599 857 1652 quodque
887 1608 924 1638 et
950 1603 1154 1651 probatum
1181 1603 1355 1639 maxime
1382 1615 1406 1638 a
1430 1603 1523 1639 viris
1554 1600 1676 1639 doctis

259 1666 522 1716 compluribus
541 1673 598 1703 est
618 1673 655 1702 et
674 1673 860 1716 optatum,
889 1666 931 1703 id
950 1680 1052 1704 nunc
1069 1674 1297 1718 praestatur.
1354 1679 1519 1718 cumque
1534 1668 1595 1704 vir
1609 1668 1677 1704 ille

259 1733 545 1780 nobilissimus,
591 1733 654 1768 cui
684 1744 729 1768 ea
756 1745 871 1782 opera
897 1733 1130 1770 inventionis
1156 1733 1239 1770 iure
1268 1735 1424 1784 propria
1453 1739 1543 1770 suut
1575 1733 1679 1770 facta

260 1799 406 1849 quique
434 1798 503 1834 illa
534 1809 637 1833 nuuc
667 1797 862 1847 vulganda
891 1805 1018 1847 curat,
1047 1799 1259 1848 rogavisset
1279 1797 1565 1836 adolescentem
1587 1799 1678 1836 lite-

151 1879 187 1910 ῃ.
211 1875 240 1901 11
263 1877 393 1901 rarum
422 1864 656 1900 Graecarum
683 1862 1024 1913 studiosissimum,
1053 1865 1299 1902 Dominicum
1319 1866 1439 1913 Fuss,
1466 1871 1510 1903 ut
1524 1871 1679 1902 textum

258 1929 376 1968 huius
406 1929 531 1980 operis
563 1941 682 1980 quam
707 1927 1000 1980 diligentissime
1022 1931 1227 1981 corrigeret
1249 1932 1464 1983 Latineque
1485 1931 1680 1982 interpre-

259 1996 404 2034 tatione
424 1996 653 2043 illustraret,
681 2003 904 2045 pergratum
921 1995 1021 2033 mihi
1040 1996 1178 2034 accidit
1197 2003 1240 2034 ut
1261 2009 1312 2034 ex
1333 2010 1422 2034 mea
1442 2009 1597 2050 quoque
1615 1997 1680 2034 fa-

261 2062 403 2099 cultate
425 2059 572 2113 aliquid
589 2061 630 2098 in
647 2059 721 2098 hoc
739 2074 835 2112 opus
855 2063 1025 2099 conferre
1045 2075 1266 2115 nomenque
1286 2075 1418 2100 meum
1437 2053 1681 2100 tam'lauda-

259 2128 333 2166 bili
351 2128 505 2178 incepto
525 2128 713 2165 ascrIbere
729 2141 898 2178 possem.
953 2129 1096 2166 electus
1113 2130 1218 2166 enim
1235 2141 1258 2165 a
1275 2128 1418 2166 codicis
1439 2127 1595 2166 domino
1614 2141 1680 2166 eas

262 2200 391 2245 partes
415 2194 590 2244 suscepi,
617 2199 661 2230 ut
681 2194 876 2244 praefarer
895 2207 993 2246 quae
1015 2195 1176 2232 lectores
1197 2195 1293 2232 scire
1312 2195 1486 2232 maxime
1506 2195 1681 2232 referret.

266 2272 385 2312 quare
417 2271 515 2311 quae
543 2260 585 2296 in
611 2266 782 2297 mentem
810 2261 1016 2298 veniebant
1043 2273 1132 2297 cum
1157 2261 1301 2298 librum
1327 2261 1605 2312 perlegissem,
1635 2271 1682 2296 ea

267 2326 455 2376 scriptura
477 2327 658 2376 persequi
683 2332 720 2362 et
747 2327 788 2363 iu
806 2327 976 2378 quinque
995 2333 1123 2378 partes
1143 2325 1343 2377 dispertire
1365 2327 1488 2377 coepi.
1541 2323 1683 2362 harum

269 2391 435 2442 primam
455 2392 573 2428 tribui
591 2390 771 2428 historiae
791 2395 954 2430 auctoris
965 2422 975 2442 ‚
1005 2391 1215 2431 secundam
1230 2393 1321 2430 fatis
1337 2394 1566 2443 scriptorum
1582 2390 1685 2442 Lydi

270 2455 401 2495 medio
427 2469 542 2505 aevo,
584 2459 738 2494 tertiam
766 2457 926 2496 elencho
949 2459 1254 2509 fragmentorum
1288 2459 1370 2496 eius
1397 2458 1543 2509 passim
1562 2458 1603 2494 in
1620 2457 1684 2494 bi-

272 2523 476 2562 bliothecis
501 2526 751 2562 exstantium.
808 2526 850 2562 in
879 2532 1013 2577 quarta
1039 2525 1123 2562 dixi
1146 2526 1212 2577 qui
1232 2525 1433 2577 quippiam
1450 2525 1532 2561 eius
1549 2521 1686 2560 edide-

272 2590 348 2626 rint
374 2591 438 2628 vel
464 2591 699 2628 instituerint
728 2589 863 2639 edere3
891 2592 934 2628 in
960 2593 1093 2642 quinta
1124 2603 1200 2642 quo
1228 2591 1422 2642 insperato
1453 2602 1544 2627 casu
1569 2601 1687 2639 opera

275 2655 358 2692 eius
375 2656 416 2692 in
434 2656 594 2694 Graecia
614 2670 739 2707 nuper
760 2663 911 2708 reperta
930 2658 1006 2693 sint
1026 2659 1143 2709 inque
1162 2657 1287 2694 Gallia
1303 2669 1406 2693 nunc
1423 2656 1574 2706 vulgari
1595 2667 1686 2691 coe-

277 2727 357 2771 pta.
413 2734 437 2759 a
465 2722 565 2774 Lydi
593 2724 672 2762 vita
699 2724 838 2774 igitur,
874 2729 918 2760 ut
943 2724 1206 2774 praepositum
1229 2729 1307 2771 est,
1344 2721 1490 2771 ordiar,
1518 2722 1552 2759 si
1579 2721 1688 2772 prius

279 2793 406 2826 tamen
431 2789 593 2829 lectores
622 2802 778 2830 oravero
803 2796 846 2828 ut
870 2790 1065 2841 patiantur
1077 2803 1155 2828 non
1172 2790 1298 2829 solum
1314 2789 1608 2840 magistratuum
1626 2784 1688 2822 di-
