1748 3210
139 651 187 690 11

209 216 303 249 mxu
655 203 802 246 HASH
831 203 906 246 DE
939 202 1208 246 OSTENTIS

209 332 282 373 sed
305 331 403 371 haec
424 339 540 383 egent
560 330 840 384 disquisitionis
856 332 1064 382 longioris:
1091 331 1133 367 in
1149 332 1344 382 praesenti
1363 319 1444 383 ¹(ut
1464 330 1549 369 dixi
1568 345 1641 371 su-

210 409 365 463 perius)
392 423 472 447 non
503 409 621 448 modo
649 410 816 447 abstinui
845 409 892 446 ab
922 409 1148 447 excursibus
1176 407 1423 458 huiusmodi,
1452 409 1640 464 sed-uui·-

210 503 319 528 verse
350 489 468 526 etiam
495 488 538 525 iu
566 488 668 525 notis
693 493 732 524 et
763 486 814 524 ad
845 488 1003 524 Ostenta
1033 494 1071 524 et
1099 485 1150 524 ad
1177 487 1440 537 fragmentum
1466 488 1557 525 libri
1578 489 1638 525 De

210 567 410 604 mensibus
430 578 582 603 summa
603 563 692 601 data
715 570 772 617 est
795 578 910 616 opera
931 572 972 602 ut
995 577 1166 603 essemus
1189 577 1307 615 quam
1325 565 1555 603 brevissimi.

326 645 446 681 Erant
463 643 566 679 enim
582 643 624 678 in
643 639 727 678 cod.
747 642 948 678 Caseolino
966 642 1061 679 folia
1079 640 1153 678 duo
1171 641 1349 678 abiuncta
1366 641 1502 694 (hodie
1520 642 1640 680 affixa

210 721 262 759 ad
280 722 429 772 reliqua
446 718 553 769 sunt)
566 748 576 767 ,
607 719 843 756 continentia
860 718 1122 768 fragmentum
1138 719 1228 756 libri
1245 720 1304 755 De
1320 721 1530 768 mensibus,
1559 733 1640 757 non

210 800 404 850 epitomae
425 798 531 834 illius
552 796 678 834 editae
697 797 852 846 Lipsiae
873 794 997 843 1794,
1027 797 1073 843 8,
1104 809 1126 832 a
1144 798 1303 834 Nicolao
1323 795 1527 845 Schowio,
1557 797 1642 834 ola-

210 877 362 913 rissimo
380 875 462 912 viro
486 880 523 911 et
545 873 788 920 doctissimo,
818 870 887 910 sed
906 873 1136 922 particulam
1154 875 1275 924 ipsius
1290 874 1400 922 libri,
1433 880 1641 926 antequam

212 965 234 990 a
263 952 544 990 breviatoribus
577 951 746 1002 plurima
772 957 1054 998 resecarentur,
1094 951 1341 988 turbarentur
1375 951 1529 999 omnia,
1567 963 1641 987 nec

52 1045 90 1079 p.
113 1044 193 1068 xxn
216 1031 298 1068 fere
330 1030 540 1079 vestigium
572 1027 835 1079 dispositionis
866 1027 1050 1077 pristinae
1085 1029 1379 1080 relinqueretur.
1447 1035 1537 1067 sunt
1573 1041 1644 1066 eae

35 2439 72 2475 p.
96 2436 192 2462 xxm

210 1107 391 1159 pagellae
410 1119 533 1157 aeque
552 1104 819 1143 miserandum
838 1104 879 1140 in
899 1102 1061 1140 modum
1081 1113 1118 1143 et
1135 1107 1284 1144 lacerae
1305 1114 1343 1145 et
1358 1113 1550 1145 vetustate
1572 1105 1645 1142 de-
1707 1141 1709 1144 ,

209 1187 346 1232 tritae3
376 1191 442 1231 ut,
473 1197 563 1220 cum
589 1182 800 1220 meditarer
821 1182 1103 1230 Prolegomena
1127 1184 1167 1219 iu
1190 1184 1335 1221 librum
1355 1185 1414 1221 De
1436 1184 1645 1233 magistra-

210 1261 314 1298 tibus
345 1258 462 1310 (vide
484 1257 506 1310 ᾗ
529 1258 581 1299 35
603 1273 643 1309 p.
664 1256 800 1306 mxxv)
815 1287 825 1305 ,
853 1264 1031 1307 putarem
1062 1258 1268 1294 lectionem
1295 1260 1451 1297 illarum
1482 1273 1531 1296 ne
1555 1267 1645 1297 ten-

209 1338 284 1375 tari
319 1335 481 1388 quidem
512 1347 639 1385 posse.
696 1341 832 1385 postea
861 1333 1000 1370 eodem
1027 1333 1242 1371 identidem
1266 1337 1429 1384 relatus,
1457 1334 1644 1374 intuendo

210 1411 445 1465 inquirendo
475 1410 674 1449 ariolando
707 1413 853 1461 passim
875 1412 1097 1462 expiscatus
1119 1424 1206 1448 sum
1225 1415 1434 1462 nonnulla3
1464 1427 1563 1467 quae
1590 1415 1647 1452 si·-

211 1491 297 1528 mul
331 1503 375 1526 ac
404 1491 576 1540 primum
607 1488 758 1540 aliquid
787 1488 886 1525 lucis
914 1487 1077 1525 fundere
1100 1490 1183 1526 visa
1205 1496 1316 1537 sunt,
1347 1497 1384 1527 et
1408 1491 1648 1529 alacritatem

212 1568 283 1620 (ut
303 1567 371 1618 fit)
401 1574 439 1604 et
456 1567 682 1604 facultatem
703 1566 890 1603 maiorem
911 1567 1120 1603 attulerunt
1141 1565 1191 1603 ad
1210 1567 1359 1618 reliqua
1379 1580 1534 1620 quoque
1553 1582 1646 1619 per-

214 1643 430 1697 sequenda.
487 1651 681 1694 postremo
714 1642 812 1680 haec
843 1643 1057 1680 deformata
1086 1645 1263 1694 quamvis
1297 1651 1335 1681 et
1366 1646 1532 1695 paucula
1564 1646 1647 1682 fra-

211 1729 370 1774 gmenta
396 1722 531 1758 libello
557 1722 616 1756 De
645 1722 805 1757 ostentis
835 1721 1066 1771 subiungere
1094 1735 1134 1771 p.
1156 1724 1231 1762 113
1248 1734 1334 1773 sqq.
1360 1735 1438 1759 non
1457 1722 1646 1761 dubitavi.

211 1811 436 1852 quanquam
454 1799 550 1835 ratio
572 1796 732 1848 quidem
750 1796 950 1835 dissimilis
973 1799 1047 1836 fuit
1063 1797 1160 1835 haec
1181 1805 1297 1850 atque
1317 1800 1385 1836 illa
1402 1799 1646 1838 restituendi.

209 1878 251 1915 in
270 1877 438 1914 Ostentis
459 1889 548 1913 cum
564 1876 714 1923 fontes,
744 1873 848 1912 unde
867 1873 996 1911 hausit
1020 1875 1175 1927 Lydus,
1204 1878 1360 1928 saepius
1390 1876 1645 1929 deprehendI,

210 1962 296 1992 tum
316 1954 475 1991 omnino
495 1958 615 1988 tracta
635 1952 762 2002 magis
782 1957 839 1988 est
860 1957 896 1987 et
915 1951 1039 1989 fluens
1061 1955 1204 1991 oratio:
1234 1961 1324 1991 sunt
1351 1954 1532 1992 circuitus
1556 1967 1648 1992 ver-

210 2033 351 2070 borum
368 2031 585 2081 longiores,
613 2035 678 2077 ut,
708 2029 776 2066 ubi
798 2030 1030 2067 constitisset
1052 2029 1099 2067 de
1119 2037 1250 2068 mente
1268 2032 1525 2082 iuterpuncti,
1552 2043 1648 2082 sup-

210 2109 319 2161 plere
351 2108 682 2146 continuationem
707 2113 831 2144 totam
849 2108 1034 2145 orationis
1053 2108 1117 2145 vel
1134 2121 1246 2159 posse
1266 2109 1330 2146 vel
1346 2107 1488 2145 audere
1506 2119 1649 2158 coepe-

211 2186 300 2223 rim.
355 2185 397 2222 in
431 2184 530 2222 libro
561 2186 619 2221 De
647 2184 846 2222 mensibus
875 2186 997 2222 oratio
1024 2192 1082 2222 est
1115 2192 1152 2223 et
1175 2186 1345 2236 pressior
1365 2192 1403 2222 et
1420 2185 1492 2223 lita
1513 2185 1649 2223 multis

212 2263 426 2300 luminibus
456 2261 653 2300 doctrinae
683 2261 824 2314 (prout
850 2261 953 2314 Lydi
977 2263 1141 2300 facultas
1169 2262 1369 2313 ferebat),
1399 2263 1516 2314 plena
1539 2275 1650 2300 com-

211 2340 558 2379 memorationibus
597 2346 821 2387 auctorum,
865 2346 904 2376 et
931 2337 1114 2389 proinde,
1155 2340 1279 2377 sicubi
1308 2340 1459 2377 laborat
1484 2340 1648 2388 lacunis,

217 2416 388 2455 difficilis
422 2416 473 2454 ad
501 2415 797 2454 restituendum.
853 2416 902 2452 in'
923 2415 1165 2454 redundante
1196 2418 1302 2453 enim
1323 2430 1368 2454 ac
1386 2417 1566 2454 subinnui
1584 2418 1649 2454 lo·-

216 2493 364 2547 quendi
391 2494 534 2544 figura,
564 2494 598 2531 si
626 2494 674 2531 ob
706 2505 840 2530 casum
866 2493 1039 2543 aliquem
1058 2492 1299 2530 desideratur
1314 2494 1555 2542 membrum,
1586 2493 1650 2531 af-

214 2573 311 2623 fingi
328 2571 371 2609 id
387 2577 515 2623 potest
532 2571 587 2608 ita
605 2577 648 2608 ut
666 2570 876 2621 probabilis
897 2577 935 2607 et
955 2583 1075 2621 prope
1093 2584 1183 2608 vera
1206 2571 1395 2608 restitutio
1410 2583 1494 2608 esse
1511 2569 1649 2608 videa-
1676 2554 1679 2558 Δ

216 2656 292 2686 tur.
350 2656 482 2687 contra
497 2650 540 2685 in
558 2661 698 2700 genere
720 2646 875 2686 dicendi
896 2648 1036 2685 referto
1059 2648 1192 2696 rebus,
1216 2648 1278 2685 fac
1297 2649 1558 2686 narrationem
1577 2647 1647 2695 rei,

216 2726 374 2764 titulum
395 2727 506 2777 libri,
534 2740 678 2766 nomen
699 2727 942 2766 solennitatis
967 2724 1233 2776 intercIdisse3
1262 2738 1341 2764 non
1365 2738 1417 2764 ex
1438 2725 1515 2764 alio
1537 2723 1647 2764 codi-
