1748 3210
383 180 460 224 DE
491 175 940 224 MAGISTRATIBUS
971 174 1022 219 P.
1050 172 1105 219 R.
1139 173 1245 218 ΠΒ.
1276 172 1352 217 ΙΙΙ.
1499 172 1599 218 233

274 292 355 341 40.
422 294 743 347 Κωνσταντίνου,
767 290 900 350 ὥσπερ
918 289 1032 350 ἔφην,
1055 289 1157 345 μετὰ
1178 292 1253 344 τῆς
1266 284 1393 342 τόχης
1409 286 1483 341 τὴν
1498 283 1604 329 ‘1²⁶6ae

139 382 221 422 μην
239 362 524 415 ἀπολιπόντος,
559 365 625 406 καὶ
645 367 726 406 τῶν
745 359 967 415 δυνάμεων,
989 359 1082 403 ὅσαι
1099 359 1169 402 τὸν
1178 358 1338 415 Ἴστρον
1358 353 1602 413 ἐφρούρουν,

140 435 204 478 ἐπὶ
224 433 296 488 τὴν
317 431 425 475 κάτω
450 433 587 475 Ἀσίαν
604 430 736 490 ψήφῳ
757 435 830 474 τοῦ
850 430 1050 484 βασιλέως
1070 430 1380 484 διασπαρεισῶν,
1412 424 1600 466 Σκυθίαν

140 503 214 557 μὲν
241 503 308 544 καὶ
332 503 503 545 Μυσίαν
521 503 589 543 καὶ
610 501 706 550 τοὺς
727 501 768 551 ἐξ
790 500 945 541 ἐκείνων
971 497 1126 556 φόρους
1156 494 1362 551 ἐζημιώθη
1391 493 1438 536 τὸ
1469 490 1599 547 δημό-

107 579 250 623 ὅσιον,
285 575 364 613 τῶν
390 569 491 627 ὑπὲρ
516 569 673 626 Ἴστρον
701 566 926 624 βαρβάρων
951 566 1126 622 μηδενὸς
1152 563 1448 618 ἄνθισταμένου
1472 578 1601 604 κατα-

139 637 364 696 τρεχόντων
386 639 459 694 τὴν
478 636 698 695 Εὐρώπην·
727 641 807 679 τῶν
831 636 874 678 δὲ
892 636 994 693 πρὸς
1010 635 1083 690 τὴν
1101 635 1152 677 ἴω
1174 637 1345 688 δασμοῖς
1366 631 1413 674 οὗ
1431 631 1604 687 μετρίως

139 708 426 764 βαρυνθέντων
436 739 449 758 ,
490 705 642 762 ἀνάγκη
674 706 805 762 γέγονε
829 705 898 747 τὸν
917 703 1099 761 ὕπαρχον
1119 704 1260 758 μηκέτι
1290 702 1364 756 μὲν
1384 704 1457 756 τῆς
1478 699 1604 753 αὐλῆς

142 778 210 818 καὶ
239 780 318 821 τῶν
347 777 389 818 ἐν
417 775 555 825 ὅπλοις
577 774 714 832 ἄρχειν
737 772 967 828 δυνάμεων,
1001 777 1075 828 τῆς
1094 774 1167 827 μὲν
1184 776 1244 830 τῷ
1265 771 1460 827 λεγομένῳ
1479 768 1603 824 μαγί-

141 861 253 903 στρῳ
270 845 596 902 παραδοθείσης,
630 847 712 886 τῶν
734 844 778 885 δὲ
795 849 879 892 τοῖς
898 841 989 899 ἄρτι
1007 845 1255 898 προελθοῦσι
1275 844 1515 896 στρατηγοῖς
1537 837 1605 880 ἐκ-

90 923 134 958 10
145 917 351 966 τεθεισεῦν,
383 913 479 955 ἀλλ’
503 907 574 955 οὖν
593 911 776 968 ὕπαρχον
795 915 869 965 τῆς
886 910 1085 964 ἀνατολῆς
1099 909 1369 965 χρηματίζειν.
1440 904 1604 963 διεσύρη

145 983 189 1024 δὲ
213 981 327 1024 οῧδέν
357 975 476 1036 ἦττον
501 984 727 1023 θανατῶσα
755 978 859 1021 καθ’
885 976 1057 1033 ἑκάστην
1081 975 1108 1032 ἦ
1135 982 1209 1032 τῆς
1239 977 1366 1033 ἀρχῆς
1391 976 1606 1018 δυναστεία

145 1050 240 1108 ἄχρι
262 1054 335 1104 τῆς
358 1051 570 1106 Ἀρκαδίου
581 1080 595 1101 ,
627 1053 700 1090 τοῦ
726 1046 879 1104 πατρὸς
900 1047 1122 1089 Θεοδοσίου
1143 1050 1217 1088 τοῦ
1233 1046 1348 1096 νέου,
1381 1045 1606 1098 βασιλείας,

144 1119 216 1176 ἐφ’
239 1113 288 1160 οὗ
306 1119 532 1172 συμβέβηκε
547 1116 758 1174 Ῥουφῖνον
779 1116 849 1158 τὸν
868 1116 1029 1170 ἐπίκλην
1053 1113 1291 1171 ἀκόρεστον,
1337 1112 1381 1163 ὃς
1402 1107 1453 1168 ἦν
1472 1111 1607 1168 ὕπαρ-

139 1203 216 1240 χος
244 1186 377 1244 αὐτῷ,
422 1187 641 1243 τυραννίδα
666 1183 941 1239 μελετήσαντα
968 1187 1042 1226 τοῦ
1061 1184 1135 1237 μέν
1153 1187 1305 1224 σκοποῦ
1325 1180 1426 1239 ὑπὲρ
1450 1185 1609 1224 λυσιτε-

91 1262 134 1299 15
147 1256 256 1304 λείας
283 1259 364 1297 τῶν
393 1259 535 1296 κοινῶν
564 1255 759 1304 ἐκπεσεῖν,
792 1255 846 1302 εἷς
878 1250 1097 1309 βάραθρον
1132 1252 1171 1293 δ’
1210 1252 1356 1304 ἀχανὲς
1381 1250 1454 1304 τὴν
1480 1250 1610 1305 ἀρχὴν

144 1329 409 1379 καταρρῖψαι.
444 1323 587 1365 αὐτίκα
609 1323 682 1376 μὲν
703 1322 781 1378 γὰρ
805 1319 826 1363 ὃ
848 1321 1041 1374 βασιλεὺς
1059 1325 1132 1375 τῆς
1150 1321 1193 1361 ἐκ
1216 1324 1295 1362 τῶν
1317 1317 1450 1360 ὅπλων
1472 1316 1612 1371 ι’σχύος

145 1391 378 1448 ἀφαιρεῖται
398 1390 471 1445 τὴν
492 1388 634 1447 ἀρχήν,
673 1388 757 1432 εἶτα
788 1394 861 1444 τῆς
892 1394 971 1432 τῶν
1000 1390 1222 1444 λεγομένων
1251 1391 1463 1445 φαβρικιῦν
1490 1386 1610 1428 οἱονεὶ

146 1458 386 1502 ὃπλοποιιιῦν
408 1460 602 1511 ἐξουσίας,
636 1463 709 1513 τῆς
729 1462 803 1501 τοῦ
824 1459 1019 1512 δημοσίου
1045 1456 1198 1514 δρόμου
1222 1458 1436 1514 φροντίδος
1452 1457 1518 1496 καὶ
1537 1458 1610 1509 τῆς

146 1526 285 1584 ἐτέρας
305 1528 542 1579 αὖθεντιάς,
579 1527 637 1569 δι’
664 1522 719 1569 ὧν
736 1527 782 1569 τὸ
801 1525 1012 1582 λεγόμενον
1030 1527 1198 1580 συνέστη
1220 1523 1496 1581 μαγιστήριον.
1555 1521 1612 1572 ὣς

91 1604 137 1639 20
149 1597 192 1638 δέ
210 1595 402 1652 δύσεργον
416 1590 467 1650 ἦν
484 1596 723 1653 ἀποτρέψειν
741 1596 815 1648 μὲν
830 1595 901 1637 τὸν
916 1594 1098 1649 ὕπαρχον
1119 1594 1195 1635 ἀνὰ
1214 1594 1288 1643 τὰς
1307 1593 1500 1649 ἐπαρχιάς
1516 1591 1611 1641 τοὺς

148 1666 547 1720 δημοσίους-ἵππους
572 1666 638 1707 καὶ
659 1664 755 1714 τοὺς
779 1663 914 1713 αὐτοῖς
938 1664 1186 1720 ἐφεστῶτας,
1223 1661 1382 1718 ἐτέρους
1405 1661 1449 1702 δὲ
1470 1664 1611 1713 κεκτῆ-

146 1737 252 1777 σθαι
271 1733 345 1788 τὴν
373 1733 438 1775 ἐπ’
471 1733 608 1783 αὗτοῖς
631 1733 814 1784 ἐξουσίαν
835 1733 902 1774 καὶ
926 1733 1139 1786 διοίκησιν,
1174 1729 1298 1784 νόμος
1322 1729 1441 1783 ἐτέθη
1464 1729 1611 1771 θεσπί-

147 1803 224 1854 ζων
246 1802 484 1856 ἀντέχεσθαι
503 1802 577 1856 μὲν
599 1802 668 1844 τὸν
687 1800 870 1859 ὕπαρχον
890 1805 963 1856 τῆς
983 1805 1055 1842 τοῦ
1081 1801 1276 1854 δημοσίου
1298 1796 1453 1855 δρόμου
1483 1814 1611 1855 ᾳρον-

239 1921 263 1955 6
283 1919 433 1963 δασμῶν
451 1921 493 1963 C,
517 1921 580 1955 sed
601 1920 625 1954 2
658 1921 702 1954 10
725 1919 892 1961 δασμοῖς.
984 1919 1008 1954 7
1031 1914 1298 1963 βαρυνθέντων
1316 1916 1339 1950 2
1362 1917 1423 1950 10:
1447 1915 1506 1950 hic
1523 1915 1614 1949 enim

240 1966 271 2000 C
295 1964 553 2011 βαρηθέντων.
668 1967 691 2000 9
713 1965 965 2010 στρατηγικοῖς
988 1965 1033 1998 C.
1151 1965 1194 1998 10
1216 1959 1299 1996 ἀλλ’
1319 1956 1403 2006 οὖν]
1430 1956 1550 1995 ἄλλων
1569 1962 1626 1996 Ο..

239 2066 296 2100 40.
345 2066 595 2100 Constantinus
617 2070 800 2111 postquam
813 2092 823 2108 ‚
850 2068 890 2099 ut
912 2064 986 2100 dixi
999 2091 1008 2108 ‚
1032 2075 1108 2099 cum
1129 2065 1270 2099 fortuna
1291 2065 1437 2099 Romam
1459 2063 1616 2109 reliquit,

151 2115 190 2146 et
210 2117 297 2156 quot
316 2111 443 2146 Istrum
467 2111 703 2146 custodierant
725 2111 864 2156 copiae,
889 2111 1031 2145 decreto
1054 2111 1276 2155 imperatoris
1295 2122 1360 2155 per
1378 2110 1494 2145 Asiam
1520 2110 1614 2144 infe-

151 2157 279 2191 riorem
302 2169 446 2202 sparsae
469 2163 562 2200 sunt,
587 2157 768 2200 Scythiam
786 2156 1005 2202 Mysiamque
1029 2162 1066 2190 et
1087 2157 1221 2191 illarum
1239 2156 1425 2201 vectigalia
1442 2156 1615 2190 aerarium

152 2203 286 2246 amisit,
319 2203 479 2237 barbaris
501 2202 561 2248 qui
588 2203 680 2236 ultra
701 2203 828 2236 Istrum
851 2203 1054 2237 habitabant
1075 2203 1272 2249 Europam,
1299 2202 1391 2237 nullo
1413 2203 1615 2246 resistente,

152 2247 430 2283 incursantibus:
454 2248 612 2282 Orientis
634 2253 747 2283 autem
770 2248 907 2294 populis
925 2249 1066 2283 tributis
1085 2249 1177 2284 haud
1194 2249 1426 2283 mediocribus
1449 2248 1618 2292 oneratis,

138 2305 299 2328 .necesse
325 2294 394 2328 fuit
410 2296 624 2340 praefectmn
650 2294 828 2339 praetorio
856 2295 954 2329 aulae
977 2301 1014 2329 et
1034 2295 1166 2339 copiis,
1196 2306 1340 2339 quarum
1365 2295 1424 2328 ina
1450 2294 1616 2338 magistro

153 2350 255 2385 quem
278 2346 415 2385 vocant,
442 2341 507 2374 hae
528 2341 694 2385 strategis
713 2351 823 2385 nuper
840 2341 968 2375 creatis
988 2340 1160 2385 traditae,
1186 2353 1256 2375 non
1274 2340 1419 2386 amplius
1437 2351 1616 2385 praeesse,

153 2386 218 2420 sed
245 2387 460 2439 praefectum
490 2386 648 2421 Orientis
677 2386 857 2432 appellari.
906 2398 1020 2431 neque
1047 2386 1159 2420 minus
1189 2391 1346 2431 potestas
1381 2386 1617 2431 magistratus,

153 2436 258 2465 mortl
277 2431 314 2466 in
335 2432 411 2466 dies
432 2433 597 2478 propior,
628 2433 671 2467 ad
691 2433 852 2477 Arcadii,
882 2433 994 2478 patris
1014 2432 1210 2466 Theodosii
1232 2432 1376 2466 iunioris
1392 2458 1402 2475 ,
1434 2431 1617 2476 imperium

153 2476 343 2512 dilacerata
370 2484 443 2520 est3
479 2479 544 2512 sub
575 2490 643 2524 quo
669 2478 816 2513 Rufinus
844 2478 1049 2523 cognomine
1073 2478 1302 2521 insatiabilis,
1334 2489 1402 2522 quo
1436 2478 1618 2522 praefecto

153 2523 324 2567 praetorii
341 2523 399 2558 ille
419 2525 604 2568 utebatur,
638 2524 859 2568 tyrannidem
882 2525 1067 2559 meditatus
1092 2536 1113 2558 a
1134 2524 1316 2569 proposito
1340 2523 1501 2568 quidem,
1525 2524 1619 2558 bono

155 2568 209 2602 rei
230 2569 403 2613 publicae,
423 2571 614 2615 aberravit,
638 2571 675 2604 in
692 2571 893 2605 barathrum
917 2575 1031 2605 autem
1052 2569 1199 2604 immane
1220 2569 1455 2614 magistratum
1479 2568 1616 2615 praeci-

156 2613 296 2659 pitavit.
343 2627 490 2660 namque
511 2617 703 2662 imperator
721 2617 885 2651 continuo
903 2616 1095 2661 potentiam
1116 2617 1161 2650 ab
1184 2615 1287 2650 armis
1305 2615 1524 2660 magistratui
1541 2614 1619 2649 adi-

156 2660 232 2703 mit,
252 2660 379 2695 deinde
400 2662 621 2706 fabricarum,
645 2668 684 2696 ut
701 2668 829 2697 vocant
852 2662 906 2706 (id
925 2667 980 2697 est
997 2673 1166 2696 armorum
1184 2661 1493 2705 conficiendorum)
1518 2666 1621 2706 pote-

155 2711 294 2748 statem,
317 2717 437 2741 cursus
456 2708 587 2754 publici
607 2720 737 2753 curam,
760 2708 930 2754 aliamque
955 2707 1215 2750 auctoritatem3
1241 2707 1365 2753 quibus
1384 2706 1619 2751 magisterium

155 2752 250 2796 quod
272 2757 400 2786 vocant
428 2754 613 2793 conflatum
636 2759 703 2789 est.
750 2766 871 2789 verum
898 2766 975 2788 cum
1002 2754 1252 2788 incommodum
1281 2757 1375 2788 esset
1403 2754 1616 2798 praefectum

154 2797 333 2843 praetorio
351 2809 460 2842 equos
482 2799 639 2844 publicos
661 2800 707 2834 iis
728 2800 949 2854 praepositos
971 2800 1008 2834 in
1025 2799 1217 2845 provinciis
1241 2804 1451 2843 sustentare,
1475 2798 1619 2834 aliorum

156 2849 271 2878 autem
291 2844 358 2878 sub
378 2849 553 2894 potestate
570 2857 632 2883 eos
649 2846 1020 2893 adsmnistrationeque
1037 2857 1116 2881 esse
1128 2871 1140 2891 ,
1171 2845 1228 2880 lex
1254 2846 1337 2882 data
1363 2850 1419 2882 est
1438 2850 1479 2881 nt
1498 2854 1620 2880 cursus
