1748 3210
371 181 445 225 DE
470 178 918 223 MAGISTRATIBUS
943 179 990 222 P.
1013 178 1066 222 R.
1101 177 1204 220 LIB.
1234 145 1312 220 ny
1461 175 1556 221 189

100 292 307 355 λεγόμενος
334 296 437 339 κατὰ
468 296 664 352 νεωτέραν
694 295 964 351 προσηγορίαν
988 290 1207 348 μάγιστρος
1235 289 1351 332 οῧὸἐν
1379 289 1510 347 ἕτερον
1529 290 1556 346 ἢ

94 364 296 421 ἳππαρχός
315 367 420 409 ἐστι·
454 370 527 420 τῆς
549 366 592 407 δὲ
610 368 838 419 μεταβολῆς
855 369 925 406 τοῦ
943 361 1138 417 ὀνόματος
1158 361 1265 402 αἰτία
1287 357 1312 414 ἡ
1330 364 1402 414 τῆς
1422 360 1556 401 πλείο-

98 450 166 485 νος
199 435 382 484 ἔξουσίας
416 432 644 491 ἐπικράτεια
681 434 824 488 γε’γονε.
894 432 939 474 τὸ
979 432 1055 488 γὰρ
1097 427 1318 485 μάγιστρος
1354 429 1554 486 ὀᾳ-φικίων

98 501 226 556 ὄνομα
259 503 374 545 οὐδὲν
401 497 520 557 ἧττον
546 501 763 557 ἡγούμενον
792 505 871 543 τῶν
898 501 1071 542 αὐλικῶν
1098 496 1330 553 καταλόγων
1356 499 1553 552 σημαίνει,

64 568 153 622 ῦῶς
180 571 435 629 προέφαμεν,
471 572 512 613 ἓν
541 568 602 620 οἷς
625 569 652 624 ἥ
675 587 717 612 τε
739 569 878 624 ἱππικὴ
902 571 966 611 καὶ
992 567 1018 624 ἦ
1045 565 1270 621 πεζομάχος
1295 564 1464 621 δύναμις
1485 571 1558 620 τῆς

94 641 303 694 βασιλείας
332 644 568 697 θεωρεῖται,
596 641 652 689 εἷς
680 639 852 695 μυρίους
883 639 1130 693 συναγομένη
1165 634 1419 689 πολεμιστάς.
1489 636 1558 677 καὶ

95 712 214 751 τοῦτο
234 709 308 762 μὲν
330 707 454 763 μόνον
474 707 573 763 εἶχεν
594 705 615 749 ὅ
635 708 838 763 ἵππαρχος
859 706 904 749 τὸ
929 704 1170 763 προνόμιον,
1206 702 1227 747 ὅ
1261 705 1306 746 δὲ
1336 702 1559 760 μάγιστρος

95 776 142 819 τὸ
174 778 316 829 πλέον,
350 783 422 832 τῆς
448 777 656 831 βασιλείας
683 777 739 826 εἷς
766 779 958 818 τοσοῦτον
985 773 1095 828 ὕψος
1127 773 1424 828 ἀνενεχθείσης·
1467 770 1556 815 τότε

94 845 168 899 μέν
187 845 265 902 γὰρ
286 843 414 901 μόνην
431 845 504 901 τὴν
519 845 692 887 Ἰταλίαν
707 843 911 898 ἐκέκτηντο
925 841 1115 896 Ῥωμαῖοι
1126 873 1140 892 ,
1173 845 1244 883 νῦν
1261 842 1305 883 δὲ
1322 845 1424 884 θεοῦ
1440 845 1559 899 προΐ-

42 920 87 956 10
98 915 295 968 σταμένου
320 919 454 956 πᾶσαν
476 912 580 968 ὁμοῦ
599 917 672 968 γῆν
690 930 732 954 τε
751 913 816 954 καὶ
833 910 1050 953 θάλασσαν
1070 910 1240 965 {jovum

233 982 310 1026 25.
378 983 464 1024 Καὶ
495 981 605 1032 ὅστις
627 982 701 1035 μὲν
725 974 796 1023 οὖν
822 978 1045 1034 ὠνομάσθη
1073 979 1145 1034 τὴν
1171 978 1300 1034 ἀρχὴν
1321 975 1558 1034 μάγιστρος,

96 1049 170 1092 0135:
189 1049 266 1105 ἴχω
283 1052 406 1106 λε’γειν
424 1055 496 1104 τῆς
516 1050 694 1106 ἱστορίας
715 1047 911 1105 σιγώσης·
947 1048 1040 1090 οὐδὲ
1057 1047 1135 1104 γὰρ
1155 1047 1234 1104 πρὸ
1255 1049 1559 1103 Μαρτινιανοῦ,

96 1117 142 1168 ὃς
159 1113 209 1173 ἦν
225 1117 303 1160 ὕπὸ
322 1120 498 1176 Λικινίῳ
515 1116 758 1175 μάγιστρος,
794 1117 918 1159 ἄλλου
935 1117 1042 1167 τινὸς
1063 1117 1335 1174 προσηγορίαν
1353 1113 1378 1169 ἡ
1399 1115 1557 1171 ἱστορία

93 1188 387 1244 παραδίδωσιν.
454 1187 580 1229 αὐτοῦ
599 1187 642 1228 δὲ
659 1184 802 1228 τούτου
823 1184 901 1227 ὑπὸ
922 1187 1098 1242 Λικινίῳ
1120 1183 1141 1226 ὃ
1161 1186 1468 1233 Κωνσταντῖνος
1485 1183 1559 1237 τὴν

42 1262 86 1299 15
98 1254 194 1310 ὅλην
224 1260 296 1310 τῆς
329 1257 537 1310 βασιλείας
567 1253 691 1307 μόνος
722 1254 937 1308 κατασχών
968 1255 1150 1305 ἐξουσίαν
1176 1251 1416 1296 Παλλάδιον
1437 1250 1560 1307 μάγι-

95 1340 216 1380 στρον
248 1327 321 1377 τῆς
355 1323 481 1376 αὐλῆς
515 1320 810 1379 ἐχειροτόνησεν
818 1354 831 1374 ,
859 1322 989 1378 ἄνδρα
1007 1322 1170 1365 συνετὸν
1191 1323 1257 1364 καὶ
1275 1324 1444 1379 Πέρσας
1457 1319 1560 1362 Ῥω·-

94 1393 231 1447 μαιόις
250 1389 443 1449 πρότερον
465 1393 532 1433 καὶ
551 1394 803 1448 Μαξιμιανῴ
820 1395 878 1449 τῷ
898 1393 939 1432 Γ
936 1392 1080 1449 αλερίῳ
1101 1391 1168 1434 διὰ
1191 1392 1404 1447 πρεσβείας
1427 1386 1558 1448 φιλεό-

94 1477 235 1503 σαντα.
302 1467 387 1510 τοῖς
402 1460 446 1502 δὲ
464 1459 728 1517 ἱμειρομένοις
747 1459 842 1509 τοὺς
859 1461 1002 1517 ἐφεξῆς
1018 1461 1076 1514 μὴ
1098 1460 1291 1516 ἀγνοῆσαι
1312 1461 1561 1516 μαγίστρους

95 1527 213 1585 ι’ίχρις
243 1526 358 1583 ἡμῶν
394 1527 550 1585 ἀρκέσει
582 1527 685 1585 πρὸς
716 1529 979 1570 διδασκαλίαν
1009 1529 1171 1585 Πέτρος
1193 1527 1213 1570 ὃ
1232 1527 1364 1570 πάντα
1382 1523 1560 1584 μεγαλό-

39 1607 213 1656 Ξοφρων
245 1599 311 1639 καὶ
341 1600 414 1652 τῆς
444 1594 627 1638 καθόλου
660 1596 841 1653 ἱστορίας
878 1597 1068 1653 ἀσφαλὴς
1100 1595 1366 1649 διδάσκαλος,
1411 1598 1467 1639 δι’
1504 1591 1561 1639 ὧν

95 1665 217 1717 αὐτὸς
241 1666 303 1708 ἐπὶ
327 1669 400 1708 τοῦ
420 1665 633 1721 λεγομένου
650 1666 916 1722 μαγιστηριόυ
939 1663 1213 1722 ἀνεγράψατο.

231 1734 312 1780 26.
376 1736 600 1792 Προῆλθεν
632 1729 703 1777 οὖν
730 1732 757 1790 ἦ
789 1733 960 1789 δύναμις
988 1735 1051 1776 ἐπὶ
1082 1735 1202 1777 πλέον
1229 1738 1302 1789 τῆς
1325 1733 1475 1791 ἀρχῆς·
1511 1732 1560 1776 οὗ

186 1865 231 1900 16
267 1862 404 1909 αὐλῆς]
445 1860 565 1908 αὐτῆς
597 1865 645 1901 C.
874 1865 918 1901 17
951 1864 1129 1900 recentior
1161 1875 1281 1899 manus
1315 1864 1558 1909 φιλιιόσαντα.

187 1912 230 1946 18
249 1907 493 1955 ὁμηρομένοις
511 1912 556 1946 C.

94 2023 195 2059 aulae
224 2025 447 2070 praefectum
481 2036 589 2069 quare
619 2023 680 2068 qui
700 2022 891 2058 recentiori
914 2022 1054 2057 nomine
1075 2023 1242 2067 magister
1263 2023 1477 2070 appellatur,
1512 2024 1562 2059 nil

95 2070 188 2106 aliud
212 2071 280 2105 nisi
302 2069 467 2114 magister
490 2070 644 2115 equitum
669 2074 746 2111 est;
782 2069 903 2103 mutati
926 2075 1040 2104 autem
1064 2069 1212 2103 nominis
1235 2081 1341 2104 causa
1362 2070 1428 2104 fuit
1452 2071 1563 2104 maior

95 2122 253 2162 potestas
282 2115 332 2149 ini
365 2115 546 2150 attributa.
594 2115 725 2161 quippe
748 2115 905 2159 magistri
929 2115 1122 2149 officiorum
1144 2127 1269 2149 nomen
1291 2127 1404 2162 aeque
1429 2117 1560 2151 aulico-

95 2173 171 2196 rum
194 2161 428 2206 catalogorum
451 2163 593 2204 ducem,
632 2167 670 2194 ut
692 2161 927 2205 praediximus
942 2188 951 2205 ‚
983 2161 1177 2205 significat,
1203 2162 1329 2206 quibus
1353 2174 1428 2196 cum
1453 2175 1561 2208 eque-

97 2212 188 2242 stres
210 2213 282 2241 tum
305 2208 487 2252 pedestres
510 2206 729 2251 imperatoris
753 2207 888 2252 copiae,
911 2219 1053 2240 nurnero
1077 2208 1196 2242 decem
1219 2207 1315 2241 milia
1339 2214 1562 2255 armatorum,

97 2253 331 2287 continentur.
379 2258 417 2286 et
449 2252 515 2286 hoc
547 2252 685 2296 quidem
716 2263 784 2286 uno
816 2255 999 2287 constabat
1022 2253 1180 2297 magistri
1203 2254 1356 2298 equitum
1379 2261 1561 2299 potestast

97 2303 136 2333 at
163 2298 330 2342 magister
359 2297 495 2345 potior,
530 2298 677 2343 imperio
711 2299 754 2332 ad
786 2303 916 2333 tantam
948 2298 1163 2333 altitudinem
1189 2305 1327 2334 evecto.
1374 2307 1445 2334 tum
1470 2301 1563 2335 enim

97 2343 204 2379 solam
226 2344 360 2378 Italiam
383 2344 611 2389 possidebant
632 2344 798 2379 Romani:
822 2356 913 2378 nunc
937 2351 1063 2388 autem,
1085 2346 1152 2379 deo
1171 2347 1402 2390 gubernante,
1426 2358 1561 2382 omnem

95 2389 196 2425 simul
218 2395 346 2424 terram
369 2401 532 2435 mareque
554 2394 690 2424 tenent.

187 2436 247 2472 25.
294 2436 383 2477 Quis
416 2448 501 2470 vero
534 2436 664 2480 primus
695 2436 861 2481 magister
883 2435 1077 2471 nominatus
1101 2435 1170 2479 sit,
1202 2436 1320 2471 dicere
1344 2448 1480 2482 nequeo
1502 2442 1559 2474 ta-

98 2486 199 2516 cente
222 2481 386 2516 historia:
410 2493 524 2527 neque
548 2482 638 2516 enirn
662 2487 744 2517 ante
766 2482 1034 2527 Martinianum,
1059 2481 1119 2527 qui
1144 2483 1208 2516 sub
1232 2482 1370 2517 Licinio
1394 2484 1562 2528 magister

98 2527 185 2571 fuit,
214 2527 300 2562 alius
324 2528 523 2573 cuiusquam
547 2540 670 2562 nomen
694 2527 840 2562 historia
864 2529 994 2573 prodit.
1042 2528 1106 2561 sub
1130 2527 1197 2561 hoc
1219 2527 1298 2572 ipso
1326 2535 1439 2563 autem
1461 2530 1562 2564 Lici-

97 2573 156 2607 nio
181 2573 447 2617 Constantinus,
483 2573 575 2608 solus
599 2579 674 2608 tota
696 2574 835 2619 imperii
858 2578 1033 2619 potestate
1055 2573 1208 2618 potitus,
1232 2574 1434 2618 magistrum
1460 2576 1561 2611 aulae

96 2618 287 2653 Palladium
322 2619 474 2662 creavit,
507 2620 620 2654 virum
652 2621 879 2664 prudentem,
914 2620 973 2665 qui
1005 2620 1133 2654 Persas
1165 2620 1330 2654 Romanis
1357 2627 1392 2655 et
1415 2622 1560 2656 Galerio

95 2664 307 2699 Maximiano
330 2670 433 2700 antea
457 2665 591 2710 legatus
611 2666 871 2700 conciliaverat.
919 2666 1099 2710 cupientes
1115 2677 1200 2699 vero
1216 2667 1443 2702 succedentes
1459 2668 1559 2702 dein-

97 2722 181 2756 ceps
215 2711 260 2745 ad
292 2723 355 2745 nos
386 2722 496 2756 usque
526 2712 710 2756 magistros
741 2724 810 2745 non
834 2712 996 2756 ignorare
1019 2711 1105 2745 satis
1129 2712 1270 2746 docebit
1291 2711 1418 2748 Petrus
1440 2714 1499 2748 ille
1522 2715 1560 2749 in

97 2756 255 2791 omnibus
291 2756 446 2790 excelsus
481 2762 518 2792 et
549 2758 736 2792 universae
764 2757 934 2792 historiae
957 2763 1073 2792 certus
1095 2763 1239 2802 auctor,
1273 2758 1310 2792 in
1332 2758 1377 2793 iis
1401 2772 1491 2805 quae
1513 2761 1559 2796 do

96 2802 298 2848 magisterio
321 2803 414 2847 quod
437 2809 564 2838 vocant
585 2803 806 2848 conscripsit.

185 2849 243 2884 26.
291 2847 416 2883 Crevit
438 2848 547 2895 igitur
570 2855 729 2895 potestas
755 2848 996 2894 magistratus:
1032 2849 1162 2887 etenim
1184 2861 1254 2886 non
1274 2853 1406 2888 tantum
1428 2851 1558 2898 depre-
