1748 3210
398 184 474 228 DE
505 184 784 232 MENSIBUS
818 187 1025 232 FRAGM.
1060 187 1284 232 CASEOL.
1478 190 1573 237 113

799 387 875 440 Ε.

105 489 182 530 καὶ
200 492 360 534 πολλων
398 489 714 548 ἀπολλυμένων
752 493 925 550 ἔχρησεν
973 494 998 539 ὁ
1036 494 1214 548 Πύθιος
1251 500 1462 538 παύσεσθαι
1502 502 1571 550 τήν

101 558 234 608 νόσον,
275 558 348 602 ἐᾶν
386 558 486 603 κατ’
525 559 731 606 ἐνιαυτὸν
770 566 891 607 θεοῖς
926 562 1237 618 ἀποτροπαίοις
1265 565 1294 624 ἢ
1323 571 1460 612 avalon,-
1487 575 1569 616 κλη-

103 627 202 676 ρωτὴ
232 630 480 685 σφαγιασθῇ
499 627 732 684 παρθένος.
761 631 838 685 τῆς
868 629 907 668 δὲ
937 627 1111 686 α’νόμου
1141 633 1458 683 δεισιδαιμονίας
1473 638 1569 676 κατὰ

70 693 187 737 ὅπᾶν
214 692 507 751 φθινόπωρον
534 695 818 752 τελουμένης,
850 697 1039 741 συνέπεσε
1069 714 1174 743 ποτε
1203 708 1327 750 λαχεῖν
1354 701 1436 759 τὴν
1458 701 1570 747 Ἑλέ-

99 777 197 818 νην,
231 762 483 816 Τυνδάρεως
512 764 559 808 δὲ
587 762 668 821 τήν
694 766 904 819 θυγατέρα
927 766 1251 822 ἐστεφανωμένην
1284 775 1373 821 τοῖς
1403 773 1570 827 βωμοῖς

97 828 348 886 προσήγαγε.
379 831 706 888 καταρχομένου
736 832 782 876 δὲ
807 831 936 875 αὐτοῦ
959 837 1034 889 τῆς
1062 832 1220 883 α’νόμου
1248 840 1413 892 θυσίας,
1444 837 1569 892 ἀετὸς

96 896 319 950 καταπτοὶς
342 897 511 955 ἥρπασε
540 903 623 944 τοῦ
650 902 856 958 βασιλέως
881 898 930 943 τὸ
962 902 1090 956 ξίφος
1119 906 1183 942 καὶ
1210 903 1319 953 παροέ
1345 922 1444 949 τινα
1472 911 1568 952 λευ-

95 962 183 1020 miv
211 964 397 1022 δάμαλιν
425 965 607 1023 ἀφῆκεν.
667 969 712 1012 οἱ
749 967 795 1012 δὲ
834 967 1081 1024 δορυφόροι
1121 968 1295 1014 κατόπιν
1325 972 1567 1031 ἀκολουθή-

43 1037 272 1085 1οσαντες,
313 1034 386 1078 καὶ
417 1035 629 1079 αὐτόπται
659 1034 886 1092 γενόμενοι
913 1040 997 1080 τοῦ
1029 1037 1304 1094 συμβάντος,
1346 1044 1421 1090 τήν
1448 1045 1567 1099 βοῦν

91 1098 206 1154 πρὸς
237 1099 503 1156 Τυνδάρεων
530 1101 713 1159 ἤγαγον.
750 1103 775 1146 ὁ
807 1104 853 1149 δὲ
880 1107 1107 1160 θαυμάσας
1135 1104 1217 1162 τήν
1245 1107 1465 1162 πρόνοιαν
1494 1116 1565 1162 τῆς

89 1167 172 1222 μὲν
212 1167 568 1225 ἀνθρωποκτόνου
619 1172 860 1228 συνηθείας
900 1171 1146 1226 ἐπαύσατο,
1189 1174 1269 1231 τὴν
1308 1174 1355 1220 δὲ
1392 1176 1566 1226 δάμαλιν

89 1234 233 1288 θύσας
260 1240 342 1281 τοῦ
370 1241 559 1293 λοιμικοῦ
589 1241 758 1290 πάθους
788 1238 1090 1295 ἀπηλλάττετο.

199 1307 255 1361 τῇ
290 1304 377 1359 πρὸ
414 1308 630 1361 τεσσάρων
663 1307 739 1350 καὶ
773 1311 910 1362 τριῶν
938 1312 1096 1352 νωνῶν
1125 1311 1394 1367 Νοεμβρίων
1421 1310 1470 1354 ἐν
1496 1316 1560 1373 τῷ·

37 1378 79 1415 15
90 1374 186 1428 ναῷ
213 1375 289 1428 τῆς
304 1371 465 1425 Ἴσιδος
494 1375 774 1430 συμπέρασμα
802 1379 891 1419 τῶν
920 1375 1097 1429 ἑορτῶν.
1156 1378 1377 1423 ἐπετελεῖτο
1409 1379 1455 1422 δὲ
1483 1381 1558 1424 καὶ

88 1438 114 1484 ὁ
141 1439 374 1496 λεγόμενος
404 1443 626 1497 δρεπαν*,
660 1440 752 1485 καθ’
781 1442 839 1499 ἢν
868 1443 1027 1501 ἑορτήν
1057 1445 1081 1489 ὁ
1099 1445 1409 1502 Μητρόδωρος
1437 1447 1557 1490 νότον

86 1510 284 1562 φυσῆσαι
311 1507 445 1564 λέγει·
473 1508 675 1554 α’λουτεῖν
704 1511 743 1548 δὲ
768 1511 892 1566 μέχρι
921 1511 1109 1568 πέρατος
1136 1513 1280 1558 ἐδόκει
1308 1516 1371 1568 τῷ
1399 1517 1556 1568 πλήθει,

86 1572 147 1627 ὥς
176 1573 323 1632 λόγος,
355 1574 470 1632 πρός
498 1575 733 1634 ἀποφυγὴν
760 1578 914 1622 νόσου.

196 1646 252 1700 τῇ
289 1643 377 1698 πρὸ
417 1643 515 1688 ὀκτώ
547 1647 664 1689 εἰδῶν
698 1648 951 1701 Νοεμβρίων
982 1648 1103 1702 τιμαὶ
1131 1646 1251 1702 παραὶ
1280 1651 1370 1692 τῶν
1397 1666 1554 1705 γυναι-

29 1712 180 1756 Ξοκῶν
208 1710 488 1756 ἐπετελοῦντο
513 1713 726 1770 Δήμητρος
750 1714 823 1757 καὶ
852 1717 1076 1767 Εἰλειθυίας
1106 1716 1360 1769 (Εἰλείθυια
1389 1721 1431 1757 δέ
1455 1720 1551 1757 ἐστιν

84 1779 111 1828 ἡ
140 1783 226 1824 τῶν
252 1783 493 1826 τικτουσῶν
520 1780 702 1838 ἔφορος),
736 1781 844 1829 ὅπως
873 1785 915 1822 τὸ
942 1784 1014 1835 ἓν,
1050 1774 1112 1835 ῶς
1139 1794 1248 1840 φησι
1269 1784 1546 1836 Πλούταρχος,

773 1952 844 2007 V.

306 2062 795 2112 FRAGMENTA
844 2062 1311 2113 CASEOLINA.

78 2161 263 2208 multisque
282 2163 510 2209 pereuntibus
533 2168 647 2198 sortes
670 2163 774 2197 hasce
799 2163 898 2198 dedit
922 2163 1067 2209 Apollo,
1100 2163 1291 2198 desiturum
1310 2163 1485 2208 morbum,
1509 2164 1541 2198 si

78 2209 264 2252 quotannis
286 2210 353 2244 diis
377 2210 578 2244 averruncis
602 2210 678 2243 sive
698 2210 946 2244 liberatoribus
970 2210 1070 2253 virgo
1091 2214 1187 2244 sorte
1208 2211 1313 2244 ducta
1331 2209 1539 2245 immoletur.

78 2253 130 2287 ita
154 2266 231 2288 cum
257 2254 363 2299 impia
393 2255 518 2300 religio
540 2256 663 2300 quovis
689 2262 850 2290 autumno
883 2255 1104 2300 expiaretur,
1139 2255 1267 2290 accidit
1287 2256 1473 2300 aliquando
1500 2259 1540 2290 ut

77 2299 214 2334 Helena
236 2307 365 2334 sortem
383 2301 539 2335 tolleret:
564 2302 774 2345 Tyndareus
798 2302 878 2336 ideo
904 2301 1009 2335 filiam
1033 2307 1230 2336 coronatam
1258 2303 1301 2336 ad
1326 2313 1404 2335 aras
1427 2302 1538 2336 addu-

76 2345 142 2380 xit.
189 2346 326 2391 iamque
347 2347 593 2392 auspicabatur
617 2348 694 2382 dira
717 2359 836 2392 sacra,
869 2360 944 2382 cum
967 2347 1082 2392 aquila
1105 2347 1248 2392 delapsa
1269 2347 1364 2392 regis
1387 2347 1539 2391 gladium

75 2398 228 2437 raperet,
252 2393 520 2438 demitteretque
538 2394 635 2427 iuxta
653 2394 832 2428 candidam
858 2394 1007 2439 aliquam
1028 2393 1222 2427 iuvencam.
1254 2393 1422 2427 satellites
1447 2404 1539 2437 pone

75 2438 206 2482 secuti,
237 2449 313 2472 cum
330 2450 402 2472 rem
420 2439 491 2492 ipsi
511 2446 750 2484 spectassent,
786 2440 942 2474 buculam
967 2441 1011 2472 ad
1036 2439 1263 2483 Tyndareum
1287 2439 1481 2472 deducunt:
1507 2437 1537 2470 is

74 2483 330 2527 providentiam
360 2486 570 2530 admlratus,
609 2485 750 2520 fatalem
777 2485 1061 2520 consuetudinem
1093 2486 1259 2529 abrogat,
1294 2489 1330 2518 et
1365 2483 1540 2517 immolata

75 2540 183 2563 vacca
201 2528 258 2564 lue
273 2529 456 2566 liberatur.

166 2575 189 2609 4
219 2579 255 2609 et
283 2576 306 2610 3
333 2575 454 2611 Nonas
486 2577 706 2612 Novembres
737 2578 782 2612 ad
803 2576 909 2611 Isidis
932 2575 1107 2610 conclusio
1127 2574 1333 2609 solennium.
1382 2573 1538 2618 ageban-

74 2624 133 2654 tur
155 2619 260 2654 etiam
284 2631 374 2664 quae
398 2622 560 2656 dicuntur
577 2648 587 2658 .
606 2648 616 2658 .
636 2636 666 2666 ,3
701 2635 768 2668 quo
799 2625 890 2657 festo
919 2622 1143 2656 Metrodorus
1167 2628 1319 2655 austrum
1340 2620 1428 2654 flare
1452 2620 1503 2654 ait
1526 2644 1536 2654 .

75 2671 114 2699 et
135 2665 366 2700 lavationibus
391 2668 631 2704 abstinendum
654 2670 700 2704 ad
720 2669 824 2704 finem
844 2679 955 2714 usque
982 2668 1169 2702 videbatur
1192 2666 1308 2712 plebi,
1344 2671 1383 2701 ut
1405 2667 1536 2709 ferunt,

74 2712 119 2746 ad
143 2711 321 2746 vitandum
339 2714 506 2749 morbum.

168 2759 190 2793 8
221 2758 276 2792 Id.
310 2757 405 2792 Nov.
438 2770 538 2795 sacra
569 2772 635 2806 per
663 2765 839 2795 matronas
863 2758 1138 2794 conficiebantur
1157 2757 1299 2792 Cereris
1328 2761 1364 2791 et
1380 2757 1536 2792 Lucinae

77 2801 229 2844 (Lucina
256 2803 522 2848 parturientium
544 2817 688 2850 praeses
715 2812 789 2850 est,
826 2806 970 2849 Ilithyia
994 2817 1016 2839 a
1038 2804 1186 2838 Graecis
1213 2804 1364 2846 vocata)
1392 2808 1431 2837 ut
1451 2803 1536 2837 illud

76 2858 201 2892 uuum,
236 2851 519 2893 quemadmodum
541 2852 592 2886 ait
614 2852 819 2887 Plutarchus
833 2879 843 2897 ‚
875 2853 920 2887 ad
942 2850 1202 2886 similitudinem
1225 2849 1361 2896 proprii
1388 2848 1536 2884 nominis

134 2903 282 2936 Ioannes
307 2902 440 2946 [sydus.
1234 2898 1261 2937 8
