1748 3210
554 176 1009 222 COMMENTARIUS.
1337 196 1339 198 ·
1398 189 1515 220 xmn

62 313 274 357 obscurum
298 325 381 352 non
408 325 494 352 esse
522 325 575 350 ex
594 319 799 352 auctorum
819 311 1078 360 testimoniis,
1112 324 1166 349 ex
1185 310 1342 360 numis,
1379 323 1431 348 ex
1449 310 1516 347 in-

62 381 363 434 scriptionibus,
419 395 441 419 e
475 381 716 419 membranis
753 382 989 432 pervetustis
1015 379 1383 417 innumerabilibus.
1442 392 1517 430 ego

63 456 168 490 oeae
185 449 345 486 nullum
361 447 446 487 vidi
465 449 661 486 Graecum
682 446 878 497 codicem,
920 462 1010 486 cum
1032 448 1178 485 multos
1207 447 1407 485 tractarim
1425 459 1517 484 eos-

63 529 142 570 que
161 517 392 555 veterrimos
414 517 662 554 saeculorum
685 517 711 556 6
734 522 773 552 et
791 518 831 564 7,
863 517 959 568 quin
978 517 1036 554 ibi
1055 514 1298 554 offenderem
1321 513 1516 568 quosdam

62 584 278 623 itacismos.
335 591 394 622 tot
421 591 555 622 autem
582 589 678 635 quot
706 583 750 619 in
782 581 917 620 codice
949 584 1179 633 Caseoliuo‚
1224 585 1268 621 in
1292 585 1405 621 nullo
1430 597 1522 620 me-

62 646 185 701 mini,
223 650 344 690 huius
363 659 468 690 certe
491 653 643 690 aetatis.
699 662 795 687 nam
816 648 1211 690 confunduntur'non
1234 651 1357 690 modo
1379 667 1393 692 ι
1412 658 1451 689 et
1472 666 1520 700 ει,

63 724 136 760 tet
152 734 199 770 η,
239 734 267 771 η
286 725 326 757 et
346 734 402 769 ει,
438 721 536 757 item
556 720 583 772 β
602 725 643 757 et
662 733 708 766 v,
738 732 756 758 ε
779 724 819 754 et
837 733 900 767 αι,
930 733 952 758 ο
971 725 1010 756 et
1030 734 1083 768 ω,
1114 736 1140 759 υ
1158 727 1197 757 et
1217 735 1279 769 οι,
1310 733 1411 773 quae
1430 725 1522 758 sunt

61 785 211 825 menda
229 787 438 839 vulgaria:
461 785 536 824 sed
550 785 754 825 interdum
770 787 903 834 etiam,
927 785 1036 838 quod
1054 789 1180 826 rarius
1200 787 1286 826 vidi
1307 789 1350 825 in
1374 786 1525 825 codici-

63 854 140 894 bus
162 861 253 893 ante
265 862 448 908 tempora
460 856 744 903 Comnmiana,
767 869 794 894 υ
815 860 935 906 atque
951 869 990 894 οι
1010 867 1100 892 cum
1119 870 1134 895 ι
1157 869 1192 895 ει
1209 862 1328 908 atque
1351 867 1400 907 ηε
1425 856 1522 904 imo,

65 921 175 975 quod
188 924 433 962 rarissimum
451 931 510 963 est
527 925 572 962 in
595 921 798 962 codicibus
818 923 1028 960 cuiuslibet
1044 924 1205 973 aetatis,
1237 935 1262 964 σ
1283 930 1322 961 et
1342 927 1395 973 θ,
1425 924 1524 960 item

65 1001 116 1033 ott
133 997 174 1030 et
189 1006 234 1032 ω.

175 1059 359 1105 Alterum
383 1073 509 1112 genus
544 1074 722 1102 errorum
753 1076 835 1101 non
862 1068 947 1100 tam
977 1068 1036 1100 est
1067 1074 1120 1099 ex
1147 1061 1469 1113 pronuntiatione
1488 1067 1527 1099 et
1545 1038 1723 1120 Ῑὲἰχᾘυ

65 1125 322 1178 incogitantia
346 1141 468 1180 quam
488 1142 540 1167 ex
555 1131 713 1168 inscitia
734 1131 885 1169 scribae
902 1137 1064 1178 natum3
1103 1142 1206 1182 quae
1234 1137 1381 1183 quanta
1406 1129 1528 1167 fuerit

65 1193 162 1233 inde
189 1202 320 1247 potest
346 1199 554 1248 cognosci,
593 1198 702 1251 quod
730 1200 926 1250 genitivos
953 1199 1146 1249 plurimos
1174 1208 1265 1236 cum
1294 1199 1527 1237 accusativis

67 1261 260 1313 confudit,
277 1266 520 1303 accusativos
533 1279 623 1303 cum
634 1268 904 1315 nominativis,
922 1265 1108 1318 quodque
1128 1267 1290 1303 omnino
1305 1267 1348 1303 in
1369 1267 1529 1304 clausu-

67 1331 118 1368 lis
134 1331 367 1384 casibusque
378 1345 522 1370 vocum
533 1346 693 1383 prorsus
709 1334 822 1371 iacet.
853 1348 927 1372 nec
937 1336 1071 1371 minus
1088 1335 1130 1370 in
1150 1333 1530 1384 reduplicatiouibus

68 1402 348 1453 perfectorum,
363 1403 407 1438 in
425 1399 653 1438 nominibus
671 1402 854 1451 propriis,
873 1403 916 1437 in
933 1402 1138 1439 vocabulis
1150 1402 1328 1453 reliquis,
1348 1402 1389 1438 in
1404 1402 1531 1453 apici-

69 1469 158 1518 bus,
173 1470 217 1506 in
234 1470 438 1520 spiritibus
450 1481 461 1516 3
486 1464 594 1519 quod
608 1479 726 1503 voces
739 1468 873 1504 omisit
884 1468 1092 1520 lineasque
1104 1470 1278 1519 integras
1292 1468 1390 1516 (vid.
1401 1471 1532 1508 varias

67 1537 259 1575 lectiones
275 1537 407 1574 textui
431 1533 526 1573 edit.
543 1533 774 1586 subiectas),
809 1541 854 1573 ut
877 1537 1133 1587 perspicuum
1150 1538 1201 1574 sit
1219 1550 1350 1589 neque
1376 1539 1533 1588 regulas

69 1605 350 1656 grammaticae
365 1603 487 1655 probe
504 1605 678 1643 tenuisse
698 1617 804 1653 eum,
833 1616 966 1656 neque
987 1602 1083 1655 quid
1100 1612 1280 1642 exararet
1298 1618 1457 1656 semper
1467 1607 1534 1642 in·-

69 1673 288 1710 tellexisse.
345 1672 505 1710 tametsi
517 1671 710 1722 codicem,
729 1671 837 1710 unde
850 1685 968 1709 suum
981 1671 1154 1721 duxerit,
1175 1686 1344 1724 magnae
1358 1680 1537 1711 vetusta-

71 1741 123 1778 tis
143 1741 321 1792 suspicor
338 1739 487 1789 fuisse,
526 1741 676 1779 saeculi
705 1741 873 1778 fortasse
893 1743 920 1782 7
943 1741 1149 1792 literisque
1175 1740 1267 1778 ideo
1288 1742 1537 1779 maiusculis.

71 1820 168 1846 nam
196 1810 326 1860 primo
353 1823 378 1849 ν
407 1805 688 1860 ἐφελκυστικὸν
714 1798 853 1846 multis
882 1809 1045 1846 vocibus
1076 1807 1288 1846 adhibetur
1317 1809 1438 1846 etiam
1470 1822 1538 1847 se-

73 1878 215 1929 quenti
225 1883 479 1915 consonante.
507 1889 591 1914 non
606 1889 671 1913 me
683 1877 873 1927 praeterit
886 1877 1057 1915 inveniri
1075 1876 1119 1914 id
1135 1879 1177 1914 in
1192 1876 1392 1916 codicibus
1406 1879 1537 1916 omnis

75 1946 215 1984 aetatis
243 1945 346 1983 bene
374 1945 526 1983 multis.
586 1942 822 1995 calligraphi
851 1952 987 1982 tamen
1015 1945 1164 1983 saeculi
1200 1944 1347 1983 decimi
1380 1948 1423 1983 in
1460 1944 1539 1983 hac

77 2011 240 2065 quidem
267 2027 309 2051 re
338 2014 614 2064 grammatices
641 2011 860 2050 hodiernae
888 2014 999 2064 leges
1026 2014 1108 2050 iam
1127 2012 1342 2053 studiosius
1360 2021 1452 2052 sunt
1472 2028 1539 2052 se—

76 2080 181 2118 cuti:
218 2087 354 2119 noster
381 2083 587 2133 antiquam
614 2094 775 2132 prorsus
797 2083 925 2119 tenuit
945 2081 1146 2120 scribendi
1166 2084 1296 2131 viam,
1335 2095 1416 2135 qua
1436 2082 1540 2121 illud

78 2163 104 2189 v
128 2149 260 2188 verbis
289 2150 411 2187 etiam
433 2162 515 2187 non
543 2148 747 2188 hiantibus
774 2151 1039 2202 interponitur
1065 2163 1117 2187 ex
1137 2152 1255 2188 certis
1279 2151 1541 2204 oratoriisque

75 2218 298 2268 praeceptis
328 2215 380 2254 ad
411 2216 736 2269 amplificandum
763 2217 1126 2271 complendumque
1153 2220 1261 2256 vocis
1284 2232 1440 2257 sonum.
1499 2217 1544 2256 id

79 2285 221 2336 opinor
250 2298 342 2323 eum
368 2298 451 2323 non
477 2292 626 2324 temere
656 2286 728 2326 sed
758 2286 810 2325 ad
841 2287 1076 2338 exemplum
1108 2287 1170 2325 sui
1205 2286 1351 2325 codicis
1381 2287 1537 2325 fecisse.
1562 2301 1598 2335 p.
1622 2299 1739 2325 Lxxiv

80 2350 225 2390 deinde
247 2366 364 2391 voces
384 2354 571 2404 Latinas,
609 2355 644 2393 si
666 2367 768 2408 quae
790 2362 1018 2404 occurrunt,
1049 2355 1174 2392 literis
1192 2356 1424 2393 maiusculis
1444 2357 1545 2393 scri-

79 2420 174 2471 psit.
230 2419 338 2458 unde
363 2422 528 2461 coniicio
552 2423 596 2460 in
619 2424 840 2476 antiquiore
857 2424 929 2462 illo
950 2423 1101 2461 Graeca
1129 2436 1288 2475 quoque
1308 2424 1431 2461 fuisse
1453 2437 1544 2462 ma-

81 2487 257 2526 iusculis.
341 2487 415 2527 sed
446 2503 519 2542 pro
552 2492 712 2530 Graecis
744 2493 974 2530 maiusculis
1007 2490 1276 2543 calligraphus
1310 2493 1544 2543 scripturam

82 2553 248 2604 ligatam
263 2556 326 2594 sui
343 2559 494 2596 saeculi
510 2559 737 2597 substituit:
767 2574 839 2612 pro
862 2562 1015 2599 Latinis
1035 2574 1117 2598 non
1134 2561 1243 2608 item,
1268 2559 1376 2610 quod
1389 2563 1546 2599 nescie-

84 2621 153 2658 bat
170 2623 403 2674 scripturam
420 2626 586 2677 ligatam
605 2629 815 2677 Latinam3
858 2642 980 2681 quare
999 2630 1134 2667 literas
1155 2629 1333 2678 Latinas,
1363 2642 1442 2681 qua
1461 2630 1546 2668 for-

86 2701 155 2726 ma
174 2697 284 2727 erant
309 2691 350 2728 in
370 2695 532 2746 antiquo
555 2694 710 2745 codice,
754 2695 897 2734 eadem
919 2699 1116 2748 expressit
1138 2698 1181 2734 in
1199 2710 1285 2734 suo.
1343 2704 1543 2748 postremo

87 2758 216 2795 multa
235 2765 326 2796 sunt
344 2759 428 2798 eius
445 2761 590 2799 menda
602 2792 612 2812 ,
643 2776 745 2815 quae
763 2764 919 2802 facilius
942 2763 1224 2813 admittuntur,
1256 2766 1290 2802 si
1310 2763 1434 2802 habes
1453 2772 1544 2803 ante

88 2825 224 2865 oculos
254 2825 431 2866 codicem
457 2830 700 2869 maiusculae
728 2832 943 2883 scripturae
972 2845 1094 2885 quam
1124 2833 1157 2871 si
1177 2833 1336 2884 ligatae.
1394 2834 1464 2873 fol·
1489 2836 1541 2876 31
