1748 3210
449 159 509 205 IN
542 159 756 204 LIBRUM
786 158 863 201 DE
897 157 1183 202 OSTENTIS.
1449 159 1546 205 399

202 285 245 324 p.
274 269 357 315 315
388 284 427 309 v.
459 271 525 313 15.
583 266 825 322 διαλᾶβωσιν
861 282 932 320 pro
974 265 1264 320 διαλήψονται,
1301 269 1379 306 nisi
1412 276 1547 308 tamen

91 329 260 368 scribere
281 329 407 365 mavis
433 327 678 380 διαβαλοῦσι.
737 325 787 363 de
815 339 890 364 usu
909 326 1146 363 coniunctivi
1167 325 1300 362 aoristi
1322 339 1392 376 pro
1412 327 1544 364 futuro

92 386 220 437 (more
239 383 468 433 Homerico)
498 383 606 435 apud
623 385 792 421 Graecos
812 384 1070 434 posteriores,
1100 383 1142 419 iu
1167 382 1296 419 verbis
1314 386 1546 433 praesertim

90 448 161 481 aut
187 441 469 491 irregularibus
501 448 568 478 aut
600 453 700 492 quae
732 446 921 477 vocantur
947 442 970 478 λ
1000 455 1028 490 μ
1056 453 1082 478 ν
1110 454 1153 491 ρ,
1183 439 1298 489 plura
1323 441 1546 477 notavimus

89 498 255 550 praefat.
275 496 326 534 ad
341 499 518 535 Leonem
533 498 645 534 Diae.
670 499 722 538 12
741 497 770 533 C
796 503 834 533 et
854 496 909 533 ib.
933 494 1055 533 indic.
1076 497 1154 536 291
1175 496 1223 532 Β.
1281 502 1320 531 et
1341 495 1447 546 apud
1469 509 1546 534 no-

89 559 216 592 strum
237 565 394 606 quoque
418 554 550 591 futuro
573 555 749 605 iungitur
766 553 1035 590 coniunctivus
1055 552 1212 600 aoristi,
1243 550 1385 589 eodem
1403 565 1543 590 sensu:

89 608 246 651 ἔσονται
264 609 330 650 καὶ
343 633 396 638 -
409 609 581 663 ἐπιτείνῃ
597 624 638 662 Ρ.
653 611 736 650 290
766 612 805 658 3,
835 605 958 661 μάχαι
978 604 1296 662 συρραγήσονται
1311 607 1379 648 καὶ
1399 606 1446 648 τὰ
1470 614 1546 661 θη-

35 692 38 702 ·
87 666 222 717 ρία-
236 665 383 722 ἐπέλθῃ
394 679 434 717 p.
448 668 527 708 326
551 668 616 714 19,
647 661 722 707 οὐκ
735 661 939 706 ἀλλοιώσει
954 662 1081 717 μόνον
1101 661 1198 705 omo?
1217 661 1543 720 καὶ-ἀ’ναβοὲλῃ

86 735 128 773 P·
157 721 238 764 343
268 724 308 764 9.
365 722 466 760 adde
500 720 733 775 ἐπιλάβηται
757 735 828 773 pro
852 719 1086 773 ἐπιλήψεται
1115 721 1252 774 (quod
1271 728 1403 759 tamen
1426 721 1546 761 habet

32 796 33 800 =
87 777 175 816 cod.
198 777 326 830 Reg.)
354 792 393 831 Ρ.
411 777 493 820 347
520 781 586 829 12,
617 786 655 817 et
675 775 890 834 λυμῄνεται
910 791 982 830 pro
1004 781 1233 830 λυμανεῖται
1250 791 1289 830 Ρ.
1309 780 1390 822 318
1419 782 1475 821 20
1505 786 1545 817 et

197 904 238 941 p·
265 893 346 933 316
372 904 411 929 v·
442 891 507 932 19.
566 887 882 943 οἷλληλανεμίαν]
926 903 1076 929 novum
1109 890 1348 929 vocabulum
1379 904 1432 928 ex
1466 890 1545 929 hoc

84 947 173 998 ipso
192 947 279 985 loco
299 959 322 984 a
339 949 548 997 Rutgersio
569 949 737 999 sumpsit
760 949 821 984 vir
842 948 890 985 cl.
908 950 966 985 Io.
985 948 1105 985 Gottl.
1131 946 1395 987 Schneiderus
1418 947 1486 986 W
1479 952 1543 985 ὅν-

87 1002 248 1040 ter-buch
270 1010 343 1042 etc.
376 1003 471 1041 edit.
502 1004 608 1044 1805
640 1007 659 1044 1
691 1003 768 1044 56:
799 1004 987 1052 alterum,
1022 1002 1129 1055 quod
1161 1006 1322 1042 omnino
1350 1005 1487 1042 exulat
1521 1019 1543 1042 e

85 1059 241 1108 lexicis,
264 1056 517 1111 ἆνεμομαχία,
539 1067 743 1097 ventorum
764 1062 988 1110 conflictus,
1016 1059 1152 1112 Lydus
1170 1059 1291 1098 habet
1311 1074 1351 1112 p.
1365 1062 1446 1102 357
1477 1062 1543 1110 16,

86 1116 169 1157 358
202 1118 274 1164 18,
304 1117 384 1156 369
410 1116 458 1163 8,
490 1118 572 1156 372
604 1118 656 1156 10
680 1123 718 1153 et
742 1117 825 1157 380
862 1121 926 1158 12.

195 1185 236 1222 p-
254 1174 336 1214 318
355 1185 394 1209 V·
417 1173 482 1213 17.
540 1167 898 1224 ἆνασκολοπισμοί]
929 1185 1011 1210 vox
1038 1185 1126 1208 rara
1151 1171 1323 1210 necdum
1346 1173 1388 1209 in
1412 1173 1543 1210 lexica

86 1234 257 1279 recepta.
316 1234 526 1279 usurpatur
557 1240 579 1264 a
608 1227 650 1265 S.
672 1229 858 1279 GregorIO
881 1231 1059 1280 Nysseno
1085 1235 1184 1266 orat.
1205 1231 1230 1270 8
1255 1228 1302 1266 de
1326 1229 1543 1266 beatitudi-

86 1283 204 1321 nibus
230 1288 249 1325 1
284 1285 364 1325 835
386 1285 439 1321 C:
469 1280 538 1324 τόν
560 1282 626 1323 ἐπὶ
646 1283 828 1337 κεφαλήν
853 1280 1208 1335 ἆνασκολοπισμὸν.

200 1339 253 1377 ib.
276 1353 314 1376 v.
332 1343 400 1381 20.
458 1335 699 1392 λυμῄνετιιι]
730 1343 786 1379 sic
818 1340 965 1390 codex,
995 1341 1182 1390 barbare,
1210 1338 1276 1379 hic
1309 1348 1347 1379 et
1374 1342 1541 1380 iuferius

84 1407 126 1447 p.
147 1397 228 1436 319
256 1398 305 1438 8:
338 1409 438 1433 num
458 1397 718 1447 λυμανεῖται.)
747 1399 881 1435 confer
912 1405 1046 1435 tamen
1075 1410 1175 1449 quae
1208 1401 1393 1436 annotavi
1424 1412 1543 1450 supra

86 1450 140 1491 ad
171 1451 252 1493 315
292 1452 358 1493 15.
415 1453 519 1490 infra
552 1466 593 1503 p.
624 1452 706 1493 324
738 1455 790 1495 17
826 1453 954 1492 codex
982 1454 1102 1491 habet
1130 1457 1394 1506 λοιμανεῖται,
1425 1468 1543 1506 supra

85 1508 170 1574 318
210 1511 260 1550 12
303 1505 565 1561 λοιμήνονται
583 1540 595 1559 ,
643 1515 681 1546 et
714 1511 944 1561 Rutgersius
978 1513 1250 1564 λυμανοῦνται
1268 1541 1279 1562 ,
1330 1510 1438 1564 quod
1476 1526 1543 1549 re-

87 1576 187 1616 cepi.

197 1633 238 1671 p-
260 1622 401 1661 319⁷v.
422 1623 488 1662 18.
545 1622 601 1660 ita
619 1620 764 1663 τελέσει
782 1636 822 1673 Ρ.
845 1622 927 1664 335
959 1625 979 1663 1
1013 1629 1051 1660 et
1081 1621 1148 1663 14.

195 1689 238 1727 P·
266 1679 348 1718 330
378 1691 418 1715 v.
451 1681 488 1718 1.
548 1675 741 1730 εὐθηνοί]
782 1678 1021 1716 adiectivum
1058 1680 1301 1716 rarissimum
1336 1692 1466 1731 neque
1498 1680 1540 1716 in

84 1731 215 1770 lexico
245 1734 278 1770 Ι.
306 1733 426 1771 Gottl.
458 1733 692 1772 Schneideri
715 1735 790 1772 viri
819 1737 964 1773 summi
993 1748 1124 1787 neque
1146 1737 1187 1772 in
1211 1743 1366 1772 auctore
1387 1738 1541 1786 repperi

85 1788 191 1837 ullo,
221 1795 376 1840 praeter
403 1790 446 1828 S.
476 1794 666 1829 Ioannem
697 1790 1023 1841 Chrysostomum
1050 1798 1146 1829 orat.
1171 1793 1247 1832 105
1274 1790 1542 1829 exhortatoria

85 1842 138 1881 ad
156 1846 440 1896 Poenstentiam
459 1849 485 1888 6
515 1849 621 1888 913:
653 1848 696 1889 ἐν
719 1850 770 1901 τῇ
789 1844 935 1900 ταύτης
958 1845 1085 1902 ἀγορᾷ
1106 1845 1236 1886 πάντα
1258 1844 1428 1898 εὐθηνά.

196 1915 238 1952 Ρ.
259 1904 335 1943 381
354 1916 393 1940 v.
411 1905 451 1943 6.
512 1899 755 1956 εὕομβρίαν]
785 1918 865 1941 vox
892 1906 1015 1941 rarior
1039 1916 1159 1955 quam
1181 1905 1268 1955 quis
1287 1911 1412 1954 putet.
1471 1917 1540 1941 oc·-

85 1958 227 2006 currit,
259 1965 370 1995 extra
394 1957 501 1996 hunc
526 1961 681 2008 locum,
711 1962 754 1996 in
775 1961 948 1997 Eusebio
970 1962 1072 1997 Hist.
1096 1960 1234 1997 eccles.
1258 1961 1338 2001 353
1360 1961 1416 1997 D:
1446 1957 1541 2008 τούς

83 2015 281 2066 λειμῶνας
301 2010 359 2053 δι’
381 2010 598 2067 εὕομβρίαν
619 2020 761 2066 φυτοῖς
776 2015 844 2055 καὶ
863 2014 1005 2056 ἄνθεσι
1023 2015 1310 2067 λαμπομένους.

196 2083 236 2120 p.
257 2072 337 2110 339
362 2083 400 2107 v.
422 2074 464 2112 2.
520 2069 621 2108 haec
642 2078 680 2108 et
701 2074 903 2123 sequentia
926 2075 1071 2123 partim
1093 2080 1249 2124 sumpta
1269 2079 1359 2110 sunt
1382 2085 1435 2109 ex
1454 2073 1541 2109 Pli-

83 2126 150 2163 nio
171 2127 222 2163 Η.
242 2127 278 2162 N
282 2153 291 2162 -
310 2128 337 2166 2
366 2125 482 2167 50-
495 2128 549 2170 52
564 2157 575 2177 ,
607 2130 716 2166 cuius
737 2129 856 2166 verba
874 2130 917 2165 in
933 2131 1113 2167 versione
1133 2136 1323 2182 quantum
1342 2130 1454 2180 potui
1475 2143 1541 2166 re-

82 2183 346 2233 praesentavi.

197 2251 238 2288 p.
257 2237 339 2278 340
356 2251 394 2276 v.
419 2240 483 2279 18.
541 2235 714 2292 ἅβλαβῆ]
740 2239 880 2279 eadem
898 2254 979 2280 vox
998 2243 1164 2291 occurrit
1182 2242 1223 2278 in
1241 2242 1371 2279 lexico
1392 2242 1540 2278 Graeco

84 2291 250 2342 inedito,
282 2293 389 2346 quod
406 2295 447 2331 in
465 2296 579 2333 Italia
596 2299 823 2349 transcripsi
842 2312 895 2336 ex
914 2297 1000 2337 cod.
1022 2312 1124 2337 saec.
1147 2301 1221 2339 12:
1253 2294 1439 2350 ἀβλαβεῖς
1459 2294 1542 2337 α’σι-

84 2354 181 2398 vete.
239 2348 265 2391 ὅ
293 2349 333 2391 δὲ
351 2349 511 2400 ’Ἀλσιος
531 2350 606 2404 τήν
626 2353 669 2393 ἐν
689 2348 888 2406 Ἀδρᾶτοις
908 2352 1091 2408 φρουράν
1111 2352 1287 2406 ἐκβαλών
1308 2355 1364 2401 εἰς
1388 2350 1541 2406 Βόστρα

85 2404 180 2456 τούς
198 2405 288 2459 περὶ
310 2405 432 2448 αὖτᾶν
452 2405 637 2462 οἷβλαβεῖς
654 2409 879 2452 διεσώσατο.
939 2425 1016 2464 quo
1035 2414 1078 2448 in
1097 2413 1227 2448 lexico
1240 2440 1250 2459 ‚
1281 2413 1374 2448 satis
1393 2411 1539 2461 amplo,

86 2461 324 2513 dolendum,
353 2466 547 2516 primum,
579 2466 759 2518 abrumpi
789 2475 879 2519 post
914 2468 1071 2506 literam
1101 2472 1150 2517 Γ,·
1182 2467 1346 2516 deinde,
1376 2468 1418 2503 in
1443 2467 1540 2504 locis

86 2521 342 2571 scriptorum,
384 2535 485 2574 quae
521 2524 647 2561 multa
684 2524 919 2573 afferuntur,
955 2526 1118 2562 nomina
1151 2531 1353 2562 auctorum
1380 2537 1538 2575 perraro

86 2574 202 2624 addi,
231 2575 330 2615 adeo
357 2585 402 2615 ut
433 2580 603 2618 cuiusvis
623 2581 837 2632 fragmenti
859 2580 996 2620 sedem
1014 2583 1272 2632 investigare,
1303 2588 1368 2618 aut
1398 2581 1541 2631 explo-

86 2644 173 2670 rare
204 2631 405 2671 editumne
432 2638 483 2674 sit
513 2650 563 2674 an
590 2637 804 2687 ineditum,
837 2637 945 2691 quod
965 2639 1095 2676 facere
1118 2639 1274 2688 occepi,
1305 2638 1470 2687 longum
1490 2639 1540 2674 sit

7 2727 9 2730 ,
86 2687 288 2739 quoddam
316 2703 414 2741 opus
444 2699 561 2745 atque
592 2696 820 2732 molestum.
879 2708 980 2748 quae
1008 2694 1127 2733 modo
1155 2696 1290 2746 posui,
1317 2696 1359 2731 in
1383 2701 1540 2731 auctore

84 2745 196 2782 nullo
213 2743 332 2783 hodie
354 2756 532 2787 exstante
553 2753 662 2803 quivi
683 2753 882 2801 invenire,
912 2766 1042 2805 neque
1058 2753 1159 2790 Alsii
1181 2765 1326 2788 nomen
1346 2753 1449 2787 inter
1465 2750 1540 2788 du·-

86 2813 151 2838 ces
171 2803 382 2842 Romanos.
442 2818 535 2843 uam
564 2815 622 2845 est
650 2807 813 2861 quidem
843 2809 949 2861 apud
978 2808 1259 2862 Marquardum
1278 2808 1450 2846 Gudium
1472 2811 1540 2845 Iu-
