1748 3210
403 193 479 238 DE
512 187 958 237 MAGISTRATmUs
990 187 1037 233 P.
1061 186 1116 230 R.
1149 185 1254 229 Lm.
1282 172 1344 231 1.v
1492 187 1583 234 121

129 303 222 350 τόγα
246 301 310 339 καὶ
340 299 514 348 τραβαία.
574 298 638 336 διὰ
665 300 702 335 τί
736 297 914 342 Ῥωμαῖοι
941 295 1009 342 τὴν
1036 293 1212 344 βασιλέως
1237 294 1431 340 καθέδραν
1458 296 1587 333 σόλιον

128 346 442 407 προσαγορεύουσι
474 348 558 393 (3).
614 345 678 381 διὰ
717 346 752 380 τί
779 344 847 386 τὰς
876 342 1010 388 λοφιοὶς
1034 354 1129 383 τινες
1150 341 1297 399 τούφας
1324 343 1477 377 καλοῦσι
1500 344 1587 388 (4).

129 394 199 432 διὰῑ
213 396 251 430 τί
267 406 336 435 τας
354 391 514 434 α’σπίδας
533 393 672 427 σκοῦτα
689 391 751 426 καὶ
768 391 897 425 κλίπεα
915 389 978 424 καὶ
992 388 1141 434 πάρμας
1164 388 1200 422 οἱ
1231 391 1396 432 Ρωμαῖοι
1418 390 1586 432 καλοῦσι,

129 441 192 481 καὶ
219 441 275 481 τίς
301 437 324 484 ἡ
354 438 520 484 διαφορὰ
548 436 703 474 τούτων.
751 433 810 471 ὅτι
842 434 917 471 ἀπὸ
948 436 1095 470 Αἰνείου
1113 433 1320 481 παρέλαβεν
1340 433 1360 470 ὁ
1381 433 1589 479 Ῥωμαϊκὸς

98 485 288 543 ὄστρατὸς
313 482 411 520 οὕτω
435 483 649 520 στέλλεσθαι
668 480 719 523 ὥς
744 480 797 516 ἔτι
822 481 884 517 καὶ
911 482 981 516 νῦν
999 481 1036 516 οὶ
1057 479 1275 524 καλούμενοι
1295 479 1586 526 ἐκσκουβίτωρες.

129 534 196 569 δια
225 532 264 567 τί
292 530 362 576 τὴν
392 530 582 577 βασιλικὴν
613 527 814 573 ὑποζύγιον
848 526 1038 574 βασταγὴν
1073 524 1304 571 ἄττηνσίωνα
1338 528 1489 562 καλοῦσι
1511 528 1583 571 (5).

129 591 156 615 π
182 578 260 622 ω’τη
273 576 471 623 προαγωγή
485 603 496 620 ,
522 573 541 611 ὁ
563 576 762 620 ἵππαρχος,
784 572 849 608 καὶ
866 570 926 608 ὅτι
942 574 993 614 εἰς
1012 571 1131 608 τόπον
1152 571 1270 608 αὐτοῦ
1292 570 1311 608 ὁ
1334 574 1410 607 τῶν
1428 585 1590 616 πραιτω-

131 616 222 668 ρων
247 619 414 668 ὕπαρχος
440 619 656 668 προεβλήθη
676 622 759 665 (6).
806 617 961 662 δευτέρα
986 618 1206 664 προαγωγή,
1240 619 1276 654 οἱ
1295 621 1500 663 πατρίκιοι,
1527 617 1592 652 καὶ

129 670 232 710 τίνος
255 667 362 714 χάριν
390 667 534 712 πάτρης
562 667 826 712 κονσκρίπτους
855 663 995 705 αὐτοὺς
1014 663 1039 710 ἢ
1062 663 1262 709 ἀρχαιότης
1278 663 1432 700 ἐκάλεσε.
1478 668 1591 699 ποῖον

76 714 120 750 10
133 712 232 756 εἶδος
255 715 411 759 χιτῶνος
439 711 459 749 ὁ
487 714 677 758 λεγόμενος
697 710 958 756 παραγαύδης·
994 709 1033 745 ἐν
1057 705 1088 759 ᾦ
1107 711 1170 746 καὶ
1197 710 1372 755 περὶτῶν
1390 709 1592 756 λεγομένων

130 761 359 806 καμπαγίων.
378 761 415 794 τί
434 759 672 804 σημαίνουσιν
690 757 726 793 οἱ
743 757 931 801 λεγόμενοι
949 757 1075 798 τίτλοι,
1094 757 1156 792 καὶ
1172 754 1230 792 ὅτι
1241 755 1430 802 φιλότιμοι
1442 755 1594 801 ἐτύγχα-

129 818 198 842 νον
225 806 262 842 οὶ
286 804 400 841 πάλαι
423 804 663 850 συγκλητικοί.
717 802 840 838 πόθεν
866 801 1045 846 διώνυμοι
1069 802 1133 837 καὶ
1154 802 1355 848 τριώνυμοι
1381 803 1417 837 οὶ
1445 801 1595 847 ἀρχαῖοι

131 849 370 897 ἐχρημάτιζον
389 852 473 897 (7).
519 851 622 895 τρίτη
645 847 864 894 προαγωγή,
894 849 930 883 οἱ
947 850 1189 894 κυαίστωρες,
1224 848 1287 883 καὶ
1307 845 1365 883 ὅτι
1383 847 1508 893 ἕτερον
1555 846 1594 882 *v

132 899 316 942 κυαίστωρ
346 895 471 941 ἕτερον
497 894 538 931 δὲ
562 897 773 939 κυαισίτωρ.
819 894 902 938 περὶ
919 895 987 938 τῆς
1004 891 1186 934 ’ὑπατείας
1207 894 1360 928 καὶτῶν
1379 892 1500 939 αὐτῆς
1533 907 1595 928 πι-

78 941 121 978 15
134 942 258 989 σήμων
287 945 356 988 (8).
400 941 557 987 τετάρτη
585 941 805 986 προαγωγή,
847 938 870 984 ἡ
897 941 1076 983 κληθεῖσα
1101 938 1318 983 δεκανδρικὴ
1351 939 1497 982 ἐξουσία
1525 942 1595 984 (9).

130 989 277 1045 πέμπτη
295 987 512 1034 προαγωγή,
544 985 567 1032 ἡ
586 987 792 1031 καλουμένη
811 986 1055 1029 δικτατοῦρα,
1076 986 1140 1019 καὶ
1158 986 1193 1020 τί
1213 986 1381 1029 σημαίνει
1399 985 1441 1021 τὸ
1462 983 1595 1029 ὄνομα,

130 1046 244 1076 ποσοι
267 1045 307 1070 τε
332 1033 521 1083 γεγόνασιν
545 1033 582 1068 02
602 1031 739 1072 πάντες
766 1030 1003 1076 δικτάτωρες,
1045 1030 1108 1065 καὶ
1135 1029 1203 1071 ἔως
1231 1032 1332 1071 τίνος
1356 1033 1463 1076 (10).
1511 1031 1595 1076 ἕκτη

130 1079 347 1126 προαγωγή,
380 1077 404 1134 ἡ
427 1077 630 1123 καλουμένη
648 1092 668 1113 κ
694 1081 836 1120 νσοῦρα
849 1086 857 1095 ·
881 1075 920 1112 ἐν
939 1072 970 1124 ᾤ
990 1077 1053 1111 καὶ
1070 1077 1154 1119 περὶ
1174 1078 1366 1123 κωμῳδίας
1381 1078 1442 1112 καὶ
1457 1090 1597 1123 τραγῳ-

131 1127 235 1168 δίας,
264 1126 327 1161 καὶ
349 1137 441 1160 ποτε
465 1122 656 1168 Ῥωμαίοις
670 1092 927 1180 Ἐγνιόσθησαν.
975 1122 1038 1158 διὰ
1064 1123 1101 1158 τί
1124 1122 1296 1167 Ῥωμαῖοι
1315 1122 1404 1164 τοὺς
1428 1121 1598 1163 ἀσώτους

74 1168 212 1216 Ξθόἶμα
243 1171 306 1206 καὶ
336 1170 428 1211 τοὺς
466 1168 639 1216 ἐγγόνους
681 1168 885 1213 ομωνύμως
916 1169 1069 1203 καλοῦσι
1103 1170 1268 1212 πατρίως
1300 1169 1467 1210 νέπωτας
1489 1171 1598 1214 (11).

131 1215 271 1264 ἑβδόμη
289 1215 486 1261 προαγωγή
498 1243 508 1259 ,
532 1213 556 1260 ἠ
579 1215 774 1260 δημαρχία.
821 1214 914 1249 πότε
936 1212 1055 1258 ἐδόθη
1074 1218 1154 1254 τοῖς
1170 1213 1410 1259 στρατιώταις
1427 1214 1475 1249 τὰ
1495 1215 1599 1260 λεγό-

130 1275 225 1308 μενα
251 1261 412 1303 καπιτοὶ,
449 1262 513 1296 καὶ
540 1260 603 1296 διὰ
632 1260 671 1295 τί
696 1259 834 1294 καπιτὰ
860 1260 1013 1304 λέγεται.
1059 1260 1233 1303 περὶτῶν
1253 1258 1291 1294 ἐν
1314 1258 1443 1300 ὅπλοις
1461 1258 1599 1304 ταγμά-

131 1321 208 1344 των
233 1321 273 1344 τε
299 1309 362 1343 καὶ
390 1306 586 1351 ὀνομάτων
610 1306 672 1341 καὶ
696 1307 855 1352 βαθμῶν
884 1305 947 1340 καὶ
974 1306 1051 1340 τῶν
1077 1306 1280 1350 λεγομένων
1298 1307 1464 1350 τιριόνων
1491 1308 1560 1350 (12
1570 1309 1598 1349 ).

133 1352 252 1399 ὀγδόη
279 1352 499 1399 προαγωγῇ,
550 1353 586 1387 οἱ
609 1353 835 1397 πραίτωρες,
874 1351 937 1386 καὶ
966 1347 1026 1386 ὅτι
1052 1348 1072 1387 ὁ
1103 1353 1169 1395 τῆς
1203 1350 1345 1392 πόλεως
1373 1350 1467 1386 καθ’
1497 1349 1599 1396 ἡμᾶς

76 1396 301 1444 ἓὸῧπαρχος
325 1397 378 1440 εἷς
403 1397 574 1444 ἐτύγχανε
599 1399 674 1432 τῶν
697 1398 816 1433 παλαι
832 1398 1087 1440 πραιτωρίων,
1121 1397 1242 1442 φύλαξ
1263 1396 1403 1439 πόλεως
1423 1398 1599 1444 χρηματί-

132 1447 204 1490 ζων
218 1447 311 1492 (13).
357 1443 468 1491 ἐνάτη
485 1442 684 1491 προαγωγή
694 1469 706 1490 ,
736 1440 756 1480 ὁ
778 1444 853 1478 τῶν
872 1444 1016 1479 νυκτῶν
1031 1440 1197 1488 ὕπαρχος
1216 1444 1307 1489 (14).

226 1571 273 1654 1:11
295 1570 537 1652 corrigenda&
559 1567 728 1614 πέμπτης
764 1573 819 1605 est
850 1569 941 1605 enim
973 1568 1094 1615 quinta
1126 1569 1264 1604 electio.
1313 1570 1351 1604 in
1372 1569 1601 1615 sequentibus

224 1629 240 1652 1
265 1629 318 1653 em
340 1628 452 1653 error.
536 1640 547 1652 .

134 1742 220 1788 quid
243 1742 291 1778 sit
318 1746 406 1790 toga
432 1747 466 1778 et
486 1743 618 1778 trabea.
667 1752 729 1776 eur
750 1742 861 1777 sedem
891 1741 987 1787 regis
1011 1741 1136 1776 solium
1160 1742 1335 1786 appellent
1359 1742 1509 1777 Romani
1525 1743 1595 1788 (3).

135 1799 199 1824 cur
216 1788 316 1824 iubas
336 1790 493 1824 nonnulli
512 1792 610 1833 tusas
627 1788 747 1822 dicant
766 1790 832 1834 (4).
881 1794 1014 1823 scutum
1034 1789 1179 1832 elipeum
1199 1793 1234 1821 et
1252 1800 1412 1831 parmam
1431 1790 1521 1822 unde
1540 1801 1603 1832 ap-

134 1836 263 1880 pellent
280 1836 449 1879 Romani,
483 1841 516 1870 et
536 1836 625 1880 quod
647 1836 769 1869 horum
793 1835 985 1870 discrimen.
1033 1835 1215 1868 exercitum
1240 1835 1435 1868 Romanum
1461 1836 1509 1868 acl
1534 1837 1605 1868 Ae-

134 1893 221 1915 neae
246 1883 434 1926 exemplum
456 1882 509 1915 ita
532 1885 704 1914 armatum
720 1886 946 1925 ornatumque
964 1892 1053 1922 esse,
1077 1881 1131 1914 uti
1149 1882 1335 1914 etiamnum
1358 1882 1384 1914 ii
1402 1893 1484 1925 quos
1504 1893 1605 1914 excu-

136 1927 261 1961 bitores
279 1933 419 1961 vocant.
467 1938 528 1961 cur
543 1927 764 1972 imperatoris
777 1927 1022 1960 iumentariam
1038 1928 1225 1970 bastagam
1242 1928 1466 1961 attentionem
1486 1928 1604 1972 appel-

136 1973 209 2006 lent
227 1972 300 2015 (5).
345 1975 462 2017 prima
488 1974 617 2014 electio,
650 1974 819 2017 magister
848 1973 1011 2015 equitum.
1058 1973 1095 2005 in
1121 1975 1192 2005 eius
1219 1973 1328 2006 locum
1356 1978 1507 2007 creatum
1536 1984 1606 2006 esse
1665 1974 1667 1978 “

132 2021 348 2064 praesectum
375 2019 549 2063 praetorio
576 2019 647 2061 (6).
695 2019 844 2052 secunda
870 2018 1008 2060 electio,
1046 2018 1202 2061 patricii.
1250 2031 1357 2062 quare
1380 2025 1498 2062 patres
1527 2030 1606 2052 con-

136 2064 259 2108 scripti
285 2065 478 2110 antiquitus
509 2065 689 2108 appellati.
737 2065 840 2107 quale
871 2074 982 2108 genus
1009 2065 1147 2097 tunicae
1164 2065 1405 2109 paragau‹lis‚·
1436 2065 1496 2098 ubi
1516 2065 1608 2098 etde

137 2111 332 2155 campagis.
394 2110 478 2155 quid
512 2111 709 2154 significent
743 2110 851 2143 tituli.
916 2109 1093 2152 munificos
1117 2110 1229 2153 fuisse
1256 2115 1387 2145 veteres
1419 2116 1606 2144 senatores.

137 2157 230 2189 unde
251 2158 319 2188 duo
340 2160 372 2189 ct
399 2157 470 2189 tria
494 2156 667 2188 veteribus
684 2155 823 2188 nomina
832 2156 971 2198 fuerint
987 2157 1059 2198 (7).
1111 2157 1219 2189 tertia
1236 2157 1373 2197 electio,
1398 2162 1604 2201 quaestore&

139 2201 252 2235 alium
269 2213 338 2235 csse
355 2206 586 2245 quaestorem,
617 2201 726 2233 alium
746 2202 984 2245 quaesitorem.
1033 2202 1075 2235 de
1099 2202 1276 2235 consulatu
1295 2203 1432 2246 eiusque
1454 2203 1609 2247 insigni-

141 2247 202 2280 bus
219 2247 286 2290 (8).
336 2253 466 2291 quarta
487 2247 620 2290 electio,
646 2247 883 2280 decemviralis
901 2252 1051 2290 potestas
1070 2246 1140 2291 (9).
1188 2249 1308 2291 quinta
1325 2249 1462 2291 electio,
1493 2250 1610 2282 dicta-

140 2297 235 2334 tura,
259 2297 293 2326 et
311 2293 414 2326 huius
428 2293 574 2326 nominis
591 2292 815 2336 significatio.
864 2298 946 2337 quot
967 2298 998 2326 et
1024 2294 1071 2326 ad
1094 2305 1191 2337 quem
1212 2305 1318 2337 usque
1335 2296 1474 2337 fuerint
1494 2295 1611 2327 clieta-

139 2342 232 2373 tores
250 2339 344 2381 (10).
392 2344 487 2372 sexta
507 2338 647 2379 electio,
680 2350 842 2379 censura3
879 2341 916 2372 in
942 2351 1007 2383 quo
1033 2344 1066 2372 et
1092 2340 1134 2372 de
1152 2341 1326 2372 comoedia
1346 2341 1610 2384 tragoediaqnze,

140 2388 174 2417 et
194 2395 261 2427 quo
281 2389 431 2428 tempore
458 2396 517 2417 eas
542 2384 699 2418 noverint
717 2385 877 2417 Romani.
926 2397 1032 2429 quare
1059 2385 1246 2418 luxuriosos
1272 2391 1474 2429 nepotesque
1494 2387 1612 2419 eodem

140 2429 278 2463 nomine
292 2432 408 2474 patrio
424 2442 575 2464 sermone
591 2431 765 2473 appellent
778 2431 926 2464 Romani
942 2432 1035 2474 (11).
1083 2431 1232 2474 septima
1248 2432 1376 2473 electio,
1387 2432 1610 2465 tribunatus.

138 2483 207 2518 'qno
225 2481 376 2519 tempore
401 2478 518 2520 capita
534 2477 702 2509 militibus
719 2477 826 2517 data,
864 2482 895 2510 et
925 2488 986 2509 cur
1010 2477 1129 2520 capita
1157 2476 1332 2510 dicamur.
1376 2477 1418 2510 de
1436 2478 1612 2521 copiarum

143 2521 320 2555 ordinibus
346 2523 602 2570 nominibusque
625 2526 659 2554 et
687 2523 878 2566 gradibus,
910 2535 971 2556 nec
1000 2534 1066 2555 non
1088 2523 1130 2555 do
1160 2523 1328 2555 tironibus
1348 2523 1442 2565 (12).
1488 2527 1614 2556 octava

144 2567 282 2608 electio,
315 2573 500 2610 praetores.
544 2570 759 2612 praefectum
783 2569 878 2600 urbis
908 2569 1108 2602 hodiernum
1133 2579 1239 2600 unum
1259 2569 1373 2611 fuisse
1401 2580 1419 2602 e
1444 2569 1613 2602 veteribus

141 2612 338 2703 χιναειῖἶζςε,
362 2615 532 2650 custodem
548 2615 642 2649 urbis
660 2614 874 2660 appellatum
891 2615 987 2660 (13).
1036 2626 1130 2650 nona
1147 2613 1278 2657 electio,
1302 2617 1502 2660 praefectus
1518 2615 1612 2661 vigi—

160 2669 216 2691 am
320 2682 329 2692 .
