1748 3210
247 177 344 221 352
757 178 976 222 IOANNIS
1011 177 1144 222 LYDI

242 285 388 343 βηνῆν,
426 288 488 331 ἐπὶ
517 289 562 331 δὲ
590 284 754 342 ’Λιβύης
772 286 799 339 ἢ
818 292 969 342 μᾶλλον
991 286 1186 345 Εὐρώπης
1216 288 1304 344 (ὅτι
1324 289 1443 347 μέρος
1465 287 1659 347 Εὐρώπης

244 354 415 408 Λιβύη)
442 356 718 410 Μαρμαρικὴν
743 357 807 396 καὶ
826 357 1136 409 Νασαμωνίτιδα
1159 358 1225 397 καὶ
1244 356 1376 408 ἅπλῶς
1393 358 1463 412 τὴν
1485 374 1659 412 παρατε-

242 424 410 475 ταμένην
432 429 516 470 ταῖς
535 420 723 476 μεγάλαις
742 421 907 477 Σύρτεσι
925 423 1048 479 ’ξηρὰν
1067 422 1228 476 ἔσχατος
1245 423 1514 479 περιστήσεται
1531 422 1658 476 λιμός,

243 487 298 538 ὡς
329 490 369 536 ἐξ
402 486 571 542 ἀνάγκης
601 494 683 538 τοῖς
716 488 854 543 λογάσι
881 494 960 531 τῶν
983 493 1125 546 χωρῶν
1147 491 1407 544 ἕπαναστῆναι
1432 491 1478 532 τὸ
1505 495 1659 544 πλῆθος

242 557 441 607 ε’ξωθῆσαι
465 553 621 604 αὐτούς.
686 556 729 596 ἐκ
752 557 796 597 δὲ
819 560 896 598 τῶν
918 561 1134 613 συμφορῶν
1159 556 1286 606 οὐδεὶς
1307 557 1435 598 οὐδενὶ
1457 555 1564 599 ἔσται
1586 575 1651 598 πι-
1665 565 1686 598 5

241 619 370 670 στός,’
391 621 485 661 ἀλλ’
510 621 602 663 οὐδὲ
622 622 787 678 μητέρες
805 623 963 672 τέκνοις.
1029 621 1195 672 πτώσεις
1217 641 1258 665 τε
1279 625 1344 665 καὶ
1366 623 1583 680 ἀφανισμοὶ
1601 624 1660 664 οἷ’-

242 703 343 737 κων,
372 688 599 743 ἕμπρησμοί
611 705 650 730 τε
666 693 815 745 βαρεῖς.
881 688 1069 745 τύραννος
1085 691 1185 745 πρὸς
1203 689 1359 740 τούτοις
1373 688 1574 742 ὠμότατος
1587 707 1661 732 τα-

243 750 354 809 ράξει
377 754 470 803 τοὺς
487 754 652 808 νόμους,
687 754 742 804 ὥς
757 756 858 810 μηδὲ
878 756 1007 798 αὐτῶν
1024 761 1102 799 τῶν
1120 757 1233 812 ἱερῶν
1251 758 1482 813 φείσασθαι.
1543 756 1594 798 τὰ
1618 757 1661 797 δὲ

241 825 320 862 τῶν
353 826 570 878 συμφορῶν
597 828 679 872 τοῖς
704 821 840 878 ἄρρεσι
859 828 936 864 τῶν
958 822 1086 880 ζῴων,
1118 825 1183 865 καὶ
1202 828 1364 878 λογικῶν
1382 820 1660 880 διαφερόντως,

241 888 358 928 πλέον
388 889 647 940 ἐπιπεσεῖται,
681 889 742 931 ὅτι
771 889 889 946 ἄρρεν
917 892 982 931 καὶ
1015 891 1304 946 ἀνθρωποειδές
1331 891 1377 933 τὸ
1410 892 1507 948 ζῷον
1534 890 1571 930 οἱ
1600 890 1660 930 (il-
1673 895 1714 929 10

244 955 376 1007 δυμοι.

378 1019 455 1063 56.
513 1019 690 1071 ’Ἡλιος
721 1023 954 1080 καρκίνῳ.
999 1024 1034 1064 εἴ
1065 1022 1185 1065 σάλον
1215 1023 1460 1078 ἐπιγενέσθαι
1487 1022 1661 1076 συμβαίη

246 1086 348 1128 καθ’
375 1085 505 1128 ὅντινα
525 1082 594 1128 οὖν
610 1088 751 1139 τόπον,
786 1091 847 1130 ἐπὶ
865 1091 935 1142 μὲν
956 1094 1026 1142 τῆς
1047 1089 1128 1131 ἄνω
1142 1089 1274 1140 Ἀσίας
1291 1091 1342 1132 τὰ
1363 1094 1536 1145 προσεχῆ
1550 1090 1662 1145 Πέρ-
1700 1144 1702 1147 v

244 1169 335 1202 σαις
351 1152 671 1208 ταραχθήσονται
682 1185 695 1204 ,
729 1153 836 1197 νόσοι
853 1172 892 1197 τε
911 1154 1116 1208 λοιμώδεις
1131 1156 1387 1208 ἐμπεσοῦνται
1405 1162 1486 1205 τοῖς
1505 1155 1662 1208 σώμασι

242 1225 321 1261 τῶν
343 1220 383 1260 ἔν
402 1220 535 1268 αὐτοῖς
553 1219 719 1270 ἐνδόξων
726 1252 740 1272 ,
775 1220 828 1270 ὥς
843 1220 1013 1277 ἐρήμους
1029 1219 1227 1277 ἀρχόντων
1245 1223 1427 1276 γενέσθαι
1443 1222 1516 1271 τὰς
1530 1222 1662 1272 πόλεις
1673 1226 1712 1261 15

244 1286 388 1328 αὐτῶν.
454 1286 491 1327 οἶ
518 1287 562 1327 δὲ
585 1287 674 1340 μετ’
701 1287 845 1337 αὐτοὺς
866 1293 943 1329 τῶν
965 1287 1206 1343 πραγμάτων
1227 1287 1500 1341 ἀνθεξόμενοι,
1533 1287 1661 1345 ψήφῳ

241 1358 314 1394 τοῦ
343 1350 526 1406 πλήθους
557 1356 623 1395 καὶ
652 1354 781 1396 αὐτῶν
809 1355 978 1409 ἀρίστων
1006 1354 1270 1411 ἀφελκύσουσι
1295 1356 1353 1397 τὰ.
1366 1356 1480 1396 τέκνα
1498 1360 1576 1397 τῶν
1594 1371 1661 1409 γο-

241 1421 360 1470 νέων,
389 1421 454 1460 καὶ
474 1420 697 1462 ἀποδῶνται
715 1420 887 1478 μακράν.
953 1422 1016 1462 ἐπὶ
1039 1423 1080 1463 δὲ
1100 1426 1170 1476 τῆς
1187 1421 1293 1464 κάτω
1315 1423 1490 1464 Βιθυνία
1507 1422 1663 1477 Φρυγία

241 1503 282 1529 τε
315 1491 445 1537 πᾶσα,
479 1489 545 1528 καὶ
570 1488 765 1544 Εὐρώπης
788 1489 860 1541 μὲν
880 1486 906 1542 ἡ
929 1487 1127 1542 Κολχική,
1159 1488 1208 1542 ἢν
1234 1493 1302 1531 νῦν
1329 1488 1662 1544 προσαγορεύουσι

240 1552 424 1607 Λαζικήν
433 1585 446 1604 ,
480 1553 645 1609 Λιβύης
664 1556 706 1596 δὲ
726 1554 751 1610 ἡ
773 1556 889 1612 μέχρι
910 1557 1132 1609 Νουμιὸιάς
1148 1556 1313 1614 Ἀφρικὴ
1327 1564 1408 1606 τοῖς
1425 1555 1558 1604 αὐτοῖς
1573 1553 1716 1608 ‹im-20

325 1680 350 1714 2
386 1676 633 1734 ἄσαμωνίτιδα
669 1681 715 1724 S,
755 1677 979 1722 ἄμμωνίτιὸα
1016 1682 1055 1715 S.
1244 1682 1266 1716 3
1308 1679 1387 1725 Σύρ
1390 1691 1459 1716 τισι
1497 1681 1587 1728 apud
1621 1682 1661 1716 S.

329 1725 352 1758 6
373 1721 455 1759 ἀλλ’
481 1735 533 1757 om
555 1725 628 1758 CR.
741 1723 894 1768 μητράσι
915 1725 1023 1759 τέκνα
1044 1726 1085 1758 8.
1196 1727 1218 1761 7
1240 1738 1302 1760 και
1324 1693 1427 1772 ἐμπρ.
1451 1738 1490 1762 τε
1512 1727 1602 1771 apud
1621 1727 1660 1759 S.

327 1765 501 1822 ὠμότατοι
511 1770 609 1821 apud
627 1769 668 1803 S.
772 1771 793 1804 8
815 1771 897 1804 sort.
917 1769 972 1804 τό.
998 1771 1046 1803 Η.
1154 1771 1196 1804 16
1217 1769 1330 1816 ψόφῳ
1350 1773 1393 1805 Ο.
1492 1773 1534 1808 17
1551 1770 1662 1804 malim

328 1811 453 1847 αὐτῶν
475 1813 559 1846 τῶν.
583 1814 631 1866 ῌ.
724 1810 992 1867 ἀφελκύσαντες
1010 1815 1061 1858 R,
1086 1814 1210 1848 omissa
1231 1827 1308 1848 mox
1331 1814 1404 1848 καί.
1502 1817 1544 1850 18
1566 1812 1662 1848 α’πό-

328 1858 462 1892 δονται
477 1857 619 1902 μακράν
637 1858 685 1901 C,
710 1855 934 1894 ἀπολοῦνται
953 1841 1094 1914 μακράν
1115 1861 1160 1902 S,
1183 1858 1325 1901 μακράν
1346 1857 1598 1893 ἀποδώσουσιν
1616 1860 1662 1894 R.

329 1914 408 1936 corr
429 1903 476 1936 H.
653 1903 698 1946 τῇ
723 1904 798 1938 CR.
976 1903 1101 1958 κάτω]
1120 1905 1146 1936 8
1168 1904 1222 1937 hic
1245 1904 1340 1938 addit
1354 1901 1485 1948 Ἄσίας,
1506 1905 1540 1939 R
1555 1901 1661 1939 Ἀσία.

332 1948 374 1981 19
397 1944 558 1991 Εὐρώπη
581 1948 671 1992 apud
689 1949 729 1982 8.
861 1949 907 1984 20
928 1946 1044 1993 Λιβύη
1067 1946 1106 1982 ee
1129 1948 1189 1982 καὶ
1211 1946 1234 1992 ἡ
1259 1950 1332 1983 Rs.

240 2067 326 2100 ropa
358 2056 511 2103 (quippe
523 2069 621 2110 pars
651 2059 814 2102 Europae
840 2059 959 2093 Africa
988 2060 1064 2102 est)
1094 2058 1350 2101 Marmaricam,
1383 2059 1663 2093 Nasamoniacum

242 2112 359 2144 agrum
382 2107 418 2134 et
444 2102 578 2136 omnino
599 2108 811 2147 praetentam
833 2104 962 2147 magnis
986 2104 1146 2147 Syrtibus
1170 2115 1261 2136 oram
1284 2109 1434 2137 extrema
1454 2103 1586 2148 affliget
1609 2105 1663 2138 fa·-

240 2157 334 2188 mes,
369 2146 455 2180 adeo
486 2153 523 2180 ut
554 2148 758 2181 necessitate
786 2149 940 2185 adactum
962 2149 1082 2192 vulgus
1105 2148 1140 2181 in
1163 2159 1321 2192 proceres
1344 2149 1518 2192 regionum
1534 2149 1664 2182 illarum

239 2190 506 2224 insurrecturum
525 2191 572 2227 sit
594 2194 637 2225 ad
659 2192 843 2235 exigendos
869 2205 940 2226 eos.
987 2205 1050 2226 nec
1074 2193 1248 2238 quisquam
1272 2195 1314 2227 ob
1337 2193 1543 2227 calamitates
1565 2193 1664 2227 alteri

240 2236 341 2268 fidem
371 2236 542 2278 servabit,
577 2248 621 2269 ne
644 2243 769 2270 matres
793 2238 929 2282 quidem
951 2237 1080 2273 liberis.
1128 2244 1292 2281 eruntque
1314 2238 1434 2271 ruinae
1453 2239 1606 2274 domuum
1628 2243 1664 2271 et

239 2280 482 2323 dissipationes
505 2287 540 2314 et
562 2280 721 2314 incendia
741 2284 879 2315 acerba.
926 2284 969 2316 ad
998 2283 1082 2316 haec
1103 2286 1268 2335 tyrannus
1295 2283 1547 2319 cruentissimus
1567 2282 1662 2326 leges

240 2325 396 2358 miscebit
427 2326 510 2359 adeo
534 2330 571 2358 ut
592 2337 634 2359 ne
656 2326 763 2360 saeris
772 2327 923 2378 quidem
956 2327 1147 2371 parciturus
1181 2328 1239 2360 sit.
1284 2328 1471 2371 damnaque
1493 2338 1534 2361 ea
1554 2327 1662 2369 magis

240 2369 395 2403 masculis
418 2370 508 2404 inter
531 2370 737 2413 animantes,
771 2370 883 2415 iisque
906 2372 1107 2416 praesertim
1131 2383 1217 2416 quae
1237 2372 1370 2406 ratione
1392 2377 1548 2415 utuntur,
1570 2371 1662 2404 infe-

240 2419 380 2455 rentur,
417 2415 497 2460 quia
529 2415 660 2459 signum
694 2416 874 2450 masculum
905 2417 1089 2462 specieque
1119 2417 1263 2451 humana
1292 2416 1480 2462 praeditum
1499 2421 1579 2451 sunt
1598 2427 1660 2460 ge-

240 2459 335 2493 mini.

329 2503 385 2537 56.
433 2504 510 2538 Sol
541 2516 716 2539 cancro.
786 2505 1014 2540 nassutionem
1040 2506 1071 2540 si
1094 2506 1170 2540 fieri
1192 2505 1359 2549 contingit
1379 2505 1572 2550 ubicunque
1588 2509 1661 2539 ter-

238 2559 371 2591 rarum,
407 2549 444 2582 in
466 2549 549 2583 Asia
571 2550 748 2593 superiore
761 2515 913 2583 ‘linitima
937 2551 1050 2586 Persis
1072 2551 1312 2594 turbabuntur,
1350 2551 1526 2595 morbique
1554 2551 1662 2603 pesti-

239 2593 348 2626 lentes
372 2605 517 2639 corpora
538 2594 697 2628 nobilium
719 2595 755 2627 in
778 2595 830 2629 his
842 2595 1006 2647 ‘partibus
1039 2596 1220 2637 invadent,
1248 2601 1286 2629 ut
1313 2595 1469 2629 civitates
1491 2606 1512 2629 a
1533 2595 1662 2639 princi-

239 2638 340 2690 pibus
371 2641 476 2673 orbae
503 2640 639 2673 suturae
668 2639 748 2673 sint.
794 2639 920 2684 quique
953 2644 1031 2684 post
1063 2652 1122 2674 eos
1151 2621 1326 2684 potientur
1356 2651 1487 2683 rerum,
1520 2652 1540 2674 e
1567 2639 1662 2683 vulgi

238 2683 457 2736 ipsorumque
490 2684 685 2728 optimatum
713 2686 850 2718 decreto
878 2684 1004 2718 liberos
1030 2696 1050 2718 a
1080 2685 1277 2738 parentibus
1301 2687 1488 2719 abstractos
1516 2696 1662 2729 peregre

238 2728 378 2762 abdent.
423 2728 459 2761 in
477 2729 560 2763 Asia
575 2729 741 2764 inferiore
757 2729 920 2772 Bithynia
936 2729 1154 2773 Phrygiaque
1174 2730 1298 2774 omnis,
1316 2730 1352 2766 in
1369 2731 1510 2782 Europa
1526 2728 1662 2763 Colchis

242 2773 356 2815 (nunc
380 2773 537 2809 Lazicam
559 2774 719 2819 dicunt),
754 2774 791 2811 iu
812 2774 925 2819 Libya
947 2775 1066 2811 Africa
1089 2775 1280 2812 Numidiam
1302 2786 1409 2822 usquc
1431 2774 1552 2811 iisdem
1568 2773 1662 2809 malis
