1748 3210
241 188 302 232 72
748 188 970 232 IOANNIS
999 188 1129 230 LYDI

238 311 322 347 τες”
356 295 470 351 λόγος
496 296 572 353 γὰρ
601 298 666 339 καὶ
693 297 812 339 αὐτὸν
839 298 981 339 ἐκεῖνον
1012 293 1275 353 Μαμούριον,
1310 299 1508 354 δυσχερῶν
1531 302 1646 342 τινῶν

237 362 533 417 προσπεσόντων
568 365 628 404 ἐπὶ
663 368 712 419 τῇ
745 368 823 404 τῶν
859 361 1086 419 ἀρχετύπων
1117 363 1297 417 ἀγκιλίων
1329 364 1532 419 ἀποσχέσει
1565 372 1646 414 τοῖς

240 432 457 482 Ρωμαίοις,
491 428 699 481 παιόμενον
729 428 892 485 ῥάβδοις
919 431 1161 482 ἐκβληθῆναι
1183 433 1253 482 τῆς
1276 428 1434 481 πόλεως.
1499 430 1644 485 ταύτην

236 496 306 549 τὴν
325 495 473 550 ἡμέραν
498 493 518 535 ὃ
540 493 816 550 Μητρόδωρος
836 495 958 548 κακὴν
981 496 1240 551 παραδίδωσι.
1352 502 1354 505 ’

370 562 445 605 37.
511 559 631 616 ῆπρὸ
661 562 850 602 δεκαεπτὰ
869 563 1072 602 καλανδῶν
1091 561 1297 615 Ἀπριλίων
1329 560 1538 617 ἄπρακτος.
1604 561 1678 603 ε’ν5

235 625 358 681 ταύτῃ
387 631 436 681 τῇ
466 624 593 686 ἡμέρᾳ
615 626 790 678 Εὔδοξος
815 627 907 677 τοὺς
929 625 1074 680 ἰχθύας
1099 627 1267 680 ἀνίσχειν
1286 629 1351 668 καὶ
1369 631 1521 684 βορρᾶν
1542 633 1646 670 πνεῖν

235 695 494 748 παραδίδωσι.
1457 735 1460 738 «

108 777 144 809 p.
169 764 211 798 81
368 759 444 802 38.
509 759 642 814 Λίβερ
665 758 774 814 παρὰ
785 757 992 812 Ῥωμαίοις
1013 758 1033 800 ὅ
1051 757 1260 808 Διόνυσος,
1294 758 1407 800 οἷονεὶ
1427 756 1646 814 ἐλεύθερος,

232 825 428 866 τουτέστιν
450 823 571 878 ἣλιος.
636 824 834 881 μυστήρια
858 825 935 867 ἀπὸ
957 831 1027 880 τῆς
1051 825 1268 881 στερήσεως
1287 829 1359 865 τοῦ
1375 823 1539 877 μύσους,
1561 825 1646 866 ἀντὶ

234 896 306 932 τοῦ
335 889 561 945 ἁγιωσύνης.
633 890 848 942 Διόνυσος,
878 892 933 932 δι’
971 892 1015 932 ὃν
1041 890 1066 947 ἦ
1100 891 1225 933 νύσσα
1252 889 1291 943 (ὅ
1313 889 1514 946 καμπτῆρ)
1531 892 1596 932 καὶ
1619 888 1698 944 ἦ10

172 964 216 997 82
237 956 507 1012 περικίκλησις
524 960 595 998 τοῦ
611 955 769 1011 χρόνου.
848 956 1102 1013 Τέρπανδρός
1124 975 1164 1013 γε
1185 957 1264 1012 μὴν
1289 955 1309 998 ὃ
1331 957 1510 1008 Λέσβιος
1532 954 1646 998 Νύσ-

232 1040 307 1065 σαν
340 1024 438 1076 λέγει
463 1024 752 1076 τετιθηνηκέναι
771 1023 839 1064 τὸν
858 1023 1073 1074 Διόνυσον,
1107 1025 1174 1066 τὸν
1196 1021 1272 1064 ὑπό
1304 1040 1418 1064 τινων
1449 1020 1646 1076 Σαβάζιον

231 1087 539 1140 ὀνομαζόμενον,
572 1090 614 1128 ἔκ
637 1090 738 1138 Διὸς
761 1092 826 1130 καὶ
842 1089 1099 1146 Περσεφόνης
1115 1088 1339 1144 γενόμενον,
1369 1087 1450 1131 εἶτα
1469 1087 1545 1129 ὑπὸ
1568 1092 1646 1129 τιῦν

234 1153 413 1196 Τιτάνων
440 1157 732 1210 σπαραχθέντα.
817 1157 974 1211 φέρεται
1003 1158 1046 1197 δὲ
1074 1159 1143 1197 καί
1168 1173 1226 1204 τις
1249 1160 1382 1208 μῦθος
1405 1156 1492 1210 περὶ
1525 1154 1645 1196 αὐτοῦ

232 1222 333 1261 κατὰ
354 1222 420 1261 τὸν
435 1219 751 1276 Ἀπολλόδωρον,
786 1220 838 1269 εἷς
859 1223 914 1274 εἴη
934 1223 1098 1275 γεγονὼς
1119 1224 1159 1262 ἐκ
1181 1222 1280 1270 Διὸς
1303 1223 1366 1262 καὶ
1387 1222 1490 1274 Γῆς,
1518 1225 1588 1274 τῆς
1604 1221 1646 1261 δὲ
1660 1229 1701 1263 15

232 1288 270 1326 Γ
270 1291 313 1338 ἧς
329 1286 503 1338 Θεμέλης
522 1289 907 1341 προσαγορευομένης
924 1288 989 1328 διὰ
1003 1288 1047 1329 τὸ
1073 1290 1126 1336 εἷς
1141 1288 1262 1340 αὐτὴν
1279 1285 1405 1328 πάντα
1424 1290 1647 1338 καταθεμε-

231 1356 439 1399 λιοῢσθαι,
474 1351 522 1403 ἢν
549 1353 650 1392 κατὰ
678 1354 924 1407 συναλλαγὴν
953 1352 1038 1402 ἑνὸς
1064 1355 1274 1406 στοιχείου,
1307 1356 1377 1394 τοῦ
1403 1368 1441 1402 σ,
1475 1353 1648 1405 Σεμέλην

231 1419 268 1458 οἷ
296 1419 451 1470 ποιηταὶ
478 1417 828 1473 προσηγορεύκασι.
916 1420 1016 1461 κατὰ
1052 1420 1095 1459 δὲ
1137 1420 1229 1468 τοὺς
1267 1418 1431 1471 ποιητὰς
1459 1417 1649 1460 Διόνυσοι

230 1485 352 1532 πέντε,
387 1488 541 1538 πρῶτος
561 1484 661 1532 Διὸς
683 1486 746 1524 καὶ
763 1486 990 1534 Λυσιθέας,
1018 1484 1197 1540 δεύτερος
1216 1483 1236 1526 ὁ
1254 1486 1412 1534 Νείλου,
1448 1482 1468 1524 ὅ
1488 1485 1552 1525 καὶ
1569 1491 1648 1538 βα-

229 1548 412 1597 σιλεύσας
435 1547 599 1601 Λιβύης
629 1551 692 1590 καὶ
723 1552 945 1599 Αἰθιοπίας
978 1553 1042 1592 καὶ
1065 1551 1274 1606 Ἀραβίας,
1307 1551 1436 1606 τρίτος
1463 1551 1702 1606 Καβίρου20

230 1622 342 1664 παῖς,
383 1615 488 1663 ὅστις
516 1619 585 1667 τῆς
605 1615 737 1665 Ἀσίας
763 1618 1008 1669 ἐβασίλευσεν
1016 1648 1029 1666 ,
1064 1617 1142 1672 ἀφὂ
1165 1612 1211 1658 οἷ
1228 1615 1252 1670 ἡ
1271 1617 1470 1671 Καβιρικὴ
1491 1608 1646 1669 τελετή·

227 1681 411 1735 τέταρτος
441 1678 460 1721 ὃ
491 1681 591 1730 Διὸς
621 1683 684 1722 καὶ
717 1683 910 1735 Σεμέλης,
937 1678 968 1739 ᾧ
997 1682 1046 1724 τὰ
1068 1683 1246 1738 Ὀρφέως
1266 1681 1464 1736 μυστήρια
1486 1683 1645 1724 ἐτελεῖτο

229 1745 396 1803 καὶ·ὗφ’
430 1741 476 1787 οὗ
503 1745 605 1795 οἶνος
637 1746 856 1803 ἕκεράσθη·
893 1749 1066 1802 πέμπτος
1092 1747 1112 1789 ὅ
1137 1750 1263 1790 Νίσου
1296 1749 1360 1789 καὶ
1382 1746 1568 1801 Θυώνης,
1603 1747 1647 1796 ὃς

147 1862 162 1879 a
318 1839 362 1872 12
383 1838 537 1881 τεθῆναι
557 1838 637 1871 PV:
660 1851 737 1872 corr
759 1839 798 1873 S.
986 1842 1027 1874 19
1056 1837 1222 1874 ὁνεῖλαού
1246 1840 1290 1874 V.
1446 1840 1489 1872 21
1513 1850 1557 1872 an
1578 1834 1646 1878 ὅς’.)

315 1880 428 1921 Ἀσίας
446 1884 512 1916 add
537 1883 726 1916 Creuzerus
749 1886 792 1917 ad
817 1885 891 1918 Cic.
915 1885 959 1919 de
979 1885 1027 1919 N.
1050 1885 1095 1919 D.
1117 1886 1140 1920 3
1162 1886 1220 1920 23.
1309 1884 1355 1918 22
1381 1876 1412 1930 qi
1434 1884 1644 1918 Creuzems:

317 1927 398 1960 libri
421 1921 473 1961 ὦν
607 1926 767 1973 Σελήνης
792 1929 927 1964 Cicero.

227 2002 284 2035 ille
304 2002 510 2047 Mamurius,
542 2016 615 2038 cum
638 2005 812 2040 molestiae
841 2007 1004 2050 quaedam
1031 2006 1234 2040 accidissent
1255 2005 1436 2048 Romanis,
1462 2007 1646 2048 propterea

228 2049 318 2090 quod
343 2049 551 2092 primigeniis
576 2050 739 2084 ancilibus
764 2051 1027 2094 abstinuissent,
1055 2051 1183 2085 baculis
1206 2061 1386 2096 percussus
1407 2051 1492 2083 urbe
1515 2050 1645 2082 eiectus

229 2103 317 2124 esse.
366 2093 454 2124 hunc
475 2093 564 2126 diem
587 2095 803 2128 Metrodorus
822 2096 1003 2128 infaustum
1022 2096 1150 2138 prodit.

317 2136 373 2168 37.
418 2137 501 2170 Dies
528 2139 568 2171 17
584 2144 661 2171 ante
684 2140 843 2173 kalendas
866 2140 1000 2183 Apriles
1021 2140 1177 2174 feriatus.
1222 2138 1287 2172 hoc
1306 2137 1362 2172 die
1385 2138 1548 2171 Eudoxus
1565 2135 1645 2170 Pis-

229 2190 286 2211 ces
306 2179 388 2212 oriri
410 2185 445 2213 et
460 2182 604 2215 Boream
627 2184 710 2216 flare
728 2184 854 2227 prodit.

317 2224 374 2256 38.
419 2224 525 2258 Liber
539 2228 627 2269 apud
642 2229 811 2261 Romanos
827 2231 968 2260 vocatur
980 2228 1165 2271 Dionysus,
1184 2227 1278 2261 velut
1295 2224 1485 2269 ἐλεύθερος
1513 2224 1645 2267 (liber),

229 2268 265 2299 id
289 2273 342 2300 est
362 2267 437 2301 Sol.
483 2271 646 2312 mysteria
669 2283 688 2304 a
712 2272 904 2315 privatione
933 2272 1093 2315 sceleris,
1129 2284 1191 2316 pro
1220 2271 1414 2305 sanctitate.
1459 2269 1644 2311 Dionysus,

228 2323 292 2354 per
312 2322 409 2355 quem
431 2319 519 2346 meta
541 2320 575 2346 et
599 2315 723 2348 rotatio
750 2328 779 2350 s.
805 2317 981 2349 conversio
1007 2317 1182 2360 temporis.
1229 2316 1432 2358 Terpander
1451 2324 1533 2347 vero
1555 2313 1646 2345 Les-

228 2356 305 2388 bius
327 2368 346 2388 a
364 2358 480 2399 Nyssa
500 2357 583 2391 dicit
603 2360 762 2393 nutritum
782 2373 857 2393 esse
875 2360 1062 2403 Dionysum
1084 2372 1159 2393 eum
1177 2359 1235 2403 qui
1253 2371 1274 2392 a
1291 2357 1456 2391 nonnullis
1477 2356 1643 2390 Sabazius

228 2400 430 2443 nominatur,
452 2402 535 2434 Iove
557 2408 592 2435 et
608 2403 815 2447 Proserpina
835 2410 959 2446 natum,
982 2411 1060 2448 post
1081 2417 1100 2438 a
1121 2403 1302 2437 Titanibus
1327 2401 1534 2435 dilaniatum.
1570 2401 1642 2433 fer-

230 2449 286 2476 tur
306 2450 416 2477 autem
438 2451 473 2478 et
492 2446 605 2479 fabula
629 2450 792 2490 quaedam
816 2450 858 2482 de
880 2460 932 2490 eo,
959 2454 1096 2482 auctore
1119 2447 1334 2492 Apollodoro,
1361 2446 1457 2489 quasi
1478 2449 1576 2478 natus
1598 2444 1645 2477 sit

228 2488 312 2520 Iove
331 2495 366 2521 et
384 2489 532 2532 Tellure,
551 2502 624 2523 cum
642 2492 801 2526 videlicet
817 2492 934 2526 Tellus
953 2493 1116 2526 Themele
1135 2491 1333 2536 appelletur,
1352 2495 1535 2534 propterea
1552 2489 1643 2532 quod

228 2532 264 2564 in
288 2544 328 2564 ea
356 2534 466 2567 omnia
487 2535 692 2576 fundantur3
726 2548 824 2579 quam
857 2542 1057 2569 commutata
1082 2548 1148 2569 una
1170 2536 1270 2568 litera
1293 2534 1319 2565 S
1341 2533 1498 2567 Semelen
1520 2533 1643 2577 poetae

227 2576 450 2618 appellarunt.
497 2591 538 2612 ex
556 2581 729 2622 poetarum
751 2586 861 2614 autem
882 2581 1052 2614 sententia
1070 2580 1215 2622 Dionysi
1236 2579 1383 2622 quinque
1400 2583 1490 2620 sunt,
1515 2577 1642 2629 primus

228 2631 248 2651 e
267 2621 348 2652 love
369 2629 403 2654 et
419 2623 584 2664 Lysithea
601 2629 716 2664 natus;
736 2626 903 2658 secundus
921 2625 1014 2666 Nilo,
1035 2625 1093 2668 qui
1112 2630 1147 2657 et
1164 2624 1297 2665 Libyae
1317 2629 1352 2655 et
1368 2621 1570 2665 Aethiopiae
1588 2625 1641 2653 at—

227 2675 293 2705 que
312 2666 457 2699 Arabiae
477 2678 539 2700 rex
562 2668 647 2708 fuit3
672 2669 793 2702 tertius
819 2669 945 2702 Cabiro
969 2674 1078 2712 patre,
1103 2668 1160 2711 qni
1183 2668 1218 2700 in
1238 2667 1320 2700 Asia
1340 2666 1510 2709 regnavit,
1531 2676 1550 2698 a
1574 2675 1640 2716 quo

226 2707 324 2741 inilia
345 2711 502 2744 Cabirica
522 2718 602 2745 sunt
617 2712 789 2754 instituta3
813 2718 951 2756 quartus
976 2714 1058 2746 Iove
1079 2718 1115 2745 et
1137 2711 1282 2752 Semele,
1304 2711 1358 2743 cui
1375 2721 1472 2743 sacra
1490 2708 1642 2752 Orpluca

228 2754 460 2799 conficiuntur,
483 2767 502 2789 a
520 2766 586 2799 quo
605 2762 640 2790 et
659 2757 773 2791 vinum
790 2757 927 2791 mixtum
947 2762 1018 2799 est3
1040 2756 1175 2801 quintus
1197 2756 1283 2790 Niso
1308 2760 1406 2789 natus
1428 2758 1465 2788 et
1481 2753 1640 2797 Thyone,
