1748 3210
206 189 303 236 214
424 169 427 171 ’
729 188 948 231 mamus
982 186 1114 230 mm

208 300 303 345 εἶναι
326 299 586 356 βούλονται),
614 298 728 343 ἔνθεν
754 305 836 348 τοῖς
863 295 1071 352 ὅτεδῆποτε
1092 300 1246 352 ζητοῦσι
1262 316 1312 342 τα
1329 298 1535 356 ὅτεδῆποτε
1553 319 1623 345 πε-

206 370 411 425 πραγμένα
432 367 625 420 σύντομος
647 369 733 421 περὶ
754 366 827 419 τὴν
848 364 998 420 εὕρεσιν
1019 366 1196 406 εὐκολία·
1230 367 1271 415 ἐξ
1301 367 1430 410 αὖτῶν
1449 369 1525 425 γὰρ
1546 374 1626 411 τῶν

205 436 394 492 ῥεγέστων
412 437 474 475 καὶ
496 436 747 475 κοττιὸιανῶν
767 431 792 484 ἦ
812 430 977 485 δύναμις
994 435 1073 473 τῶν
1090 433 1368 486 πεπραγμένων
1388 433 1625 489 ἐγινώσκετο.

203 506 356 543 θᾶττον
379 501 421 542 δὲ
441 499 461 541 ὃ
482 505 553 553 τῆς
575 498 721 550 τάξεως
741 497 1105 555 ἶνστρουμεντάριος
1126 496 1339 551 λαμβάνων
1362 501 1439 542 ἀπὸ
1465 506 1543 543 τῶν
1569 503 1625 555 ἇβ

205 567 335 618 ἄκτις,
369 567 437 608 τὸν
464 565 609 622 χρόνον
631 568 696 607 καὶ
715 565 783 608 τὸν
803 565 954 607 ὕπατον
974 567 1014 607 ἓν
1034 563 1206 621 ἐπιτόμῳ
1227 565 1503 619 σημειούμενος
1525 569 1657 624 πρὸς-5

204 640 363 687 ταχεῖαν
383 631 599 686 ἀνάμνησιν
618 632 734 689 λόγῳ,
767 637 918 675 θᾶττον
937 631 1204 686 ἀπηλλάττετο
1222 629 1363 674 πόνων.
1431 636 1627 676 καὶτοῦτο

203 700 275 754 μὲν
299 700 344 742 τὸ
369 699 609 752 θαυμαστὸν
631 699 835 755 γνώρισμα
855 703 925 753 τῆς
947 699 1125 748 εὐταξίας
1148 697 1358 755 ἐπράττετο
1383 699 1484 753 μετὰ
1505 715 1630 743 σπου-

205 769 301 820 δῆς,
336 768 401 808 καὶ
431 771 510 815 πᾶς
537 766 674 822 καιρὸς
696 773 779 816 τοῖς
800 767 1012 822 ἐφημέροις
1036 763 1227 822 ἐγράφετο
1234 797 1248 817 ,
1281 767 1383 821 μηδὲ
1401 770 1480 810 τῶν
1499 765 1632 824 ἀπρά-

204 849 308 875 κτων
338 831 498 888 ἡμερῶν
531 834 940 888 παραλιμπανομένων
973 839 1056 882 τοΐς
1094 831 1391 890 ἀναγράφουσιν
1401 865 1415 885 ,
1448 833 1540 875 ἀλλ’
1575 832 1633 876 ἔτι

204 901 272 941 καὶ
294 899 367 949 τὰς
385 901 513 948 αῗτίας
535 894 589 940 ὧν
608 901 717 941 ἕνεκα
738 900 863 955 ἀργὰς
881 899 1005 948 αὐτὰς
1022 898 1117 942 εἶναι
1139 901 1362 952 συνέβαινεν
1379 899 1631 957 ἅναγραφῦν-
1643 907 1687 943 10

203 982 296 1008 των.
362 967 428 1007 καὶ
452 971 567 1007 τοῦτο
589 967 661 1019 μὲν
681 966 919 1019 θαυμαστὸν
938 961 1010 1019 ἦν,
1042 964 1068 1019 ἦ
1091 967 1134 1007 δὲ
1150 971 1229 1007 τῶν
1249 968 1464 1022 λεγομένων
1488 983 1634 1023 περσο-

203 1033 349 1074 ναλίων
373 1032 584 1089 ἀναγραφὴ
606 1033 750 1082 παντὸς
771 1034 928 1074 ἐπαίνου
950 1034 1133 1088 κρείττων
1148 1034 1306 1082 δικαίως
1325 1035 1529 1086 ἐνομίζετο.
1562 1034 1637 1083 τὰς

203 1099 282 1154 γὰρ
316 1098 543 1153 διαγνώσεις
574 1101 830 1155 περιέφραζεν
846 1100 1027 1140 Ἰταλιστὶ
1050 1097 1070 1140 ὅ
1093 1103 1172 1140 τῶν
1192 1098 1452 1154 βοηθούντων
1469 1099 1635 1155 λογικώ-

204 1181 325 1214 τατος
349 1164 453 1206 οὕτω
483 1165 586 1206 κατὰ
615 1165 755 1206 λεπτὸν
789 1164 910 1214 ὥστε,
944 1164 1017 1205 κᾶν
1044 1166 1078 1206 εἰ
1102 1165 1220 1218 τυχὸν
1238 1167 1543 1222 παραπολέσθαι
1563 1166 1636 1220 τὴν

205 1230 415 1285 διάγνωσιν
438 1232 581 1284 συνέβη
604 1231 718 1281 ποτέ,
749 1233 791 1280 ἐξ
813 1231 935 1283 αὐτῆς
955 1229 1079 1284 μόνης
1095 1235 1167 1284 τῆς
1185 1231 1480 1289 παραφράσεως
1499 1235 1564 1275 καὶ
1582 1231 1636 1283 ὡς
1646 1240 1688 1276 15

204 1295 497 1346 ὖποτυπώσεως
520 1293 641 1347 αὖθις
665 1296 864 1339 δύνασθαι
887 1301 1026 1351 στῆναι
1046 1296 1118 1350 τὴν
1139 1295 1362 1352 διάγνωσιν.
1428 1301 1493 1340 καὶ
1520 1304 1636 1342 τοῦτο

205 1364 366 1417 συμβὰν
399 1364 475 1419 ἐγὼ
510 1364 628 1414 αὐτὸς
662 1365 950 1418 διαμέμνημαν
1003 1362 1251 1419 διαγνώσεως
1280 1365 1356 1420 γὰρ
1390 1366 1639 1420 εἶσαχθείσης

204 1431 302 1485 μέν,
337 1435 416 1473 τῶν
442 1431 485 1472 δὲ
514 1431 580 1472 ἐπ’
613 1431 714 1487 αὐτῇ
742 1431 1001 1487 πραχθέντων
1025 1431 1206 1484 οὐδαμοῦ
1231 1433 1494 1486 φαινομένων,
1530 1434 1640 1475 εἷσα-

205 1497 374 1550 χθέντος
393 1498 455 1538 ἐπὶ
480 1503 550 1551 τῆς
569 1497 693 1553 ἀρχῆς
713 1503 785 1540 τοῦ
806 1498 1012 1552 λεγομένου
1037 1498 1294 1553 περσοναλίου
1319 1498 1409 1552 ἔστη
1431 1497 1640 1553 διάγνωσις

208 1564 298 1606 κατ’
337 1565 451 1605 οὐδὲν
479 1565 678 1606 ἐνδέουσα.
745 1566 810 1605 καὶ
831 1565 889 1613 τίς
911 1563 981 1605 οὔκ
1005 1563 1054 1604 ἂν
1074 1562 1315 1620 ἓπιὸακρύσῃ
1336 1569 1415 1607 τῶν
1437 1566 1638 1620 ἐγκωμίων
1647 1572 1692 1606 20

209 1631 265 1679 εἷς
290 1629 449 1684 μνήμην
476 1629 704 1686 ἐρχόμενος,
740 1628 800 1679 οἷς
817 1628 914 1685 ὑπὲρ
933 1634 1003 1683 τῆς
1019 1628 1165 1680 τάξεως
1182 1633 1247 1671 καὶ
1267 1635 1346 1673 τῶν
1365 1631 1553 1674 τοιούτων
1567 1636 1639 1686 τῆς

208 1696 351 1752 ἀρετῆς
375 1695 658 1752 γνωρισμάτων
683 1695 876 1752 ἐχρήσατο
901 1695 1060 1752 Σέργιός
1080 1714 1121 1738 τε
1141 1695 1162 1738 ὃ
1185 1697 1310 1747 πολὺς
1327 1700 1393 1740 καὶ
1412 1696 1599 1754 Πρόκλος
1617 1697 1640 1740 ὅ

209 1762 458 1813 δικαιότατος
481 1762 753 1820 Τριβωνιανός
771 1780 811 1806 τε
829 1761 850 1805 ὃ
871 1764 1246 1817 πολυμαθέστατος,
1280 1759 1335 1807 ὧν
1365 1763 1385 1806 ὁ
1413 1766 1486 1818 μέν
1508 1764 1640 1821 ὕπαρ-

296 1902 322 1935 2
343 1898 526 1941 εὐκολίας·
558 1898 596 1943 ἐξ
613 1897 737 1937 αὐτῶν
759 1900 834 1936 τῶν
853 1898 923 1953 γὰρ
941 1899 1121 1945 ῥηγέστων
1143 1900 1186 1937 C.
1366 1900 1390 1937 4
1412 1899 1432 1938 ὁ
1450 1901 1551 1947 vulgo
1571 1913 1639 1937 om.

301 1947 344 1981 13
365 1945 508 1980 Ἰταλίδι
531 1947 648 1991 vulgo.
786 1948 828 1982 19
850 1947 924 1981 εστὶ
945 1946 1060 1991 vulgo.

210 2067 334 2112 quibus
365 2069 635 2114 quandocunque
663 2069 905 2114 quaerentibus
935 2069 1205 2115 quandocunque
1234 2072 1311 2103 acta
1339 2067 1442 2104 facile
1473 2068 1640 2113 brevique

208 2112 451 2146 inveniuntur:
487 2125 530 2146 ex
551 2114 637 2158 ipsis
656 2115 745 2148 enim
762 2115 908 2158 regestis
929 2121 964 2148 et
986 2115 1166 2148 cotidianis
1189 2119 1340 2149 actorum
1362 2125 1489 2147 summa
1516 2125 1639 2147 nosce-

209 2158 322 2191 batur.
370 2168 459 2201 quae
477 2168 551 2191 cum
570 2159 678 2192 officii
702 2159 998 2193 instrumentarius
1016 2162 1058 2194 ab
1077 2166 1227 2193 actorum
1249 2159 1455 2211 praepositis
1475 2158 1641 2204 sumpsis-

211 2206 288 2244 set,
322 2206 455 2246 tempus
476 2207 511 2235 et
531 2204 701 2237 consulem
722 2205 765 2237 ad
785 2204 928 2237 celerem
954 2205 1146 2238 memoriam
1166 2205 1366 2248 compendio
1390 2203 1554 2237 citissime
1577 2214 1639 2236 no-

210 2247 321 2280 tabat.
368 2253 403 2279 et
424 2247 488 2280 hoc
506 2247 653 2290 quidem,
678 2248 877 2282 admirabile
899 2248 1101 2294 disciplinae
1117 2248 1297 2291 indicium,
1320 2248 1502 2292 diligenter
1522 2248 1642 2290 fiebat,

212 2295 248 2324 et
270 2302 368 2324 omne
399 2295 530 2336 tempus
552 2292 587 2325 in
611 2292 791 2326 cotidianis
826 2294 1027 2335 notabatur3
1064 2306 1104 2328 ac
1132 2305 1175 2327 ne
1207 2298 1369 2327 vacantes
1405 2292 1539 2336 quidem
1568 2292 1642 2325 dies

210 2335 461 2380 perscriptores
488 2335 708 2379 omittebant,
739 2349 858 2371 causas
882 2349 1036 2382 quoque,
1066 2350 1172 2383 quare
1193 2349 1318 2371 vacare
1339 2349 1397 2370 eos
1417 2336 1642 2380 contingeret,

212 2385 427 2414 annotantes.
475 2386 510 2414 et
531 2381 596 2415 hoc
613 2382 748 2425 quidem
766 2382 963 2416 admirabile
985 2388 1076 2416 erat:
1099 2381 1326 2428 personalium
1344 2392 1446 2424 vero,
1472 2391 1559 2425 quae
1578 2391 1643 2414 vo-

213 2429 312 2467 cant,
353 2425 558 2471 perscriptio
593 2426 715 2469 quavis
746 2426 843 2460 laude
875 2427 981 2460 maior
1010 2429 1085 2462 iure
1116 2427 1386 2460 existimabatur.
1431 2425 1643 2468 cognitiones

213 2469 343 2514 quippe
365 2470 555 2504 adiuturum
577 2470 826 2504 literatissimus
856 2472 980 2505 Latino
1013 2483 1168 2506 sermone
1191 2476 1259 2504 tam
1282 2474 1440 2504 accurate
1462 2469 1640 2503 circumlo-

213 2525 321 2558 quens
344 2515 526 2558 efferebat,
551 2520 607 2558 ut,
631 2515 712 2548 licet
733 2516 823 2549 forte
845 2516 959 2560 perire
983 2517 1162 2562 aliquando
1181 2515 1407 2559 cognitionem
1429 2514 1643 2558 contigisset,

214 2570 258 2591 ex
280 2558 356 2602 ipsa
377 2559 450 2592 sola
471 2560 672 2604 paraphrasi
691 2564 726 2593 et
749 2560 847 2604 quasi
869 2561 1099 2606 descriptione
1121 2560 1258 2594 restitui
1277 2564 1415 2605 posset;
1439 2560 1530 2604 quod
1550 2558 1641 2592 acci-

214 2603 307 2637 disse
331 2609 463 2647 egomet
485 2604 638 2638 memini:
674 2604 868 2639 introducta
898 2606 987 2639 enirn
1011 2605 1224 2650 cognitione,
1257 2616 1332 2638 cum
1361 2615 1448 2650 quae
1473 2614 1578 2649 super
1599 2613 1642 2637 ea

214 2653 291 2681 acta
312 2653 392 2681 sunt
413 2659 576 2693 nusquam
598 2655 783 2693 apparent,
806 2650 899 2684 illato
918 2651 953 2684 in
971 2652 1220 2694 praefecturam
1239 2648 1429 2694 personali,
1451 2652 1490 2682 ut
1506 2652 1641 2690 vocant,

214 2692 365 2735 cognitio
390 2693 491 2727 datur
511 2693 600 2728 nulla
621 2694 657 2727 in
679 2705 718 2728 re
741 2706 872 2729 manca.
917 2706 957 2728 ac
980 2696 1057 2739 quis
1079 2706 1147 2728 non
1170 2694 1349 2728 illacrimet
1365 2693 1499 2727 laudum
1515 2702 1640 2726 memo-

214 2736 299 2770 riam
326 2743 503 2781 repetens,
536 2738 632 2784 queis
668 2739 817 2773 officium
847 2744 883 2774 et
905 2739 988 2773 talia
1018 2739 1156 2773 virtutis
1188 2742 1403 2772 monumenta
1424 2737 1643 2771 celebravere

215 2781 421 2818 clarissimus
446 2783 590 2829 Sergius
620 2788 656 2819 et
685 2783 889 2821 iustissimus
919 2784 1061 2820 Proclus
1097 2788 1133 2820 et
1158 2783 1372 2821 doctissimus
1399 2779 1641 2823 Tribonianus,
