1748 3210
648 162 722 203 DE
758 161 1042 205 OSTENTIS.
1309 190 1311 193 >
1472 160 1567 206 279

91 290 105 299 ⁸
123 285 202 314 ταν
229 268 427 320 πλέοντες
451 266 626 325 Ἑλένην
662 274 887 314 καλοῦσιν.
944 267 1050 312 ἄλλα
1085 265 1312 312 κάνταῦθα
1342 265 1395 309 τὰ
1424 266 1466 318 ἐξ
1493 266 1570 310 αὖ·

123 343 197 393 τῆς
222 334 251 391 ἡ
278 334 465 390 πρόνοια
494 338 705 380 δείκνυσι·
757 336 838 381 δύο
874 335 957 391 γὰρ
988 334 1162 389 ἀστέρες
1190 333 1325 385 εὐθύς
1353 333 1570 390 κατασκή-

121 413 278 446 πτουσι
305 406 380 457 τῆς
406 402 609 459 τοιαύτης
638 406 800 459 φορᾶς,
841 402 918 455 οὓς
947 400 1154 458 Κάστορα
1180 401 1254 446 καὶ
1283 399 1568 456 Πολυδεύκην

119 471 354 525 καλοῦσιν,
393 472 436 513 οἳ
472 473 730 526 παραχρῆμα
758 470 870 526 πρός
899 470 1046 527 φυγήν
1074 469 1153 526 τήν
1181 467 1414 524 λεγομένην
1443 465 1568 510 ἐλαύ-

86 544 260 590 5νουσι.
315 536 367 580 τοὶ
397 537 443 581 δὲ
470 542 557 580 τῶν
587 539 790 592 ἱστοριῶν
822 536 880 594 μή
909 539 982 581 καὶ
1009 538 1206 591 περιττὸν
1235 536 1283 580 ἐν
1307 534 1413 590 ὑμῖν
1442 528 1473 591 ᾗ
1498 533 1568 578 λε’-

115 619 228 659 γειν,
260 603 318 655 ὥς
345 603 414 647 ἐπὶ
443 608 634 661 κεφαλῆς
659 603 866 656 πολλάκις
894 603 1146 659 ἀνθρώπων
1177 605 1419 657 διοσημεῖαι
1445 600 1568 656 γεγό-

116 682 265 723 νασιν,
294 670 364 715 ἐπί
390 687 436 715 τε
463 675 537 728 τῆς
561 670 786 715 Ἀσκανίου
815 671 890 715 καὶ
918 673 1110 727 Σερβίου
1145 670 1318 714 Τύλλου
1333 672 1413 713 τοῦ
1435 667 1568 724 ῥηγὸς

113 738 188 782 καὶ
221 740 559 782 Κωνσταντίνου
596 742 677 782 τοῦ
713 740 793 794 τήν
828 737 1017 795 μεγάλην
1052 737 1213 794 ταύτην
1242 735 1568 793 συστησαμένου

113 803 256 848 πόλιν.
315 802 381 857 οἷς
420 804 555 849 ἅπασι
590 804 640 849 τό
677 805 756 861 μὲν
795 808 869 862 τῆς
907 806 1125 862 βασιλείας
1153 804 1354 848 ἐντεῦθεν
1383 819 1565 859 κατεμη-

62 884 104 917 10
115 872 240 917 νύετο
269 873 450 928 κράτος,
481 873 535 917 οὐ
563 874 649 930 μήν
673 873 890 928 εἰρηνικὸν
919 872 1023 915 οὐδὲ
1051 871 1234 927 ἥσυχον,
1263 868 1372 913 ἄλλα
1396 871 1567 925 μυρίων

113 939 230 995 γέμον
256 943 396 983 κακῶν
425 938 574 990 αὐτοῖς
602 955 646 982 τε
681 939 861 988 ἐκείνοις
887 938 960 980 καὶ
986 943 1064 982 τοῖς
1086 935 1164 980 ὑπ’
1189 933 1340 980 αὐτούς
1363 938 1565 989 ἐσομένοις,

111 1009 279 1063 μᾶλλον
316 1008 356 1045 δὲ
387 1010 450 1045 καὶ
482 1005 612 1049 πλέον
649 1005 850 1056 ἐκείνοις,
893 1003 968 1055 ὅσῳ
997 1007 1059 1043 καὶ
1088 1005 1251 1042 ἐλάττοσι
1278 1001 1426 1058 τύχαις
1454 1006 1565 1053 παρὰ

110 1073 209 1124 το“υ“ς
236 1075 521 1129 βασιλεύοντας
549 1072 598 1115 τὸ
627 1070 810 1128 ὑπήκοον
836 1077 985 1128 χρῆται·
1051 1069 1259 1122 Ἀσκάνιος
1296 1072 1367 1127 μὲν
1402 1069 1485 1126 γὰρ
1515 1069 1565 1113 ἐν

102 1140 209 1190 Ἀλβῃ
249 1139 326 1196 τήν
362 1141 559 1195 μητρυιὰν
598 1164 908 1178 .............
948 1139 1021 1182 καὶ
1056 1138 1136 1194 τὴν
1173 1141 1455 1193 προσηγορίαν
1495 1142 1564 1185 τῆς

57 1209 252 1251 15πόλεως
288 1232 398 1245 .....
469 1207 488 1244 ὁ
532 1207 573 1245 δέ
617 1221 656 1254 γε
706 1204 868 1255 Τύλλος
921 1204 1034 1249 οὕτω
1083 1205 1283 1259 πολέμων
1330 1202 1410 1260 τήν
1459 1206 1564 1243 πόλιν

107 1271 326 1321 ἐπλήρωσεν
353 1271 454 1315 ὥστε
481 1272 539 1327 μὴ
568 1274 806 1327 δυνηθῆναι
834 1275 910 1329 τῆς
937 1270 1026 1314 ὑπό
1047 1274 1210 1326 Νουμᾶ
1230 1271 1565 1327 κατασταθείσης

108 1341 268 1394 εἰρήνης
308 1337 547 1393 Ῥωμαίους
594 1337 832 1381 ἀπολαῦσαι.
899 1339 996 1394 περὶ
1032 1339 1078 1382 δὲ
1117 1339 1445 1381 Κωνσταντίνου
1483 1353 1563 1392 μα-

107 1409 339 1461 κρηγορεῖν
371 1404 452 1448 οὐκ
481 1404 731 1461 ἀναγκαῖον,
771 1405 811 1449 ἐν
850 1410 1008 1457 βιβλίοις
1039 1406 1119 1463 τήν
1149 1406 1322 1462 μνήμην
1351 1407 1435 1449 τῶν
1463 1404 1562 1460 περὶ

107 1471 244 1517 αὐτὸν
272 1476 570 1528 συμβεβηκότων
597 1472 770 1528 ἐχόντων
798 1474 923 1521 ἡμῶν.

53 1553 98 1587 20
219 1546 259 1584 6.
317 1567 330 1579 ·
363 1540 569 1590 πολλάκις
598 1540 643 1583 δὲ
672 1540 742 1582 καὶ
773 1541 958 1597 σπινθήρ
994 1540 1158 1598 βραχύς
1186 1540 1234 1584 ἐκ
1260 1539 1469 1596 μετεώρων
1496 1557 1558 1579 κα-

106 1608 349 1662 ταφέρεσθαι
376 1605 504 1658 δόξας
533 1605 602 1648 ἐπὶ
629 1609 704 1661 τῆς
731 1611 831 1662 γῆς,
871 1606 960 1651 εἶτα
997 1608 1039 1660 ἐξ
1074 1606 1308 1659 ἐπιδόσεως
1338 1609 1394 1652 εἰς
1421 1610 1559 1650 κύκλον

106 1673 198 1717 τινὰ
226 1673 403 1729 σελήνης
433 1672 588 1728 ὅμοιον
618 1673 729 1722 ὤφθη
760 1676 1000 1726 δισκωθείς.
1058 1678 1212 1726 τοῦτο,
1247 1674 1351 1729 ὅπερ
1381 1674 1559 1729 ἔναγχος

105 1740 302 1797 γέγονεν,
348 1739 403 1784 οὐ
441 1741 624 1798 μετρίων
657 1743 909 1797 προδοσιῶν
936 1757 980 1785 τε
1007 1741 1080 1784 καὶ
1109 1744 1251 1797 τυχῶν
1279 1739 1558 1797 παρεδήλωσε

194 1861 217 1900 4
237 1867 388 1900 fortasse
409 1863 479 1908 τὴν
501 1863 692 1909 λεγομένην
713 1863 868 1912 Ἑλένην.
891 1866 941 1900 Η.
1034 1866 1054 1899 5
1082 1863 1121 1899 ἓν
1141 1863 1230 1911 ἡμῖν
1253 1865 1282 1900 C
1295 1893 1306 1910 ,
1329 1860 1376 1900 ἄν
1395 1862 1485 1911 ἡμῖν
1506 1864 1554 1898 Η.

194 1912 243 1946 cf.
268 1910 361 1956 πρὸς
383 1909 480 1955 ’ὑμᾶς
502 1925 537 1957 p.
558 1912 626 1946 276
654 1913 712 1946 23.
860 1913 902 1947 19
926 1923 969 1946 an
987 1907 1123 1954 ὑμῶν’.)

103 2037 241 2070 quoque
270 2036 367 2059 suum
397 2036 520 2058 numen
551 2029 718 2058 monstrat
749 2025 989 2069 providentia:
1021 2037 1098 2059 nam
1130 2025 1221 2059 illico
1251 2025 1289 2059 in
1317 2025 1409 2059 hunc
1428 2027 1557 2059 motum

103 2071 224 2105 stellae
248 2072 336 2104 duae
359 2071 562 2104 deseruntur
586 2071 791 2110 (Castorem
815 2078 851 2104 et
872 2071 1046 2104 Pollucem
1068 2071 1289 2115 nominant),
1325 2082 1414 2116 quae
1441 2083 1461 2104 e
1488 2082 1551 2104 ve-

102 2116 209 2161 stigio
233 2116 324 2150 illam
348 2127 436 2160 quae
466 2115 658 2160 appellatur
685 2116 818 2150 Helena
839 2116 875 2149 in
898 2118 1013 2161 fugam
1040 2123 1158 2160 agunt.
1207 2130 1250 2151 ex
1271 2117 1418 2151 historia
1441 2122 1554 2150 autem

104 2174 229 2196 vereor
246 2174 290 2196 ne
300 2173 600 2206 ‘supervacaneum
621 2161 668 2194 sit
686 2174 705 2195 a
732 2163 777 2195 ud
800 2174 862 2196 nos
885 2162 1002 2196 dicere
1022 2163 1058 2195 in
1082 2162 1253 2207 capitibus
1277 2163 1449 2196 hominum
1474 2174 1554 2195 sae-

103 2219 289 2252 penumero
313 2207 496 2251 praesagia
523 2207 637 2249 facta,
666 2175 762 2241 vefut
786 2207 822 2241 in
843 2208 1003 2251 Ascanii,
1035 2209 1071 2242 in
1091 2209 1208 2242 Servii
1232 2209 1340 2242 Tullii
1365 2208 1482 2252 regis,
1515 2207 1554 2240 in

106 2252 345 2296 Constantini,
369 2253 429 2297 qui
448 2252 590 2297 amplam
615 2253 702 2286 hanc
725 2254 899 2288 civitatem
921 2253 1112 2288 constituit.
1161 2254 1285 2299 quibus
1309 2254 1463 2288 omnibus
1488 2253 1553 2286 im-

104 2298 194 2344 perii
226 2310 310 2343 opes
340 2298 421 2332 inde
448 2299 763 2343 portendebantur,
796 2312 860 2333 nec
888 2306 1001 2333 tamen
1034 2301 1148 2344 pacati
1173 2306 1232 2334 aut
1256 2299 1457 2343 tranquilli,
1491 2298 1555 2332 sed

102 2344 227 2378 referti
253 2343 507 2378 calamitatibus
536 2343 701 2388 infinitis,
731 2345 968 2389 affligentibus
991 2357 1066 2379 cum
1089 2346 1203 2390 ipsos,
1237 2353 1309 2379 tum
1333 2346 1468 2378 futuros
1488 2345 1552 2377 sub

102 2389 210 2434 ipsis:
242 2402 284 2423 eo
316 2389 425 2434 magis
457 2395 573 2424 tamen
606 2395 640 2423 et
672 2391 812 2434 gravius
845 2392 926 2434 hos,
958 2403 1024 2435 quo
1054 2392 1194 2425 duriore
1217 2402 1318 2435 quam
1341 2391 1553 2435 imperantes

101 2436 242 2470 fortuna
262 2436 453 2470 subiect-um
475 2436 598 2480 vulgus
620 2436 708 2470 solet
731 2436 936 2470 conflictari.
984 2437 1151 2470 Ascanius
1178 2437 1268 2470 enim
1295 2436 1402 2470 Albae
1423 2446 1551 2468 nover-

101 2492 176 2515 cam
195 2505 477 2516 .............
501 2488 536 2516 et
562 2493 684 2515 nomen
707 2493 843 2527 quoque
863 2483 915 2516 rei
944 2483 1103 2527 publicae
1123 2481 1328 2516 immutavit.
1374 2486 1444 2515 tum
1463 2480 1551 2514 Tul-

102 2525 154 2560 lus
177 2527 263 2560 adeo
287 2528 406 2562 urbem
426 2527 525 2562 bellis
549 2528 706 2572 miscuit,
735 2534 774 2561 ut
804 2529 987 2572 nequirent
1014 2528 1160 2561 Romani
1194 2526 1369 2561 stabilitae
1396 2539 1417 2560 a
1439 2527 1554 2560 Numa

102 2572 198 2616 pacis
220 2573 367 2607 fructum
396 2573 499 2607 ullum
529 2585 666 2617 capere.
714 2574 758 2606 de
790 2574 1017 2607 Constantino
1043 2574 1192 2618 denique
1220 2572 1402 2606 verbosius
1436 2572 1554 2605 dicere

104 2617 186 2662 quid
210 2618 354 2662 attinet,
375 2623 450 2653 cuin
472 2620 688 2654 fortunarum
711 2618 822 2664 ipsius
843 2619 1039 2654 memoriam
1061 2619 1226 2653 librorum
1248 2618 1473 2652 monumentis
1496 2623 1552 2651 te-

101 2667 226 2697 statam
248 2663 463 2699 habeamus?

192 2709 228 2743 6.
275 2709 390 2754 Saepe
413 2722 551 2755 quoque
572 2711 721 2745 scintilla
744 2710 888 2755 exigua,
926 2723 946 2745 e
969 2710 1078 2744 stellis
1102 2710 1139 2743 in
1161 2714 1289 2744 terram
1319 2709 1443 2742 cadere
1463 2708 1555 2751 visa,

102 2753 222 2798 ibique
249 2759 350 2788 aucta
371 2755 409 2790 in
431 2758 548 2790 orbem
572 2757 674 2791 lunae
701 2757 952 2801 magnitudine,
977 2756 1182 2801 conglobata
1205 2754 1331 2789 illuxit.
1378 2754 1435 2798 id,
1462 2755 1555 2798 quod

103 2810 214 2845 nuper
231 2801 375 2835 obvenit
386 2828 396 2846 ‚
418 2802 510 2838 haud
526 2802 751 2838 communium
770 2802 1002 2849 proditionum
1020 2814 1228 2848 casuumque
1244 2800 1433 2848 periculum
1450 2811 1554 2846 prae-
