1748 3210
259 203 397 235 xxvm
636 192 779 237 HASII
809 193 883 237 DE
915 193 1122 238 IOANNE
1149 194 1300 239 LYDO

261 323 379 370 1702,
397 320 434 369 4,
461 335 501 373 Ρ.
517 320 648 373 249),
678 334 755 375 quo
785 337 836 362 ex
861 323 996 362 codice
1018 322 1094 362 hoc
1117 324 1378 375 fragmentum
1403 324 1571 366 edidisse
1595 341 1681 367 sese

260 387 463 426 Schowius
487 389 542 427 ait
565 388 657 427 edit.
682 390 773 427 libri
800 389 848 427 de
875 391 1076 428 mensibus
1103 405 1143 442 Ρ.
1165 392 1256 432 130.
1310 393 1362 443 2)
1390 394 1510 432 altero
1533 395 1681 434 Veneto

92 482 126 514 p,
150 479 239 504 xmv
265 454 367 503 324,
397 468 514 506 quem
535 469 650 506 supra
670 455 774 493 dixi:
803 457 858 493 ibi
876 456 1022 507 legitur
1038 457 1106 494 fol.
1127 460 1207 499 287
1224 459 1432 501 verso-288
1449 473 1568 498 verso.

183 520 237 558 20
373 523 552 559 Tertium
580 523 844 573 fragmentum
868 521 961 561 libri
980 521 1027 560 de
1048 525 1234 572 Ostentis,
1262 523 1380 576 idque
1400 538 1537 576 graece
1554 525 1683 564 inedi-

261 593 363 636 tum,
393 589 663 626 kalendariam
681 596 738 626 est
750 617 760 637 ‚
791 587 838 626 de
859 602 1014 627 recessu
1030 591 1386 643 reversionibusque
1404 591 1593 641 siderum,
1622 594 1683 630 illi

261 666 341 690 nou
371 653 558 692 dissimile
586 654 692 706 quod
709 654 837 693 Ovidii
859 656 984 694 Fastis
1003 656 1162 707 praefigi
1180 657 1290 694 solet.
1345 655 1388 694 id
1411 655 1682 714 kalendarium

262 721 476 757 subiecerat
494 720 628 772 Lydus
649 728 824 758 extremo
850 734 922 759 suo
944 723 1063 770 libr03
1091 730 1211 774 utque
1230 723 1430 773 fulgurum
1444 726 1683 762 notationem
1747 767 1748 770 Ἰ

261 798 314 822 ex
342 785 497 836 Nigidio
524 787 682 836 Figulo,
711 787 767 823 ita
794 788 998 826 stellarum
1021 801 1072 825 ex
1089 788 1249 826 Claudio
1267 790 1398 828 Tusco
1417 790 1486 827 illo
1505 792 1684 842 sumpsit,

260 852 329 902 qui
348 865 370 888 a
390 852 524 890 Servio
541 851 591 890 ad
611 851 778 890 Aeneid.
802 854 856 894 12
884 855 963 896 647
993 853 1082 906 (ed.
1100 857 1314 892 Burmann.
1339 862 1368 893 t.
1389 853 1436 904 4,
1465 857 1687 894 Amstelae-

259 916 365 955 dam.
389 918 506 966 1746,
526 919 566 967 4,
589 933 630 970 Ρ.
647 918 731 971 75)
758 917 918 957 Clodius
945 921 1097 959 Tuscus
1123 922 1358 959 nominatur.
1412 919 1684 960 kalendarium

259 984 479 1021 inscribitur
489 986 564 1022 sic:
582 981 802 1038 Ἐφήμερος
818 989 891 1025 τοῦ
909 984 1054 1033 παντός
1071 985 1254 1027 ἐνιαυτοῦ
1272 987 1480 1038 σημείωσις
1494 987 1684 1029 ἕπιτολαῖν

258 1065 300 1090 τε
317 1051 384 1090 καὶ
402 1053 562 1103 δυσμῶν
583 1054 663 1092 ταῖν
684 1051 727 1092 ἐν
750 1047 912 1106 οὐρανῷ
933 1051 1204 1103 φαινομένων,
1231 1051 1275 1092 ἐκ
1292 1055 1371 1092 τῶν
1390 1054 1592 1095 Κλαυδίου
1611 1056 1684 1094 τοῦ

263 1113 465 1168 Θούσκου,
505 1114 605 1158 καθ’
631 1117 841 1171 ἑρμηνείαν
870 1115 967 1170 πρὸς
994 1117 1109 1167 λέξιν.
1163 1118 1321 1168 incipit:
1351 1114 1603 1173 Ἲανουᾶριος.
1634 1117 1682 1160 α’.
1714 1159 1716 1162 .

260 1181 286 1223 o‘
313 1180 426 1234 ἥλῖος
451 1182 638 1235 ὑψοῦται.
693 1183 776 1222 des.
804 1185 848 1222 in
873 1185 1012 1222 ultimo
1041 1185 1133 1221 anui
1158 1183 1241 1232 die,
1274 1185 1425 1237 κρυφία
1445 1185 1589 1239 ταραχή
1615 1185 1685 1226 καὶ

260 1245 486 1301 ἆνεμῶδης·
514 1247 669 1302 ἔρχεται
688 1246 861 1302 οἷνίσχειν
881 1247 947 1292 ’ὅδε
976 1251 1031 1302 (f.
1054 1248 1157 1300 ἅτε)
1187 1250 1324 1300 δελφὶν
1343 1250 1411 1291 καὶ
1430 1250 1453 1293 ὅ
1467 1250 1599 1304 ἥλιος,
1628 1252 1684 1300 εἰς

260 1312 380 1365 ὕψος.
435 1315 554 1367 idque
571 1314 843 1353 kalendarium
862 1318 1007 1353 Graece
1027 1317 1185 1366 quidem
1200 1316 1392 1353 ineditum
1411 1324 1488 1365 est,
1516 1326 1560 1356 ut
1577 1318 1682 1355 dixi:

260 1383 421 1430 Latine,
460 1394 483 1418 a
508 1382 677 1418 Leonico
708 1381 913 1419 Thomaeo
941 1382 1189 1429 translatum,
1229 1395 1344 1432 saepe
1374 1383 1578 1432 vulgatum
1612 1391 1684 1433 est,

259 1449 431 1497 primum
465 1459 516 1483 ex
548 1447 704 1483 officina
726 1447 911 1496 Hervagii
927 1445 979 1483 ad
995 1448 1140 1484 calcem
1159 1449 1249 1484 Iulii
1268 1448 1426 1485 Fir-mici
1444 1455 1559 1500 atque
1579 1452 1684 1496 Qua-

262 1513 454 1564 dripartiti
471 1513 688 1550 Ptolemaei
705 1514 844 1550 Latine
866 1514 988 1562 versi,
1017 1515 1215 1561 Basileae,
1248 1513 1366 1561 1533,
1391 1515 1476 1563 fol.,
1503 1529 1544 1566 p.
1564 1518 1682 1557 79—-

263 1580 338 1628 84,
371 1580 442 1617 sub
463 1580 576 1616 titulo
601 1579 661 1616 Cl.
681 1579 894 1616 Ptolemoez‘
921 1578 1012 1630 (sic)
1040 1580 1296 1616 inerrantium
1312 1579 1515 1618 stellarum
1528 1582 1686 1632 signfi-

261 1647 427 1681 cationes
435 1659 452 1691 ‚·
489 1645 681 1695 posterius
713 1646 755 1682 in
785 1647 1020 1696 Uranologio
1049 1647 1164 1683 Dion.
1191 1646 1362 1693 petavii,
1400 1647 1529 1685 Lutet.
1558 1649 1685 1688 Parit}-

262 1711 368 1750 1630
381 1739 391 1759 ,
420 1711 512 1759 fol.,
541 1724 582 1761 Ρ.
601 1713 831 1760 92—1013
861 1719 1100 1763 postremum
1115 1714 1157 1749 in
1173 1725 1276 1750 nova
1292 1711 1461 1750 editione
1479 1714 1685 1753 Doctrinae

108 1795 143 1826 p.
168 1791 242 1815 ην
263 1783 482 1831 temporum
511 1779 769 1827 petavianae,
798 1785 828 1816 t.
859 1783 907 1827 3,
935 1780 1122 1829 Antverp.
1151 1780 1280 1827 1703,
1307 1779 1400 1828 fol.,
1428 1791 1470 1830 p.
1491 1778 1686 1822 54—59.

263 1850 391 1880 exstat
411 1851 542 1881 autem
561 1843 603 1882 id
621 1843 892 1882 kalendarium
907 1845 949 1881 in
969 1844 1163 1883 codicibus
1181 1847 1282 1883 bene
1301 1846 1451 1883 multis.

319 1909 372 1962 1)
409 1911 450 1947 in
479 1909 565 1948 cod.
591 1911 800 1949 Parisiensi
826 1924 892 1948 110.
923 1913 1049 1958 2381,
1089 1913 1184 1948 olim
1213 1912 1336 1962 Regio
1367 1910 1498 1959 2432,
1528 1910 1599 1948 fol.
1629 1911 1686 1954 75

371 1978 549 2017 recto-76
567 1991 688 2015 verso.
730 1990 769 2016 v.
789 1978 961 2028 Catalog.
979 1978 1156 2027 impress.
1177 1984 1276 2028 part.
1293 1980 1321 2019 2
1337 1990 1378 2028 p.
1396 1975 1492 2018 492.
1529 1978 1685 2014 Kuster.

372 2042 424 2080 ad
448 2042 612 2081 Suidam
640 2051 670 2081 t.
698 2046 725 2085 2
756 2058 797 2095 p.
828 2045 920 2084 131.
975 2044 1070 2079 item
1106 2057 1239 2094 supra.
1258 2057 1298 2094 p.
1327 2053 1457 2081 nux:
1494 2042 1529 2080 is
1558 2041 1685 2080 codex

371 2117 430 2147 est
468 2111 614 2147 saeculi
652 2110 721 2159 14,
763 2109 991 2160 videturque
1023 2110 1218 2162 antiquior
1251 2121 1371 2162 quam
1405 2108 1685 2160 subsequentes

371 2189 521 2214 omnes.

317 2242 370 2292 2)
400 2244 440 2278 iu
463 2241 593 2279 codice
612 2244 688 2283 177
707 2239 886 2279 biblioth.
903 2240 1158 2287 Barberiuae,
1187 2239 1235 2278 de
1255 2253 1333 2292 quo
1351 2252 1468 2292 supra
1483 2254 1525 2292 Ρ.
1538 2252 1685 2279 xxxvl.

373 2309 523 2345 Harles.
543 2308 646 2345 Bibl.
667 2309 803 2345 Graec.
822 2307 901 2344 vol.
918 2305 944 2346 4
964 2320 1004 2357 Ρ.
1027 2307 1104 2347 157
1123 2307 1193 2342 liu.
1212 2310 1280 2348 30.

318 2373 369 2425 3)
396 2375 437 2410 in
463 2372 593 2411 codice
616 2373 738 2421 Regio
767 2373 869 2413 1991
900 2373 970 2409 fol.
998 2375 1046 2412 17
1074 2370 1257 2412 verso-24
1275 2385 1400 2417 verso,
1427 2370 1584 2409 laudato
1612 2371 1684 2409 sub

372 2454 437 2477 no.
456 2442 562 2481 2137
581 2452 604 2476 a
621 2438 821 2488 Ducangio
838 2439 1008 2475 Glossar.
1027 2439 1232 2475 Graecitat.
1253 2444 1282 2475 t.
1295 2441 1334 2486 2,
1362 2435 1544 2488 Lugduu.
1567 2439 1686 2485 1688,

374 2508 459 2555 fol.,
487 2507 528 2543 in
545 2504 672 2542 iudice
693 2510 837 2541 auctor.
860 2505 1030 2541 column.
1050 2506 1116 2551 27,
1135 2507 1200 2551 31,
1222 2504 1274 2545 35
1293 2511 1366 2541 etc.
1402 2505 1437 2540 is
1455 2502 1580 2540 codex
1596 2516 1686 2539 cum

374 2571 449 2610 hoc
485 2570 756 2609 kalendarium
796 2572 986 2619 continet,
1028 2578 1112 2607 tum
1146 2570 1222 2606 alia
1250 2571 1375 2606 multa
1407 2570 1684 2616 astronomica;

375 2653 501 2691 neque
530 2646 661 2676 tamen
687 2649 783 2687 opus
805 2636 906 2687 Lydi
929 2637 975 2674 cle
997 2643 1119 2673 terrae
1137 2635 1303 2672 motibus
1323 2649 1526 2686 eorumque
1546 2635 1684 2686 signia,

376 2704 482 2757 quod
506 2705 668 2744 Villoiso
697 2704 967 2754 Prolegomen.
987 2702 1037 2739 ad
1055 2701 1166 2741 Iliad.
1187 2716 1226 2752 p.
1246 2715 1341 2739 xnv1
1361 2709 1452 2739 nota
1472 2700 1534 2752 (1)
1550 2702 1591 2737 ἰιι
1608 2698 1684 2736 hoc

376 2771 507 2810 codice
535 2785 620 2812 esse
647 2771 799 2822 scribit,
827 2771 869 2809 in
898 2782 1067 2809 errorem
1091 2767 1271 2806 inductus
1298 2769 1435 2820 opinor
1456 2780 1479 2805 a
1499 2766 1684 2817 Catalogo
