1748 3210
217 190 312 234 202
733 193 904 236 IOANN
905 194 956 236 IS
985 193 1118 238 LYDI

213 307 302 352 ταῖς
317 303 574 357 κομπλετίωσι
598 309 678 347 τῶν
696 305 879 358 ε’ντυχιῶν
912 306 1055 359 (οἱονεὶ
1076 306 1322 366 πληρώσεσι)
1355 318 1633 372 προσλειτουρ-

212 374 378 424 γοῦντας
401 374 465 413 καὶ
494 372 737 427 παραψυχὴν
769 373 816 413 οὐ
848 374 992 428 μικρὰν
1021 375 1342 430 ἄναλεγομένους·
1373 380 1545 434 τοσαύτη
1574 399 1634 430 τις

212 431 261 490 ἦν
278 436 303 491 ἦ
325 442 404 479 τῶν
423 439 698 494 πραττομένων
716 437 914 495 κάρπιμος
931 441 1122 497 ἀφθονία.
1189 443 1396 501 ὁιαιτᾶριοι
1419 447 1517 502 πρὸς
1538 447 1632 490 τοῦ-

210 521 294 553 τοις
319 507 383 545 καὶ
409 503 634 561 θηκοφόροι
661 508 727 547 καὶ
753 509 971 563 πραίκωνες
1002 511 1242 566 λειτουργίας
1269 512 1340 563 μὲν
1363 513 1630 567 ἀναδέχονται,

210 571 252 611 ἓν
268 572 310 612 δὲ
328 570 473 627 ἑτέροις
489 570 682 626 τάγμασιν
702 573 978 631 ἀναφέρονται.
1640 587 1663 622 5

343 638 387 681 9.
454 639 631 694 Εἴρηται,
652 639 830 695 πρόσθεν
857 640 900 683 ἓν
925 644 998 696 μὲν
1023 643 1217 685 ἀνέκαθεν
1234 642 1330 685 εἶναι
1349 645 1395 686 τὸ
1414 650 1496 687 τῶν
1507 663 1631 700 ταχυ-

207 702 374 760 γράφων
405 710 540 759 σῶμα,
575 709 629 757 εἷς
655 706 726 749 δύο
757 710 801 750 δὲ
825 707 1008 764 τάγματα
1035 713 1251 766 διῃρῆσθαι
1278 712 1342 752 καὶ
1365 710 1631 768 πληρώματα·

209 771 248 811 οἱ
278 772 350 824 μὲν
381 772 457 829 γὰρ
486 774 616 815 αὐτῶν
644 775 707 816 ἐπὶ
736 780 807 828 τῆς
839 778 975 818 δέλτου
995 778 1176 830 μένοντες
1194 778 1262 820 τὸν
1282 777 1430 833 χρόνον.
1449 778 1633 823 διώκουσι

209 840 274 879 καὶ
298 840 352 888 εἷς
370 839 414 880 τὸ
433 845 504 881 τοῦ
523 842 1032 900 πριμισκρινιόυ-πλήρωμα
1054 839 1263 901 παρίασιν,
1301 846 1338 886 οἳ
1356 846 1400 886 δὲ
1417 848 1472 895 εἷς
1488 845 1533 887 τὸ
1555 850 1634 888 τῶν

207 906 518 960 Αὖγουσταλίων
556 907 690 963 τάγμα
724 909 1008 963 μεθιστάμενοι
1043 914 1109 953 καὶ
1139 916 1291 954 θᾶττον
1324 911 1396 966 τὴν
1428 915 1634 968 στρατείαν
1646 923 1688 958 10

207 976 448 1028 πληροῦντες
465 974 565 1028 πρὸς
587 976 680 1025 τοὺς
700 975 983 1034 ταχυγράφους
1001 980 1066 1020 καὶ
1085 981 1140 1028 εἰς
1161 979 1205 1020 τὸ
1224 983 1296 1020 τοῦ
1315 981 1635 1036 κορνικουλαρίου

207 1045 451 1082 καταντῶσιν
481 1042 650 1095 ἀξίωμα.
717 1043 823 1093 ὅπως
846 1046 888 1086 δὲ
909 1046 965 1098 μὴ
989 1048 1056 1087 καὶ
1077 1046 1171 1095 τούς
1191 1045 1341 1096 ἔξωθεν
1362 1045 1471 1102 λάθῃ
1491 1047 1541 1088 τὰ
1566 1052 1636 1100 τῆς

206 1108 432 1163 διαιρέσεως
465 1110 561 1162 (καὶ
582 1110 658 1164 γὰρ
682 1109 873 1166 ὁσημέραι
893 1113 1119 1166 ἀγνοοῦντες
1135 1112 1265 1166 μάτην
1282 1115 1460 1166 ζητοῦσιν
1481 1114 1518 1154 οἳ
1536 1117 1636 1155 πολ-

206 1175 290 1224 λοί,
324 1174 423 1229 πρὸς
452 1175 523 1224 τὰς
550 1177 757 1231 εἰρημένας
783 1180 1052 1234 προσηγορίας
1077 1209 1134 1220 ...
1161 1178 1373 1232 τόμενοι),
1408 1180 1481 1233 τὴν
1507 1182 1635 1222 αἳτίαν

204 1244 277 1292 τῆς
294 1243 348 1288 εἷς
368 1239 438 1281 δύο
455 1245 527 1282 τοῦ
543 1240 629 1290 ἑνὸς
648 1242 832 1295 σώματος
847 1249 972 1297 τομῆς
990 1244 1182 1294 ὑποδείξω
1197 1251 1254 1302 τῷ
1272 1244 1390 1302 λόγῳ.
1456 1247 1494 1287 οἶ
1511 1263 1634 1301 ταχυ-
1647 1255 1689 1290 15

204 1305 354 1362 γράφοι
382 1312 538 1349 πολλῶν
567 1310 802 1360 {iu-ovum,
833 1310 1020 1367 καθάπερ
1045 1312 1082 1352 οἳ
1106 1316 1325 1366 τριβοῦνοι,
1358 1314 1458 1367 πρὸς
1476 1314 1520 1354 τὸ
1547 1315 1636 1354 δια-

206 1371 322 1415 νύσαι
360 1374 432 1428 τὴν
466 1378 693 1431 στρατείαν·
738 1379 803 1418 καὶ
832 1378 908 1434 γὰρ
939 1381 994 1427 εἷς
1020 1377 1176 1432 πλῆθός
1206 1382 1301 1421 εἶσιν
1329 1378 1459 1434 ὥσπερ
1488 1380 1638 1421 ἐκεῖνοι.

206 1457 310 1482 ...τι
345 1443 387 1483 δὲ
416 1443 537 1496 τυχὸν
559 1442 579 1484 ὃ
604 1443 750 1499 χρόνος
780 1445 924 1494 αὐτοὺς
955 1446 1016 1486 ἐπὶ
1045 1446 1089 1486 τὸ
1118 1446 1240 1501 πέρας
1265 1449 1344 1487 τῶν
1364 1443 1493 1486 πόνων
1513 1450 1637 1498 καλεῖ,

204 1507 308 1566 γήρᾳ
336 1507 527 1561 κάμνουσι
554 1509 711 1560 πάντως
737 1511 837 1567 πρὸς
862 1511 1065 1564 καμάτους
1084 1511 1282 1568 ἀχρήστῳ.
1350 1513 1451 1562 εἰκὸς
1476 1508 1546 1554 οὖν
1565 1513 1637 1554 οὒκ

205 1576 416 1630 ἀρκοῦντες
431 1576 532 1632 πρὸς
549 1577 622 1627 τὰς
638 1582 718 1619 τῶν
741 1578 946 1635 ἀνωτέρων
967 1583 1143 1632 βαθμῶν
1163 1580 1405 1635 λειτουργίας
1412 1611 1428 1631 ,
1461 1580 1561 1636 πρὸς
1588 1579 1691 1629 ἃςΞΟ

294 1727 312 1759 1
335 1724 482 1769 ἐντυχία
505 1729 541 1760 et
562 1727 619 1760 hic
641 1731 676 1761 et
696 1729 718 1762 3
743 1729 782 1763 11
808 1731 862 1763 est
886 1728 1004 1763 charta
1032 1730 1221 1763 sententias
1245 1729 1320 1763 sive
1346 1730 1530 1764 iudicatum
1552 1741 1635 1763 con-

291 1771 424 1815 tinens,
459 1783 558 1816 quem
585 1773 666 1806 alibi
697 1774 877 1807 usitatiore
904 1786 990 1807 voce
1019 1772 1154 1817 χάρτην
1182 1775 1331 1818 appellat
1362 1775 1494 1817 Lydus.
1543 1775 1589 1808 cs.
1613 1776 1637 1808 3

293 1817 351 1851 68.
374 1818 418 1850 F.
555 1818 577 1850 4
599 1815 771 1861 πρέκονες
793 1819 835 1852 C.
971 1821 993 1853 7
1017 1820 1224 1862 διειρῆσθαι
1247 1819 1288 1853 C.
1427 1821 1466 1852 11
1488 1819 1549 1852 καὶ
1572 1821 1635 1852 de-

291 1860 426 1894 lendum
450 1868 568 1896 censet
592 1864 636 1896 F.
786 1865 829 1897 12
849 1860 945 1907 λάθῃ
967 1860 1013 1897 τά
1036 1865 1120 1907 τῆς]
1146 1864 1342 1897 coniectura
1359 1875 1401 1896 ex
1418 1863 1574 1908 reliquiis
1590 1863 1633 1896 li-

288 1910 450 1940 terarum.
475 1909 519 1941 F.
657 1908 700 1941 13
719 1905 837 1951 μάτην
858 1909 1046 1953 ζητοῦσιν]
1070 1910 1265 1942 coniectura
1283 1921 1325 1941 ex
1343 1908 1499 1952 reliquiis
1514 1908 1634 1942 litera—

289 1962 376 1984 rum.
423 1951 591 1995 integrum
621 1953 745 1986 mansit
779 1963 846 1987 σιν.
886 1955 931 1988 F.
1112 1954 1155 1987 14
1182 1954 1258 1997 lego
1282 1949 1555 1996 ταραττόμενοι.
1587 1954 1633 1986 F.

292 1997 335 2030 16
358 1995 433 2038 lego
457 1994 548 2031 ἐτῶν
572 1994 729 2030 δέονται.
753 1999 798 2032 F.
961 1999 1003 2031 18
1025 1997 1100 2041 lego
1126 1997 1221 2031 εἴτι.
1244 1999 1289 2032 F.
1448 1995 1529 2041 ἐπὶ]
1551 1995 1634 2041 περὶ

291 2040 406 2084 vulgo.
543 2043 586 2076 19
608 2039 658 2081 ὥς
681 2041 804 2082 εἰκόςῒ
839 2054 882 2077 an
901 2041 1076 2082 εἰκότωςζ)
1121 2044 1168 2076 cf.
1192 2044 1214 2078 3
1250 2044 1314 2087 19,
1345 2044 1410 2086 27,
1442 2035 1498 2076 69.

200 2171 427 2217 πληρώσεσι)
454 2175 646 2209 chartarum
669 2187 808 2220 operam
828 2177 967 2221 dantes,
991 2189 1032 2211 ac
1054 2189 1122 2211 non
1146 2189 1254 2223 parvo
1282 2177 1403 2211 solatio
1426 2177 1634 2220 gaudentem

202 2230 245 2252 ea
263 2224 338 2252 erat
354 2230 467 2252 rerum
490 2222 696 2263 agendarum
718 2222 895 2255 fructuosa
918 2223 1139 2256 abundantia.
1185 2223 1344 2256 diaetarii
1362 2233 1465 2267 porro
1484 2227 1519 2255 et
1535 2221 1633 2254 cisti-

202 2263 270 2297 feri
293 2268 326 2297 et
350 2275 538 2308 praecones
559 2266 756 2300 ministeriis
783 2267 970 2310 funguntur
993 2268 1127 2312 quidem
1140 2295 1149 2312 ,
1178 2268 1263 2302 alios
1291 2273 1402 2301 autem
1430 2267 1474 2300 ad
1497 2266 1635 2300 ordines

198 2309 385 2353 pertinent.

291 2355 326 2388 9.
373 2354 527 2388 Diximus
553 2366 657 2400 supra
678 2366 781 2389 unum
797 2355 898 2389 initio
922 2369 997 2391 esse
1018 2357 1225 2391 notariorum
1247 2368 1388 2401 corpus,
1416 2356 1499 2389 duos
1521 2358 1634 2389 autem

201 2399 238 2432 in
263 2399 418 2443 ordines,
443 2400 588 2433 diversis
613 2400 752 2434 militiae
775 2402 950 2443 terminis,
981 2403 1106 2437 dividi:
1140 2402 1198 2436 alii
1221 2402 1309 2435 enim
1332 2401 1464 2434 illorum
1480 2400 1518 2432 in
1535 2399 1633 2433 codi-

199 2444 277 2477 cillo
298 2449 474 2478 manentes
499 2449 630 2490 tempus
654 2450 778 2489 agunt,
806 2458 846 2479 ac
869 2447 1021 2481 militiam
1043 2447 1283 2493 primiscrinii,
1308 2445 1366 2479 alii
1384 2457 1484 2488 vero,
1507 2444 1543 2478 in
1560 2445 1631 2478 Au-

198 2489 381 2532 gustalium
404 2490 555 2524 ordinem
578 2490 804 2534 transgressi,
839 2493 1000 2536 eandem,
1033 2493 1100 2527 cito
1124 2503 1207 2536 prae
1225 2491 1386 2534 notariis,
1417 2489 1633 2524 cornicularii

201 2545 340 2568 munere
362 2535 514 2580 implent.
560 2535 656 2569 cuius
685 2535 865 2569 divisionis
893 2549 935 2570 ne
959 2538 1014 2571 vel
1041 2537 1202 2583 profanos
1234 2536 1322 2570 ratio
1345 2535 1451 2568 lateat
1484 2533 1633 2577 (etenim

199 2579 354 2622 quotidie
374 2580 532 2624 ignorans
554 2581 683 2614 frustra
705 2581 840 2625 quaerit
860 2582 1001 2626 vulgus,
1027 2582 1218 2616 memoratis
1237 2581 1427 2614 nominibus
1451 2579 1631 2624 perturba-

199 2626 320 2668 tum),
357 2637 513 2670 causam,
549 2637 609 2659 cur
639 2626 675 2660 in
704 2627 787 2659 duas
819 2632 933 2670 partes
966 2639 1066 2662 unum
1097 2637 1219 2670 corpus
1239 2626 1405 2668 divisum,
1440 2636 1482 2659 ex
1506 2623 1630 2656 licabo.

197 2671 344 2711 notarii,
368 2671 458 2705 sicut
476 2670 604 2704 tribuni
628 2671 780 2716 (quippe
804 2676 839 2704 et
861 2672 935 2717 pari
958 2684 1033 2706 cum
1054 2672 1098 2705 iis
1120 2683 1259 2705 numero
1283 2671 1408 2713 sunt),
1431 2681 1463 2702 m
1499 2667 1544 2702 tis
1567 2677 1627 2700 an-

196 2714 250 2748 nis
270 2715 425 2759 indigent
447 2717 490 2750 ad
511 2716 665 2750 militiam
682 2716 905 2761 implendam;
952 2729 1013 2751 uos
1031 2717 1062 2751 si
1079 2717 1170 2750 forte
1187 2722 1320 2760 tempus
1342 2715 1434 2749 circa
1454 2714 1555 2748 finem
1577 2711 1628 2763 113-

197 2760 316 2794 borum
334 2765 454 2804 vocat,
478 2767 654 2796 senectute
674 2766 860 2805 gravantur
880 2729 1076 2797 adtlabores
1100 2773 1241 2807 prorsus
1262 2760 1387 2794 inutili.
1433 2766 1629 2811 neces-sano

197 2803 302 2848 igitur
324 2805 471 2851 impares
490 2806 702 2852 superiorum
729 2807 893 2852 graduum
917 2806 1136 2852 ministeriis,
1158 2807 1201 2841 ad
1220 2817 1309 2851 quae
1330 2813 1485 2848 corporis
1507 2811 1631 2845 vigore
