1748 3210
166 205 263 252 196
513 214 518 223 “
679 200 903 248 IOANNIS
933 197 1064 242 LYDI

162 317 283 375 ἀρετὴ
309 317 466 359 ἐπαίνου
487 311 658 366 παντός,
692 314 778 367 ἐμοὶ
796 312 839 354 δὲ
859 312 927 352 καὶ
946 311 1084 367 καιρὸς
1107 310 1169 352 ἐπὶ
1186 311 1254 354 τὸν
1274 311 1421 354 σκοπὸν
1441 313 1587 367 διαβῆ-

162 403 228 427 ναι
252 389 309 442 τῷ
327 384 444 440 λόγῳ.

297 452 341 494 2.
402 449 465 490 ‘H
488 446 617 489 τοίνυν
650 448 707 502 τῷ
737 442 920 501 ἶππάρχῳ
954 441 1263 499 πειθαρχήσασα
1292 440 1400 492 τάξις
1426 443 1520 484 ποτὲ
1544 443 1585 485 ἔν

162 518 299 566 ὅπλοις
325 517 397 570 μὲν
416 510 466 569 ἦν
490 513 648 563 ἅπασα,
683 511 860 565 ὀνόματα
885 513 928 553 δὲ
949 511 1050 567 αὐτῇ
1072 511 1174 552 καθ’
1198 509 1348 563 ὁμαλοῦ
1367 514 1585 565 προμῶται,

162 585 259 639 ὅπερ
284 582 409 634 ὄνομα
436 583 490 630 εἷς
514 581 710 635 τέσσαρας
726 580 903 633 τέμνεται
923 576 1186 633 καταλόγους,
1216 579 1270 626 εἷς
1294 577 1617 631 δουκηναρίους,5

163 653 219 700 εἰς
248 649 546 703 κεντουρίωνας,
577 648 631 695 εἷς
654 645 867 702 βιάρχους·
902 647 989 702 περὶ
1009 638 1063 686 ὧν
1083 643 1132 686 ἂν
1150 644 1252 686 κατὰ
1269 643 1340 697 τὴν
1359 646 1437 684 τῶν
1453 659 1585 684 τακτι-

161 721 241 759 κῶν
258 714 479 773 παράδοσιν
496 711 785 771 ἀφηγησάμην,
814 714 847 754 εἰ
862 712 918 766 μὴ
940 711 1077 769 πόρρω
1095 728 1170 752 που
1191 714 1262 753 τοῦ
1282 713 1432 752 σκοποῦ
1451 725 1588 764 παρω-

161 781 334 837 θοῦμην.
402 783 467 823 καὶ
483 779 630 834 ταύτης
644 785 713 834 τῆς
730 781 1014 836 προσηγορίας,
1049 783 1121 833 τῆς
1142 782 1220 819 τῶν
1241 779 1459 833 προμωτῶν
1475 775 1588 830 λέγω,

162 848 219 892 ἔτι
237 852 302 890 καὶ
324 853 393 890 νῦν
414 849 455 890 αἱ
474 846 677 902 λεγόμεναι
695 845 881 903 μάτρικες
908 847 1018 900 (ἀντὶ
1037 849 1108 887 τοῦ
1124 845 1354 901 ἀπογραφαὶ
1371 846 1450 884 τῶν
1463 858 1588 884 κατα-

161 914 314 971 λόγων)
337 914 495 969 μνήμην
514 914 788 969 ἀναφέρουσιν.
824 913 900 954 ἀπὸ
919 913 959 954 δ’
978 910 1216 967 Αὐγούστου
1235 913 1290 961 εἷς
1307 911 1436 967 ἕτερον
1454 912 1588 963 σχῆμα
1599 917 1642 952 10

160 987 232 1037 τῆς
263 983 388 1038 ἀρχῆς
421 980 678 1037 περιστάσης,
721 978 776 1029 ὥς
805 977 994 1028 πολλάκις
1024 979 1173 1035 εἴρηται
1181 1010 1194 1030 ,
1229 978 1525 1034 προσετέθησαν
1551 975 1590 1018 οἱ

161 1047 360 1104 λεγόμενοι
399 1045 658 1104 ἀδιούτωρες,
704 1047 818 1089 οἱονεὶ
855 1047 1027 1100 βοηθοί·
1073 1047 1139 1087 καὶ
1185 1043 1332 1098 ταύτης
1366 1041 1492 1097 μόνης
1519 1046 1591 1097 τῆς

161 1118 427 1172 προσηγορίας
452 1112 765 1168 μνημονεύουσιν
796 1114 837 1154 αἱ
867 1113 976 1168 παρὰ
1003 1116 1082 1154 τῶν
1110 1112 1305 1165 βασιλέων
1326 1107 1590 1166 παρεχόμεναι

161 1189 245 1232 τοῖς
273 1185 327 1231 εἷς
353 1182 561 1238 στρατείαν
599 1183 785 1234 παριοῦσι
817 1180 1111 1235 προβατωρίαι,
1146 1179 1261 1219 οἱονεὶ
1289 1175 1495 1225 συστάσεις
1521 1175 1588 1217 καὶ

162 1249 400 1298 ἀποδείξεις·
435 1247 526 1288 οὐδὲ
553 1247 630 1302 γὰρ
662 1244 798 1296 ἁπλῶς
830 1246 875 1287 τὸ
906 1247 997 1300 πρὶν
1026 1245 1163 1285 ἄδειαν
1194 1242 1332 1296 εἶχενὸ
1349 1241 1589 1296 βουλόμενος
1600 1250 1641 1284 15

161 1313 287 1368 ζώνην
317 1315 557 1369 περιθέσθαι
586 1313 762 1363 οἷανοῦν,
787 1312 845 1366 μὴ
878 1310 1067 1367 πρότερον
1090 1310 1300 1360 ἀποδείξας
1328 1307 1382 1358 ὡς
1411 1309 1468 1362 εἴη
1491 1309 1589 1364 πρὸς

161 1382 286 1436 αὐτὴν
327 1379 559 1434 ἐπιτήδειος·
607 1383 785 1435 προβᾶρε
817 1379 894 1434 γὰρ
922 1378 966 1420 τὸ
991 1377 1092 1430 μετὰ
1122 1379 1288 1431 δοκιμῆς
1320 1376 1508 1424 ἐπιδεῖξαι
1543 1374 1589 1416 τὸ

159 1447 412 1501 ὗποκείμενον
440 1448 616 1502 λέγουσιν
646 1446 684 1487 οἶ
708 1445 917 1499 Ῥωμαῖοι.
985 1449 1054 1487 νῦν
1085 1445 1128 1485 δὲ
1156 1444 1200 1485 τὸ
1226 1447 1383 1498 πλῆθος
1403 1442 1527 1491 αὐτὰς
1549 1441 1591 1492 ἔξ

159 1515 348 1568 ἀμαθοῦς
378 1516 586 1567 μαντείας,
616 1513 789 1567 τάληθὲς
815 1509 1142 1567 παραδηλοῦσης,
1177 1510 1447 1565 πριβατωρίας
1465 1503 1600 1558 καλεΐζ,>

159 1580 333 1624 αὐτόθεν
354 1581 425 1635 τὴν
447 1579 604 1621 ἰδιώτου
625 1578 746 1633 τύχην
763 1577 1015 1633 εἷσαγοῦσης·
1049 1577 1141 1618 οὐδὲ
1163 1577 1239 1632 γὰρ
1264 1575 1423 1618 ἰδιώτου
1449 1575 1642 1632 διαφὲ-ΞΟ

159 1665 298 1704 ρουσιν
333 1647 370 1688 οἶ
400 1646 502 1702 μόνῃ
527 1647 772 1704 προσηγορία
790 1647 997 1702 στρατείαν
1019 1644 1177 1685 οἱανοῦν
1198 1642 1456 1699 ὗπερχόμενοι
1467 1673 1480 1693 ,
1515 1642 1589 1696 οὐχ

155 1714 216 1758 ὅτι
235 1714 285 1757 τὰ
302 1712 517 1771 πράγματα
534 1713 590 1767 μὴ
609 1714 679 1766 τὴν
697 1713 898 1768 κρείττονα
915 1714 980 1753 καὶ
1000 1711 1302 1768 καρπιμωτέραν
1322 1710 1472 1765 εἴληχεν
1492 1708 1588 1763 ὄψιν

246 1863 268 1898 5
304 1859 649 1916 τξσσαρα-λόγους
681 1862 711 1895 C
723 1887 735 1917 3
772 1860 1235 1905 τέσσαρας-καταλόγους
1270 1862 1342 1913 F’.
1361 1858 1439 1894 coll.
1473 1861 1491 1894 1
1527 1859 1587 1893 48.

248 1909 270 1942 8
293 1910 387 1951 λογω
411 1908 453 1941 C.
633 1908 675 1940 10
696 1908 718 1940 δ
757 1907 858 1949 vulgo
882 1919 948 1940 om.
1116 1908 1159 1942 13
1180 1915 1447 1950 παρασχομεναι
1469 1903 1586 1948 vulgo.

250 1953 292 1988 15
316 1949 439 1987 ἆ...ν
456 1952 505 1996 C,
530 1951 708 1986 exstinctis
730 1951 850 1986 mediis
871 1950 996 1986 literis.

156 2086 232 2120 dem
255 2083 470 2162 imperaffpris
495 2083 618 2128 quavis
634 2083 734 2119 laude
751 2084 878 2127 maior-3
899 2083 1035 2130 iamque
1055 2088 1188 2130 tempus
1211 2087 1266 2119 est
1283 2095 1337 2119 me
1359 2085 1403 2120 ad
1425 2082 1584 2131 proposi-

157 2136 229 2165 tum
273 2141 374 2172 rogre
399 2141 423 2162 ι.

246 2142 282 2209 Ξ.
330 2174 462 2207 Cohors
486 2171 608 2216 igitur,
637 2174 692 2207 cui
715 2173 866 2218 praefuit
888 2174 1050 2218 magister
1075 2174 1242 2219 equitum,
1266 2179 1395 2208 armata
1417 2173 1496 2207 olim
1512 2178 1586 2208 tcta

157 2218 244 2263 fuit,
278 2218 438 2262 dictaque
463 2218 630 2251 communi
650 2219 784 2252 nomine
810 2220 975 2262 promoti,
1007 2221 1099 2264 quod
1121 2220 1257 2263 quidem
1280 2231 1403 2253 nomen
1424 2219 1460 2252 in
1483 2222 1583 2262 quat-

157 2270 237 2298 tuor
258 2262 430 2306 catalogos
451 2262 638 2306 dividitur,
660 2263 696 2296 in
720 2262 937 2306 ducenarius,
961 2265 1197 2306 centenarios,
1231 2264 1408 2306 biarchos;
1441 2265 1485 2298 de
1506 2262 1583 2306 qui-

157 2310 221 2343 bus
239 2318 328 2352 quae
348 2306 467 2341 tactici
487 2307 680 2351 tradidere,
703 2319 906 2352 exponerem
919 2334 929 2351 ‚
952 2309 984 2342 si
1002 2321 1069 2342 non
1088 2321 1109 2342 a
1128 2309 1304 2353 proposito
1325 2309 1458 2352 longius
1475 2319 1584 2341 essem

159 2354 392 2387 aberraturus.
439 2356 541 2395 atque
575 2352 674 2385 huius
704 2352 962 2397 appellationis,
1003 2359 1230 2398 promotorum
1263 2353 1361 2395 dieo,
1406 2353 1586 2386 etiamnum

158 2397 318 2432 matrices
342 2407 425 2440 quas
448 2401 593 2440 vocant,
625 2397 660 2430 id
694 2403 748 2430 est
775 2396 1004 2441 catalogorum
1030 2398 1181 2440 indices,
1215 2397 1417 2431 mentionem
1442 2397 1587 2431 faciunt.

158 2444 201 2477 ab
225 2442 378 2495 Augusto
401 2446 548 2484 mutata,
581 2446 620 2474 ut
644 2452 749 2486 saepe
775 2441 938 2486 diximus,
972 2443 1190 2487 magistratus
1212 2443 1339 2485 forma,
1373 2442 1480 2476 additi
1507 2448 1586 2476 sunt

157 2487 220 2532 qui
241 2487 417 2520 adiutores
435 2491 620 2528 vocantur,
645 2485 681 2520 id
708 2491 761 2520 est
782 2485 938 2530 βοηθοί;
962 2492 1065 2531 atque
1087 2488 1173 2521 hanc
1195 2486 1300 2520 solam
1326 2487 1586 2532 appellationem

157 2535 421 2566 commemorant
442 2541 532 2575 quae
553 2531 596 2564 ad
621 2530 774 2564 militiam
801 2531 1042 2566 accedentibus
1066 2534 1108 2566 ab
1131 2531 1391 2575 imperatoribus
1439 2533 1586 2565 raeben-

157 2582 214 2610 tur
237 2575 477 2621 probatoriae,
500 2575 538 2608 id
560 2580 613 2608 est
635 2575 830 2610 testimonia
854 2581 888 2610 et
909 2577 1096 2622 specimina
1123 2578 1259 2620 (neque
1283 2578 1372 2610 enim
1395 2590 1414 2610 o
1429 2577 1472 2610 'm
1494 2576 1583 2610 nullo

156 2620 352 2655 discrimine
375 2619 514 2654 cuilibet
535 2619 703 2664 cingulum
724 2621 956 2666 qualecunque
974 2622 1115 2655 induere
1136 2621 1250 2665 licuit,
1275 2628 1457 2666 antequam
1476 2633 1515 2655 se
1537 2621 1582 2654 ad

154 2666 237 2699 illud
258 2670 374 2710 aptum
399 2677 475 2699 esse
495 2666 720 2710 probasset)=
752 2667 899 2711 probare
928 2666 1017 2699 enim
1044 2666 1206 2700 Romanis
1231 2672 1283 2700 est
1303 2678 1374 2700 rem
1397 2665 1581 2710 specimine

155 2712 349 2745 ostendere.
397 2721 485 2744 nunc
516 2715 627 2744 autem
660 2710 781 2754 vulgus
814 2722 872 2744 eas
896 2711 973 2746 rudi
996 2711 1228 2754 divinatione,
1263 2722 1379 2745 verum
1404 2711 1578 2756 prodente,

152 2755 363 2800 privatorias
389 2755 555 2800 appellat,
586 2755 715 2800 privati
746 2755 976 2790 condicionem
1007 2755 1087 2790 inde
1118 2767 1282 2799 arguens:
1316 2767 1427 2800 neque
1450 2754 1539 2788 enim
1558 2765 1580 2787 a

151 2800 289 2847 prIvato
310 2799 473 2837 differunt
501 2799 562 2847 qui
585 2800 658 2836 solo
691 2801 827 2837 nomine
857 2800 1009 2837 militiam
1038 2801 1305 2848 qualemcunque
1338 2802 1476 2846 ineunt,
1511 2809 1579 2834 non
