1748 3210
356 181 434 224 DE
466 176 918 224 MAGISTRATIBUS
949 177 999 221 P.
1023 175 1078 221 R.
1110 175 1216 220 LIB.
1241 174 1318 220 ΠΙ.
1473 176 1571 222 203

113 292 230 353 μόγις
251 296 291 339 οἳ
317 293 471 351 νεότητι
499 292 689 350 σώματος
714 295 782 337 καὶ
800 294 918 354 πείρᾳ
938 289 1185 351 πραγμάτων
1207 289 1465 349 ὦχυρωμὲνοι
1486 310 1572 335 ›ew--

114 364 242 409 δύνων
271 363 350 416 ἕξω
378 367 611 423 διαρκοῦσι,
647 363 804 407 δέονται
826 366 1009 418 βοηθῶν.
1077 364 1144 405 καὶ
1166 361 1362 405 ἀνέκαθεν
1383 362 1456 415 μὲν
1475 362 1571 403 ἕκα-

112 450 208 484 στος
228 441 333 492 τρεῖς
354 433 509 490 ἄνδρας
534 433 630 484 τοὺς
655 430 788 475 πάντα
807 432 998 489 ἀρίστους
1017 432 1061 474 ἐκ
1082 435 1163 475 τῶν
1182 429 1454 488 ταχυγράφων
1476 431 1570 472 ἕπε-

110 502 244 559 λέγετο
280 503 402 558 (οὐδὲ
427 503 505 560 γὰρ
537 503 627 557 ἐξῆν
648 501 706 556 μὴ
726 501 822 551 τοὺς
839 502 958 561 πείρᾳ
973 518 1014 543 τε
1033 502 1102 543 καὶ
1120 499 1255 556 λόγοις
1272 499 1571 554 κοσμουμένους

77 571 185 626 ὃτὴν
211 573 460 628 λειτουργίαν
488 576 562 614 τοῦ
592 571 850 627 δικαστηρίου
880 572 1115 626 πληροῦν),
1151 574 1220 611 νῦν
1252 569 1295 611 δὲ
1325 568 1377 611 τὰ
1403 569 1476 622 μὲν
1501 572 1575 622 τῆς

108 640 296 696 ἓπιλογῆς
322 641 494 695 οἴχεται,
528 638 550 682 ὃ
581 641 626 683 δὲ
655 639 835 696 ἀριθμὸς
863 637 920 681 ἔτι
949 640 1017 681 καὶ
1040 643 1111 681 νῦν
1139 636 1320 690 σώζεται.
1388 636 1504 680 ἔνθεν
1528 634 1574 687 ἓξ

107 709 294 763 βοηθοὺς
321 716 504 767 παρεῖναι
529 709 739 764 συμβαίνει
758 712 817 766 τῷ
839 725 880 750 τε
900 708 1076 765 σκρινίου
1096 711 1155 764 τῷ
1174 725 1215 749 τε
1237 707 1573 763 κομμενταρισιόυ

110 779 252 835 καὶτῷ
269 783 342 821 τοῦ
359 779 669 836 πριμισκρινίου,
704 774 931 833 ἐπειδήπερ,
965 774 1021 826 ὥς
1044 774 1360 833 προδεδήλωται,
1396 775 1475 817 ἀνὰ
1497 772 1571 818 δύο

109 845 176 887 ἐπ’
197 845 285 897 ἔτος
305 847 474 890 ἕκαστον
493 848 536 890 ἐκ
555 850 636 889 τῶν
654 843 926 903 ταχυγράφων
941 849 1015 899 τῆς
1033 843 1158 898 ζώνης
1178 843 1200 885 ὃ
1219 842 1343 897 νόμος
1363 841 1574 886 ἀπαλλάτ-

54 924 182 960 low.
250 917 318 957 καὶ
344 917 405 966 τίς
432 916 506 958 οὐκ
526 914 576 958 ἂν
597 913 862 969 στοχάσηται,
898 913 999 970 πρὸς
1017 912 1063 955 τὸ
1082 916 1242 966 πλῆθος
1261 916 1342 954 τῶν
1362 911 1573 967 βοηθούν-

108 999 188 1026 των
217 982 386 1042 ἀφορῶν
395 1015 408 1036 ‚
446 984 520 1039 τὴν
547 988 621 1026 τοῦ
647 984 905 1039 δικαστηρίου
931 980 1221 1037 μεγαλειότητα
1246 982 1314 1022 καὶ
1337 981 1411 1035 τὴν
1431 985 1512 1024 τῶν
1532 983 1574 1023 ἐν

108 1051 222 1110 αὐτῷ
242 1053 526 1110 πραττομένων
546 1052 592 1094 τὸ
613 1054 706 1108 πρὶν
725 1052 932 1109 ἀπειριάν,·
967 1052 1031 1092 ἐπὶ
1050 1051 1094 1099 δὲ
1114 1054 1188 1093 τοῦ
1210 1047 1429 1106 παρόντος,
1465 1067 1574 1106 πρα-

106 1118 271 1176 γμάτων
290 1121 364 1175 μὲν
380 1121 438 1176 μὴ
458 1120 584 1163 ὄντων
604 1128 688 1171 τοῖς
707 1118 900 1175 ὑπηκόοις
916 1123 1051 1162 καλῶν
1071 1119 1172 1175 πρὸς
1188 1118 1262 1173 τὴν
1284 1118 1413 1175 ἀρχὴν
1492 1122 1574 1161 τῶν

106 1186 321 1246 ἁπανταχῇ
352 1187 625 1246 συρρεόντων,
671 1193 752 1231 τῶν
790 1190 833 1231 δὲ
867 1219 878 1230 .
891 1189 1062 1230 ..αλίων
1094 1188 1191 1237 ἴσως
1223 1187 1315 1230 κατ’
1354 1188 1574 1230 αὖθεντίαν

50 1257 238 1312 16(μετά
270 1256 507 1314 συγγνώμης
536 1256 739 1314 εἰρήσθω·
783 1258 850 1300 καὶ
880 1256 959 1314 γὰρ
992 1255 1120 1312 λόγων
1151 1257 1248 1298 εἰσὶν
1272 1257 1466 1311 ἐρασταὶ)
1508 1257 1574 1297 ἐπὶ

108 1326 303 1376 δικαστὰς
335 1325 495 1383 ἑτέρους
523 1327 590 1368 καὶ
620 1324 821 1382 θυμήρεις
837 1332 922 1376 τοῖς
940 1324 1161 1382 πράττουσι
1180 1324 1254 1374 τὰς
1275 1326 1390 1374 δίκας
1410 1323 1478 1366 διὰ
1493 1328 1574 1366 τῶν

108 1394 328 1449 λεγομένων
355 1396 480 1436 θείων
515 1393 730 1437 κελεύσεων
765 1392 1012 1450 ἀπαγόντων.
1095 1394 1217 1448 (10)
1260 1395 1413 1449 κερδῶν
1448 1393 1492 1435 δὲ
1525 1393 1572 1435 οὐ

107 1467 288 1519 σμικρῶν
304 1461 349 1504 τὸ
368 1464 462 1520 πρὶν
483 1463 550 1505 ἐπ’
572 1463 732 1521 εἰρήνης
750 1465 817 1505 καὶ
838 1468 956 1518 τιμῆς
979 1460 1227 1517 ἐξοχωτάτης
1242 1462 1344 1516 μετὰ
1364 1460 1574 1515 δυνάμεως

107 1532 276 1587 ἰσχυρᾶς
292 1532 595 1587 περιγινομένων
611 1538 695 1582 τοῖς
713 1536 793 1573 τῶν
811 1532 1028 1587 εἰρημένων
1046 1532 1231 1586 σκρινίων
1244 1534 1439 1584 βοηθοῖς,
1469 1530 1573 1579 εἰκὸς

49 1592 157 1654 εθῆν
181 1599 510 1656 ἐμφορουμένους
536 1600 685 1651 αὐτοὺς
706 1600 902 1650 ἀπαξιοῦν
925 1595 1047 1650 αὖθις
1071 1601 1134 1641 ἐπὶ
1155 1598 1228 1652 τὴν
1250 1600 1388 1640 δέλτον
1409 1600 1475 1640 καὶ
1498 1598 1572 1652 τὴν

105 1668 148 1720 ἐξ
178 1667 384 1726 ἀκερδειάς
416 1670 625 1712 ἐπιείκειαν
657 1669 935 1727 ἀναστρέφειν.
1003 1667 1121 1711 ἔνθεν
1153 1668 1197 1710 ἐκ
1229 1665 1404 1722 δεήσεως
1439 1667 1572 1709 αὐτῶν

194 1811 219 1846 7
249 1809 328 1855 lego
356 1809 410 1856 τῷ
432 1821 472 1845 τε
494 1810 563 1846 τοῦ
592 1807 643 1856 οἶβ
665 1806 768 1851 ἅκτις
791 1810 956 1857 σκρινίῳ,
990 1809 1042 1856 τῷ
1064 1820 1104 1844 τε
1127 1809 1209 1844 τοῦ.
1256 1809 1408 1853 scrinia,
1444 1808 1571 1854 quibus

194 1856 370 1890 adiutores
392 1856 554 1902 leguntur
579 1858 638 1901 (V.
662 1859 684 1893 3
714 1859 778 1900 11,
814 1859 878 1900 16,
907 1858 999 1900 20),
1030 1856 1100 1889 tria
1123 1859 1224 1899 sunt,
1259 1856 1424 1890 videlicet
1447 1855 1570 1909 primi-

191 1901 418 1947 scriniorum,
445 1903 803 1938 commentariensium
826 1908 862 1936 et
880 1902 968 1936 actis
986 1903 1256 1947 praefectorum.
1280 1903 1326 1936 F.
1475 1902 1496 1936 8
1519 1913 1573 1940 ως

193 1945 494 1995 προδεδήλωται]
536 1961 660 1996 nempe
703 1950 741 1983 in
783 1949 827 1982 iis
862 1959 952 1992 quae
989 1948 1138 1992 periisse
1176 1947 1324 1982 diximus
1359 1949 1378 1982 1
1417 1947 1475 1982 48.
1523 1948 1569 1980 F.
1611 1981 1615 1985 ,

193 1994 238 2029 13
273 1991 389 2028 καλὸν
422 1994 466 2029 C.
695 1999 778 2041 post
814 1990 931 2039 ἀρχὴν
967 1993 1086 2040 plures
1118 1994 1243 2028 literae
1277 1994 1485 2028 exstinctae.
1523 1994 1569 2027 F.

195 2038 242 2074 14
264 2037 471 2084 βασιλέωνΐ

103 2166 141 2199 et
169 2176 283 2199 rerum
315 2163 534 2219 experientia
563 2163 721 2198 roborati
750 2165 812 2199 vix
839 2164 915 2199 sine
936 2163 1091 2210 periculo
1116 2164 1315 2211 sufficiunt,
1351 2166 1572 2203 adiutoribus

102 2215 221 2254 egent.
269 2215 306 2245 et
328 2211 408 2244 olim
430 2210 568 2255 quidem
590 2210 718 2255 singuli
739 2215 810 2245 tres
835 2211 931 2245 viros
955 2211 1070 2244 omnia
1092 2212 1410 2257 praestantissimos
1434 2214 1478 2248 de
1502 2226 1568 2248 no-

102 2255 206 2290 tariis
234 2256 427 2301 eligebant:
462 2268 576 2301 neque
608 2258 698 2290 enim
720 2256 848 2291 licebat
871 2270 941 2291 non
964 2269 1030 2291 usu
1060 2257 1242 2303 literisque
1274 2266 1414 2294 ornatos
1445 2260 1570 2294 iudicii

102 2301 298 2337 ministeria
315 2303 471 2348 implere.
519 2314 610 2336 nunc
628 2309 742 2338 autem
764 2303 888 2338 electio
913 2303 1120 2348 negligitur,
1145 2315 1306 2339 numerus
1331 2317 1416 2340 vero
1445 2305 1568 2339 etiam—

103 2359 183 2383 num
206 2354 380 2384 servatur.
432 2348 515 2382 inde
540 2349 627 2383 actis
652 2350 930 2395 praepositorum
950 2354 986 2383 et
1005 2351 1362 2385 commentariensium
1386 2356 1422 2385 et
1445 2351 1570 2396 primi-

101 2394 309 2429 scriniorum
345 2394 475 2430 scrinio
513 2407 575 2429 sex
613 2396 790 2430 adiutores
827 2400 1017 2442 apparent,
1054 2397 1352 2441 quandoquidem,
1393 2402 1431 2431 ut
1463 2409 1574 2443 supra.

104 2441 334 2486 ostendimus,
370 2441 473 2476 binos
499 2442 685 2486 quotannis
707 2442 860 2476 notarios
886 2442 942 2476 lex
965 2442 1103 2486 cingulo
1127 2443 1269 2477 liberat.
1316 2454 1358 2476 ac
1385 2443 1463 2487 quis
1489 2455 1573 2487 non,

103 2485 298 2522 adiuturum
315 2486 567 2522 multitudinem
586 2488 745 2532 intuens,
769 2488 987 2534 splendorem
1011 2487 1131 2522 iudicii
1153 2500 1338 2533 rerumque
1361 2489 1574 2532 agendarum

103 2532 273 2566 infinitam
293 2533 372 2567 olim
395 2533 432 2567 in
456 2545 497 2567 eo
517 2534 652 2579 copiam
675 2535 784 2569 fuisse
807 2534 1006 2578 intelligat?
1036 2546 1112 2568 cum
1135 2546 1226 2568 nunc
1249 2535 1363 2568 nullae
1386 2534 1457 2569 sint
1479 2535 1570 2569 civi-

102 2579 168 2612 bus
186 2577 277 2622 lites,
302 2578 484 2624 (quicquid
506 2591 652 2625 usquam
676 2581 810 2626 egregii
831 2604 840 2615 .
854 2605 864 2614 .
879 2605 888 2614 .
909 2581 953 2614 ad
972 2580 1180 2626 principium
1202 2578 1427 2625 confluente)
1452 2586 1489 2615 et
1509 2605 1519 2615 .
1533 2605 1544 2615 .
1558 2606 1570 2616 .

102 2629 219 2658 tamen
261 2636 301 2658 ro
321 2636 383 2659 suo
403 2625 549 2660 arbitrio
575 2628 692 2670 (bona
715 2628 818 2661 venia
841 2626 1008 2660 dixerim:
1032 2632 1113 2660 sunt
1137 2627 1226 2661 enim
1249 2627 1426 2661 literarum
1449 2639 1571 2661 aman-

102 2672 181 2713 tes)
211 2637 261 2704 αδ)
279 2670 366 2705 alios
388 2677 578 2718 gratosque
602 2673 818 2718 litigantibus
843 2672 976 2707 iudices
1000 2685 1065 2718 per
1085 2684 1202 2707 sacras
1225 2673 1418 2718 iussiones,
1447 2678 1486 2707 ut
1502 2685 1568 2707 vo-

102 2721 204 2759 cant,
242 2727 363 2750 causas
400 2717 572 2754 deferant.
622 2720 716 2764 (10)
751 2719 912 2765 quoniam
942 2731 1027 2753 vero
1051 2731 1120 2754 non
1143 2731 1252 2764 parvo
1276 2720 1393 2763 lucro,
1433 2719 1512 2754 olim
1534 2720 1572 2754 in

101 2773 208 2806 pace,
242 2767 350 2807 atque
379 2763 649 2800 eminentissimo
684 2766 816 2800 honore
850 2777 974 2810 magna
1009 2777 1084 2800 cum
1115 2770 1291 2810 potestate
1312 2765 1571 2810 praedictorum

102 2807 308 2843 scriniorum
339 2809 517 2844 adiutores
545 2813 764 2856 gaudebant,
797 2823 941 2846 necesse
968 2816 1043 2846 erat
1064 2812 1219 2858 repletos
1240 2811 1423 2856 dedignari
1442 2811 1569 2846 iterum

102 2853 149 2888 ad
174 2854 369 2891 codicillum
389 2857 672 2905 moderatumque
692 2858 823 2894 lucrum
845 2857 992 2894 reverti.
1039 2857 1122 2893 inde
1141 2864 1266 2904 rogatu
1287 2858 1422 2900 illorum
1441 2857 1499 2893 lex
1522 2859 1567 2893 ab
