1748 3210
559 181 635 224 DE
666 181 941 226 MENSIBUS
972 180 1052 226 IV.
1462 180 1525 226 65

85 294 195 352 ὠμὸν
210 291 402 338 Ἑκάλουν·
436 292 552 336 οὐδὲν
575 295 618 337 δὲ
638 293 688 337 ἂν
705 295 809 338 τέκοι
831 301 950 350 μῖσος
967 291 1022 345 ὥς
1035 296 1177 337 ταῦτα.
1253 293 1377 348 ἐκείνη
1395 294 1528 335 τοίνυν

83 362 112 419 ἦ
137 365 376 419 Λουκρητία
403 364 607 419 κρείττονα
638 363 711 418 τὴν
736 361 1001 419 σωφροσύνην
1031 365 1103 415 τῆς
1131 364 1345 416 βασιλικῆς
1366 359 1525 415 ὁμιλίας
1546 375 1583 409 Ρ·
1607 365 1653 398 72

82 429 323 487 ἡγησαμένη,
358 432 424 472 καὶ
445 431 516 472 οὐκ
535 430 660 485 αὐτῆς
678 429 805 485 μόνης
821 430 924 472 ἀλλὰ
947 432 1014 472 καὶ
1038 431 1140 485 ζωῆς
1160 429 1295 483 αὐτῆς,
1321 447 1528 483 μεταπεμ-

81 499 244 553 ψαμένη
263 498 358 548 τοὺς
378 497 523 553 ἑαυτῆς
544 499 832 555 ἇςοηγησαμένη
851 516 892 541 τε
911 496 996 552 τήν,
1015 497 1090 553 εἴγε
1114 496 1194 553 ἄρα
1212 495 1412 550 ἐβούλετο,
1430 502 1528 539 lav-

50 565 222 610 senium
241 567 463 621 δυναμένην
481 565 680 622 ἁμαρτίαν
686 597 701 618 ,
735 564 880 619 ἑαυτὴν
897 564 1105 622 παρόντων
1125 570 1203 607 τῶν
1224 569 1296 620 τῆς
1311 564 1528 622 σωφροσύ-

82 651 155 689 νης
175 632 393 690 μαρτύρων
416 634 631 691 ἀπέσφαξε.
699 640 861 675 κινεῖται
884 628 955 674 οὖν
974 631 995 674 ὃ
1017 636 1144 687 δῆμος
1163 632 1263 689 πρὸς
1282 638 1423 685 τοῦτο,
1461 635 1530 675 καὶ

82 701 129 744 τὸ
159 708 276 755 μῖσος
298 706 371 743 τοῦ
395 701 590 759 τυράννου
618 707 889 756 προσεποιεῖτο
911 725 961 732 -
980 724 1031 732 —
1053 700 1098 750 ὃς
1121 699 1369 756 δραξάμενος
1387 706 1531 758 καιροῦ

81 767 234 825 ἡγεῖται
253 773 326 811 τοῦ
338 767 562 823 Ῥωμαϊκοῦ
591 766 721 822 δήμου
753 771 819 810 καὶ
844 771 1095 824 παρωθεῖται
1124 773 1197 822 τῆς
1226 771 1435 820 βασιλείας
1464 770 1532 812 τὸν

85 835 323 893 Ταρκύνιον.
390 835 563 892 ἐτιμήθη
585 831 668 887 οὖν,
699 834 754 886 ὥς
767 837 963 891 ἐλέγομεν,
998 835 1109 892 παρὰ
1127 843 1215 885 ταῖς
1233 834 1441 889 Ῥωμαίων
1458 854 1532 892 yv-

28 909 73 946 10
83 906 209 955 ναιξὶν
236 903 257 946 ὃ
283 907 467 962 Βροῦτος
491 903 594 958 μετὰ
621 902 802 946 θάνατον
829 905 1008 960 δημοσίῳ
1031 904 1168 946 πένθει
1197 900 1262 944 οἶα
1285 904 1439 955 ἔκδικος
1459 910 1531 959 τῆς

82 970 367 1030 σωφροσύνης·
401 974 467 1014 καὶ
501 969 689 1029 Βρούτοις
715 970 863 1023 ἑαυτὰς
887 972 1024 1027 ἠξίουν
1059 968 1330 1026 ὀνομάζεσθαι
1348 973 1448 1030 πρὸς
1467 990 1528 1016 τι-

79 1039 162 1094 μὴν
175 1038 378 1096 Βρούτου.

216 1108 294 1152 25.
358 1107 578 1164 βὲρνακλον
596 1106 666 1150 τὸν
684 1104 877 1162 δημόσιον
891 1107 1044 1162 οἰκέτην
1063 1107 1101 1149 οἳ
1115 1104 1306 1160 Ῥωμαῖοι
1326 1110 1530 1150 καλοῦσιν.

79 1174 214 1230 ἐπειδὴ
247 1177 303 1226 εἷς
329 1182 434 1232 τρεῖς
462 1177 608 1232 μοίρας
639 1173 904 1229 ὅῬωμαϊκός
935 1174 1101 1233 διῄρητο
1135 1177 1284 1228 δῆμος,
1318 1177 1482 1231 τρίβους
1502 1174 1529 1230 ἦ

27 1251 70 1288 15
84 1243 191 1300 φυλὴ
214 1242 314 1300 παρ’
335 1243 471 1293 αὐτοῖς
493 1241 715 1297 ὠνομάσθη
745 1245 811 1284 καὶ
839 1247 1042 1299 τριβοῦνοι
1062 1243 1100 1284 οἱ
1120 1241 1334 1299 δήμαρχοι.
1403 1260 1531 1299 φρον-

79 1313 141 1361 τὶς
169 1311 212 1353 δὲ
238 1305 288 1364 ἦν
316 1311 452 1361 αὐτοῖς
479 1315 552 1365 τῆς
584 1310 872 1367 ἱπποδρομίας,
907 1309 962 1359 ὡς
988 1311 1203 1352 ἓπιτελοΐτο
1226 1308 1531 1366 προσηκόντως·

81 1380 148 1420 καὶ
189 1378 257 1420 διὰ
283 1383 400 1421 τοῦτο
427 1382 636 1434 τριβοῢνος
663 1377 718 1420 ἔτι
745 1380 810 1419 καὶ
847 1382 918 1419 νῦν
952 1375 1103 1433 ἡγεῖται
1134 1382 1214 1420 τῶν
1242 1377 1531 1431 βολουπτάτων

81 1447 190 1500 (ἀντὶ
214 1450 287 1488 τοῦ
303 1451 381 1488 τῶν
394 1443 612 1502 ’τέ’ρψειον).
639 1450 761 1501 τριῶν
781 1443 986 1501 ἁρμάτων,
1010 1447 1076 1487 καὶ
1100 1445 1146 1486 οὗ
1164 1444 1376 1501 τεττάρων,
1410 1444 1532 1499 ἅμιλ-

79 1514 266 1567 λωμὲνων
286 1515 348 1555 ἐπὶ
367 1518 437 1567 τῆς
456 1514 742 1568 ἱπποδρομίας,
779 1514 817 1554 οἶ
836 1514 910 1566 μὲν
931 1511 1146 1568 ῥονσσάτοι
1157 1544 1170 1563 ,
1207 1513 1324 1554 οἱονεὶ
1347 1514 1531 1571 ἐρυθροί,

23 1581 118 1624 20οἶ
140 1582 183 1623 δὲ
209 1579 378 1635 ἆλβάτοι
403 1581 519 1623 οἱονεὶ
542 1582 695 1631 λευκοί,
731 1581 770 1622 οἱ
801 1581 843 1622 δὲ
870 1582 1024 1636 βίριδες
1045 1581 1162 1622 οἱονεὶ
1193 1580 1388 1637 ἀνθηροί·
1422 1599 1531 1638 πρα-

78 1650 214 1699 σίνους
247 1650 291 1691 δὲ
325 1649 471 1699 αὐτοὺς
498 1652 568 1690 νῦν
596 1646 952 1704 προσαγορεύουσι.
1040 1649 1105 1690 καὶ
1148 1649 1187 1689 οἷ
1215 1649 1290 1701 μὲν
1315 1648 1531 1705 ῥουσσάτοι

76 1717 214 1771 ἠξίουν
234 1722 308 1759 τοῦ
320 1716 457 1774 Ἄρεος
479 1714 596 1768 εἶναι,
624 1717 662 1758 οἱ
681 1717 724 1758 δὲ
746 1718 876 1758 λευκοὶ
898 1719 973 1758 τοῦ
987 1714 1102 1767 Διός,
1139 1717 1176 1758 οἱ
1201 1718 1245 1758 δὲ
1267 1717 1440 1772 ἀνθηροὶ
1459 1722 1531 1772 τῆς

71 1785 323 1842 Ἀφροδίτης.
401 1783 568 1842 ὕστερον
598 1785 642 1826 δὲ
669 1786 736 1827 καὶ
772 1784 817 1828 τὸ
853 1785 1036 1838 βένετον*
1087 1785 1272 1838 βενέτους
1306 1785 1351 1827 δὲ
1381 1785 1529 1836 αὐτοὺς
1549 1797 1586 1832 p.
1610 1788 1657 1824 73

170 1893 214 1938 1‘7
233 1899 498 1948 βονλουπάτων
521 1902 567 1938 V.

77 2003 182 2047 nium,
200 2014 264 2048 pro
283 2014 424 2039 saevum
442 2007 478 2039 et
497 2003 679 2047 crudelem,
701 2003 886 2039 vocabant.
918 2003 1005 2038 nihil
1023 2007 1136 2039 autem
1154 2013 1219 2050 par
1236 2003 1397 2049 genuerit
1413 2003 1527 2039 odium

76 2054 182 2094 atque
201 2049 299 2084 haec.
345 2050 405 2084 illa
422 2051 528 2094 igitur
546 2050 710 2084 Lucretia
726 2051 940 2084 honestatem
964 2051 1063 2095 regia
1082 2051 1318 2085 familiaritate
1344 2058 1526 2095 praestan-

76 2095 200 2128 tiorem
217 2100 306 2139 rata,
326 2107 390 2130 nec
408 2096 465 2129 illa
480 2095 554 2130 sola
571 2107 690 2130 verum
706 2096 809 2130 etiam
826 2096 899 2129 vita
914 2095 1002 2140 ipsa,
1025 2096 1200 2130 arcessitis
1218 2096 1290 2130 suis
1309 2103 1414 2140 atque
1434 2108 1527 2130 com-

76 2146 264 2175 memorato
291 2152 353 2174 suo
381 2141 526 2183 delicto,
550 2142 658 2185 quod,
682 2141 713 2175 si
734 2140 872 2185 quidem
891 2142 1049 2186 volebat,
1072 2141 1276 2176 delitescere
1296 2147 1458 2186 poterat,
1488 2154 1528 2176 se

76 2185 167 2230 ipsa,
184 2187 427 2230 praesentibus
445 2186 634 2231 pudicitiae
651 2186 812 2231 testibus,
831 2186 1020 2221 interfecit.
1067 2187 1186 2231 itaque
1203 2192 1362 2221 movetur
1379 2188 1527 2231 populus

77 2230 145 2264 hoc
164 2231 269 2274 facto,
289 2236 326 2264 et
345 2231 459 2266 odium
477 2232 616 2275 tyranni
634 2231 816 2266 simulabat
830 2251 875 2257 —-
889 2248 934 2257 ——
961 2233 1022 2276 qui
1040 2238 1179 2276 arrepta
1197 2232 1378 2266 occasione
1397 2232 1525 2276 populo

77 2276 232 2310 Romano
251 2287 290 2309 se
309 2277 428 2310 ducem
445 2279 610 2322 praebet,
633 2282 670 2311 et
685 2289 792 2321 regno
812 2277 954 2322 expellit
972 2278 1213 2322 Tarquinium.
1261 2277 1439 2311 colebatur
1457 2278 1525 2321 igi-

77 2326 147 2364 tur,
167 2326 206 2354 ut
224 2320 369 2356 diximus
381 2348 391 2365 ‚
411 2333 432 2356 a
447 2324 677 2357 Romanorum
698 2323 834 2357 feminis
852 2324 980 2356 Brutus
998 2330 1079 2368 post
1095 2329 1239 2357 mortem
1264 2323 1403 2367 publico
1420 2323 1525 2366 luctu,

76 2371 239 2446 {anquam
259 2366 388 2402 vindex
407 2368 618 2413 pudicitiae3
641 2374 678 2403 et
694 2369 820 2402 Brutus
839 2381 918 2404 sese
935 2368 1101 2403 volebant
1118 2368 1288 2403 nominari
1304 2368 1342 2402 in
1362 2369 1527 2402 honorem

107 2412 190 2446 ruti.

166 2457 226 2492 25.
270 2457 499 2493 vernaculum
516 2468 655 2493 servum
674 2458 847 2503 publicum
865 2458 1011 2493 Romani
1026 2462 1166 2493 vocant.
1214 2469 1289 2493 cum
1304 2458 1341 2492 in
1356 2462 1427 2492 tres
1443 2468 1527 2501 par-

78 2506 133 2536 tes
155 2502 302 2546 populus
326 2504 499 2538 Romanus
518 2504 722 2539 distributus
743 2510 854 2548 esset,
889 2505 1001 2538 tribus
1028 2506 1290 2548 (Graecorum)
1314 2501 1411 2546 φυλή
1435 2503 1527 2546 apud

80 2559 140 2581 eos
159 2546 252 2581 dicta
270 2553 342 2592 est,
374 2555 411 2584 et
425 2550 569 2584 “tribuni
588 2548 777 2594 δήμαρχοι.
825 2551 993 2584 curabant
1017 2555 1131 2584 autem
1152 2555 1325 2583 certamen
1352 2554 1526 2593 equestre,

77 2598 120 2626 ut
141 2593 209 2626 rite
229 2600 476 2638 perageretur-3
505 2601 609 2640 atque
637 2596 725 2629 hanc
754 2597 798 2630 ob
823 2607 958 2629 causam
977 2596 1136 2629 tribunus
1156 2595 1258 2628 etiam
1278 2606 1367 2628 nunc
1385 2598 1528 2638 praeest

77 2636 327 2682 voluptatibus.
372 2640 484 2674 tribus
503 2642 681 2684 curribus,
713 2650 826 2685 neque
847 2646 1022 2685 quattuor,
1047 2640 1260 2674 certantibus
1283 2640 1319 2672 in
1337 2638 1525 2673 certamine

77 2683 252 2727 equestri,
273 2695 354 2762 flurs
378 2691 478 2720 erant
496 2687 644 2730 russati,
667 2698 747 2730 pars
773 2685 900 2729 albati,
926 2685 986 2719 alii
1006 2685 1161 2725 virides3
1186 2696 1372 2729 porraceos
1410 2689 1524 2718 autem

75 2739 167 2762 nunc
185 2740 274 2773 appe
299 2734 371 2763 ant.
418 2735 455 2764 et
470 2731 596 2766 russati
616 2731 779 2766 volebant
799 2729 924 2765 Martis
943 2742 1032 2775 esse,
1058 2731 1127 2765 albi
1147 2730 1255 2773 Iovis,
1275 2728 1393 2763 floridi
1410 2734 1525 2763 autem

76 2773 238 2808 Veneris.
278 2779 401 2819 postea
418 2787 502 2809 vero
520 2781 664 2811 venetus
684 2788 821 2822 quoque
844 2779 980 2820 (currus
999 2777 1222 2818 accedebat):
1243 2780 1389 2808 venetos
1411 2779 1524 2808 autem

77 2829 137 2852 eos
154 2819 268 2863 patrio
288 2831 447 2855 sermone
466 2827 604 2868 vocant,
626 2822 758 2868 (quasi)
778 2824 894 2857 ferreo
915 2822 1030 2857 colore
1053 2822 1180 2856 tinctos
1201 2821 1248 2864 (s.
1267 2820 1524 2866 ferrugineos)=

130 2870 275 2908 loarmes
302 2872 431 2918 Lydus.
