1748 3210
623 140 699 182 DE
731 138 1006 182 MENSIBUS
1038 137 1112 181 111.
1531 135 1595 181 29

152 254 228 310 [ὅτι
247 254 429 308 βίσεξτον
450 250 602 308 λέγεται
622 251 690 293 διὰ
708 251 754 294 τὸ
772 252 834 302 δὶς
853 250 931 309 πρὸ
953 248 1000 303 (ἐξ
1016 251 1226 309 καλανδιῦν
1248 246 1451 307 Μαρτίων
1473 247 1597 307 ἀριθ-

149 330 237 378 μεῖν
265 320 376 378 παρὰ
408 322 636 376 τετραετίαν
663 319 908 374 Ῥωμαίους,
937 322 1004 362 καὶ
1037 320 1079 363 ἐν
1105 318 1249 377 τούτῳ·
1266 317 1335 361 τὸν
1366 320 1598 375 ζωογονικόν

150 389 329 447 ἀριθμὸν
346 390 652 445 ἐπιτηροῦντας·
677 388 921 445 Ἀφροδίτης
942 390 985 430 δὲ
1001 380 1131 439 οὗτος,
1161 388 1308 445 ἔφορος
1331 388 1374 430 δὲ
1390 385 1598 441 Ῥωμαίων

143 458 390 516 Ἀφροδίτη]
456 461 530 499 τοῦ
554 457 632 514 γὰρ
659 459 927 510 μεταβολικοῢ
952 455 1153 511 σώματος,
1172 455 1276 499 κατὰ
1306 455 1380 510 τὴν
1400 457 1599 513 σφετέραν

115 531 222 577 5τοῦ
238 524 394 582 βάρους
414 524 630 581 ἀναλογίαν
650 529 699 580 τῇ
723 529 774 580 γῇ
791 525 1098 579 περιχυθέντος,
1128 525 1343 581 ἀναγκαῖον
1365 518 1415 578 ἦν
1436 524 1481 567 τὸ
1499 522 1597 578 μέλ-

147 598 220 637 λον
238 593 467 649 πλησιάζειν
491 594 594 649 αὐτῇ
616 591 748 647 πάσης
769 593 946 646 μετέχειν
970 592 1197 647 δυνάμεως·
1226 593 1288 636 διὸ
1320 591 1596 650 περιαρμοσά4

146 675 267 718 μενος
283 660 304 704 ὅ
323 661 421 712 θεὸς
444 659 516 716 τὴν
529 660 763 716 σεληνιακὴν
781 667 962 718 σφαῖραν
979 659 1111 716 πάσης
1127 660 1374 715 μετέχουσαν
1393 660 1601 716 δυνάμεως

148 735 229 774 τῶν
244 732 496 788 δραστηρίων
520 730 706 786 σφαιρῶν
723 729 890 783 πλησίον
911 733 984 771 τοῦ
1002 729 1153 779 παντὸς
1175 731 1377 784 αἶσθητοῦ
1396 729 1598 785 παρεστή-

148 803 248 843 σατο
270 798 418 856 ἔφορον
430 802 510 840 τῶν
530 799 746 851 στοιχείων.
824 796 923 839 ὅθεν
942 800 1009 839 καὶ
1029 796 1220 854 τετρακέᾳ
1228 799 1325 839 αλον
1342 796 1413 852 τὴν
1429 797 1600 853 Ἑκάτην

95 866 171 912 1οὅ
199 866 393 922 μυστικὸς
423 867 677 923 παραδίδωσι
705 863 823 922 λόγος
857 864 925 908 διὰ
957 865 1009 908 τὰ
1042 867 1219 923 τέσσαρα
1254 872 1451 919 στοιχεῖα·
1485 864 1598 920 καὶὴ

146 937 221 991 μέν
253 937 471 992 πυρίπνους
502 939 576 976 τοῦ
599 932 726 976 ἰ’ππου
758 929 915 991 κεφαλὴ
942 936 1065 989 δῆλον
1101 932 1157 984 ὥς
1189 935 1245 984 εἷς
1274 933 1347 989 τὴν
1370 939 1443 975 τοῦ
1472 934 1601 990 πυρὸς

148 1008 329 1062 σφαῖραν
347 1003 610 1060 ἀναφέρεται,
644 1000 671 1057 ἦ
699 1003 744 1045 δὲ
771 1007 844 1045 τοῦ
864 1000 1016 1060 ταύρου
1042 1003 1256 1058 μυκωμένη
1279 999 1486 1056 δαιμόνιόν
1509 1020 1599 1045 τινα

146 1071 366 1127 μυκηθμὸν
389 1073 445 1121 εἷς
460 1068 532 1125 τὴν
551 1074 624 1114 τοῦ
641 1070 779 1128 ἀέρος,
813 1069 839 1126 ἦ
862 1071 905 1114 δὲ
928 1076 1002 1114 τοῦ
1027 1070 1175 1128 ἀνδρὸς
1195 1070 1318 1127 πικρὰ
1339 1073 1405 1112 καὶ
1426 1068 1601 1120 daturne,-

149 1139 271 1198 φύσις
288 1142 344 1190 εἷς
365 1140 437 1195 τὴν
459 1141 531 1181 τοῦ
552 1139 722 1191 ὕδατος,
756 1138 782 1195 ἦ
813 1140 857 1182 δὲ
877 1145 951 1183 τοῦ
970 1140 1089 1190 κυνὸς
1107 1137 1324 1195 κολαστικὴ
1344 1142 1411 1181 καὶ
1428 1139 1604 1196 τιμωρὸς

95 1220 138 1256 15
149 1211 205 1259 εἷς
225 1208 297 1263 τὴν
315 1213 402 1265 γῆν,
422 1207 519 1250 ὅθεν
534 1210 600 1250 καὶ
623 1206 829 1264 Κέρβερον
850 1208 977 1263 αὐτὴν
997 1209 1113 1250 οἱονεὶ
1138 1207 1366 1264 κρεωβόρον
1389 1208 1426 1249 οἳ
1441 1210 1603 1263 ποιηταὶ

147 1275 527 1335 προσαγορεύουσιν.
596 1276 720 1331 αὐτῆς
752 1271 823 1318 οὖν
854 1282 926 1331 τῆς
955 1275 1123 1331 σελήνης
1151 1281 1232 1319 τῶν
1264 1274 1471 1333 τεσσάρων
1492 1294 1603 1318 στοι·

143 1348 265 1400 χείων
286 1343 534 1401 κρατούσης,
562 1342 723 1394 εῗκότως
751 1345 789 1387 οἱ
809 1347 974 1387 παλαιοὶ
994 1345 1067 1401 τὴν
1085 1342 1216 1402 ἀρχὴν
1234 1350 1307 1388 τοῦ
1328 1342 1442 1395 ἔτους
1463 1345 1602 1402 ἄμφο-

148 1414 276 1471 τέροις
297 1412 383 1467 ἅμα
406 1413 594 1455 ἀνέθεντο
615 1416 699 1462 τοῖς
720 1414 863 1469 φωσίν.
1597 1461 1599 1463 ¹

284 1482 329 1527 5.
363 1479 483 1536 [ὅτιῆ
497 1479 640 1535 σελήνη
654 1486 860 1536 προσεχῶς
871 1479 1081 1535 ἐπιβέβηκε
1093 1482 1174 1522 τῶν
1187 1481 1383 1536 γεννητῶν
1392 1479 1524 1533 παντί,
1539 1482 1606 1523 καὶ

80 1546 279 1596 &uncina
297 1551 538 1605 κυβερνᾶται
557 1545 608 1591 τὰ
628 1551 722 1605 τῇδε
746 1550 922 1606 ἐναργῶς
943 1545 1017 1590 ὑπ’
1047 1548 1184 1603 αὐτῆς,
1203 1546 1259 1599 ὦς
1279 1549 1330 1591 τὰ
1349 1546 1463 1605 λόγιά
1482 1561 1607 1607 φασι·

351 1617 527 1675 Νύμφαι
547 1625 712 1674 πηγαῖαι
729 1619 795 1660 καὶ
820 1617 983 1675 ε’νύδρια
1006 1615 1214 1671 πνεύματα
1233 1616 1388 1670 πάντα,
1628 1632 1665 1668 p.
1689 1622 1736 1657 32

350 1688 417 1728 καὶ
429 1684 590 1740 χθόνιοι
615 1682 756 1729 κόλποι
779 1704 821 1729 τε
839 1689 907 1729 καὶ
926 1687 1053 1744 ἠέριοι
1072 1687 1139 1728 καὶ
1155 1683 1328 1742 ὕπαυγοι
1337 1714 1352 1738 ,

240 1794 261 1829 1
286 1787 347 1829 ὅτι
363 1813 410 1820 -
433 1794 456 1829 4
475 1791 682 1839 Ἀφροδίτη]
703 1793 869 1839 βίσεξτον
888 1791 946 1834 δὶς
962 1787 1034 1836 πρὸ
1053 1790 1308 1836 ἓξ,καλανδῶ’ν
1319 1790 1506 1837 Μαρτίων
1522 1789 1604 1835 ‹ipt-

236 1841 383 1884 θμῆσαι
406 1840 466 1874 δεῖ
484 1836 588 1885 παρὰ
612 1842 823 1882 τετραετίαν
842 1835 915 1884 ΒΡ,
940 1838 1067 1874 ceteris
1089 1838 1239 1873 omissis.
1380 1841 1422 1874 13
1445 1837 1601 1883 ἀνδρὸς]

235 1882 355 1929 ὕδρου
377 1886 520 1920 Hasius.
683 1885 725 1921 17
750 1883 975 1930 ἀμφοτέροις
998 1886 1193 1920 Riitherus:
1213 1886 1303 1930 apud
1324 1884 1349 1918 S
1373 1882 1601 1929 ἀμφότερον.

236 1932 281 1966 21
305 1930 465 1976 Νύμφαι
482 1953 527 1960 --
552 1944 588 1978 p.
611 1933 658 1967 30
680 1932 704 1966 2
730 1930 903 1978 α’βύσσων
927 1943 983 1967 om
1004 1931 1047 1966 P.
1185 1932 1233 1966 22
1254 1943 1292 1966 τε
1311 1932 1380 1966 add
1402 1932 1443 1966 S.

147 2030 285 2058 annum.
309 2042 355 2048 --
378 2020 576 2058 Bissextum
598 2023 746 2066 dicitur,
770 2023 931 2068 quoniam
956 2035 978 2058 a
996 2019 1020 2058 6
1039 2020 1120 2057 Kal.
1147 2020 1295 2057 Martias
1320 2027 1444 2068 qnarto
1465 2030 1604 2068 quoque

147 2080 237 2103 anno
254 2068 311 2103 bis
331 2072 577 2114 computabant
596 2070 755 2113 Romani,
779 2070 844 2104 hac
860 2079 998 2114 quoque
1017 2069 1052 2103 in
1069 2081 1108 2103 re
1128 2069 1261 2103 numeri
1278 2070 1418 2103 secundi
1435 2069 1605 2103 rationem

146 2111 336 2148 habentes:
360 2111 508 2149 Veneris
531 2115 620 2150 enim
644 2116 700 2150 hic
715 2122 783 2160 est,
807 2126 950 2161 praeses
972 2122 1085 2149 autem
1105 2114 1337 2149 Romanorum
1356 2110 1489 2149 Venus.
1508 2134 1606 2139 ——-

148 2171 296 2205 corpore
311 2161 401 2194 enim
417 2161 573 2196 mutabili
593 2173 656 2207 pro
675 2173 737 2196 sua
755 2159 918 2206 ponderis
938 2161 1075 2195 ratione
1091 2166 1208 2195 terrae
1223 2162 1442 2204 circumfuso,
1460 2168 1606 2194 necesse

148 2212 243 2249 erat,
268 2207 361 2251 quod
378 2208 422 2241 ad
440 2219 514 2241 eam
540 2215 755 2241 accessurum
777 2214 869 2251 erat,
894 2207 928 2242 id
955 2207 1065 2241 omnis
1091 2206 1266 2252 particeps
1298 2218 1375 2241 esse
1405 2203 1603 2252 potestatis.

146 2258 337 2296 propterea
356 2252 440 2286 deus
464 2265 539 2286 cum
565 2258 721 2298 aptasset
739 2254 857 2287 orbem
876 2252 1029 2287 lunarem
1050 2253 1159 2286 omnis
1185 2252 1390 2298 participem
1419 2252 1605 2298 potestatis

147 2292 341 2331 efficacium
357 2299 502 2341 orbium,
523 2310 632 2344 prope
651 2297 694 2333 ab
714 2300 877 2333 universo
899 2299 1059 2334 sensibus
1072 2294 1233 2334 subiecto
1246 2298 1429 2333 collocavit
1442 2304 1605 2342 tanquam

145 2343 341 2388 praesidem
362 2339 619 2379 elementorum.
667 2346 758 2379 unde
773 2345 876 2379 etiam
899 2349 1064 2390 quattuor
1080 2340 1253 2390 capitibus
1276 2343 1469 2390 praeditam
1487 2342 1603 2376 Heca-

146 2394 208 2422 ten
225 2388 374 2433 mystica
392 2390 502 2424 tradit
519 2390 688 2435 doctrina,
713 2397 858 2436 propter
879 2397 1043 2436 quattuor
1062 2390 1252 2433 elelnenta3
1277 2396 1313 2425 et
1331 2391 1445 2435 ignem
1463 2400 1606 2422 vomens

148 2434 230 2478 equi
252 2442 356 2480 caput
370 2436 415 2470 ad
429 2435 520 2481 ignis
544 2438 663 2470 orbem
678 2437 806 2471 referri
825 2442 990 2482 apparet,
1015 2436 1106 2470 tauri
1129 2437 1285 2481 mugiens
1304 2435 1438 2481 ingenti
1458 2436 1606 2479 quodam

147 2479 280 2524 mugitu
292 2482 336 2516 ad
350 2481 462 2525 aeris,
486 2482 554 2516 viri
571 2484 732 2517 acerbam
753 2489 789 2517 et
815 2482 1012 2517 instabilem
1030 2487 1187 2516 naturam
1206 2484 1250 2516 ad
1273 2493 1402 2526 aquae,
1429 2481 1524 2514 canis
1543 2491 1605 2513 au-

147 2528 219 2558 tem
245 2527 290 2560 ad
314 2527 551 2571 castigandum
578 2534 614 2563 et
642 2527 685 2564 ad
708 2529 970 2563 custodiendum
998 2540 1207 2573 propensam
1236 2529 1279 2562 ad
1310 2535 1452 2562 terram.
1515 2527 1607 2560 unde

147 2569 262 2624 etiam⁸
270 2569 455 2616 Κέρβερον
472 2585 546 2608 eam
566 2571 683 2619 (quasi
703 2573 912 2619 κρεωβόρον
932 2572 958 2608 ἰ.
977 2586 1009 2607 e.
1032 2574 1265 2616 carnivorum)
1280 2574 1404 2618 poetae
1418 2571 1606 2617 appellant.

147 2626 226 2659 ipsa
251 2616 359 2670 lgitur
381 2617 462 2652 luna
487 2630 563 2654 cum
586 2626 750 2665 quattuor
778 2619 957 2655 elementis
983 2616 1137 2665 praesit,
1162 2618 1286 2654 merito
1305 2625 1445 2653 veteres
1463 2617 1599 2652 initium

146 2661 229 2695 anni
250 2667 384 2707 utrique
401 2660 500 2698 simul
519 2666 676 2700 dicarunt
687 2662 820 2701 lumini.

239 2708 274 2742 5.
320 2708 420 2742 Luna
431 2711 592 2745 continuo
605 2723 680 2746 cum
696 2713 820 2757 quavis
840 2723 955 2746 rerum
965 2715 1207 2757 generatarum
1217 2707 1301 2744 coiit
1311 2709 1352 2752 (i.
1367 2722 1399 2743 e.
1417 2709 1599 2743 fecundam

147 2763 222 2787 eam
239 2751 394 2788 reddidit
419 2781 428 2797 ‚
454 2761 490 2789 et
509 2755 621 2792 omnia
638 2769 727 2803 quae
743 2764 824 2792 sunt
836 2759 880 2792 ab
897 2770 940 2792 ea
951 2757 1139 2802 gubernari
1156 2756 1376 2801 perspicuum
1396 2760 1460 2798 est,
1485 2761 1524 2789 ut
1546 2759 1601 2788 est

146 2796 184 2832 in
203 2798 352 2834 oraculis
373 2796 382 2809 '
403 2800 588 2847 Nymphae
609 2801 756 2838 fontium
777 2810 970 2849 cunctaque
989 2803 1128 2838 numina
1151 2801 1328 2847 aquatilia,
1355 2807 1392 2835 et
1410 2801 1504 2835 sinus
1525 2806 1598 2839 ter-
