1748 3210
267 208 395 238 xxxvi
634 195 778 239 HASII
810 196 885 243 DE
915 195 1120 238 IOANNE
1152 196 1305 238 LYDO

269 337 382 376 quem
411 325 526 362 Troia
546 333 768 376 expugnata
787 332 859 371 est,
886 324 1115 375 Euphorion
1134 336 1291 371 navem,
1325 324 1400 362 alii
1417 323 1551 361 urbem
1553 323 1687 376 suis-ee

268 392 442 429 eredunt.
503 399 542 429 at
563 394 650 444 quis
671 406 750 430 non
772 391 879 430 videt
898 389 1110 440 legendum
1130 389 1252 442 ἕτεροί
1278 402 1376 440 φασι
1397 393 1443 429 H
1446 393 1604 430 YAHN
1618 405 1687 444 γε-

269 456 438 497 νέσθοιι.ρ
467 458 572 509 quod
592 465 737 496 castam
757 471 840 495 esse
859 458 1067 494 lectionem
1092 463 1173 493 tam
1199 458 1412 494 sententiae
1430 458 1687 495 concinnitate

268 535 387 575 quam
401 524 622 562 fabularum
637 526 868 562 Troicarum
883 522 1208 574 explicationibus
1230 523 1488 560 confirmatur.
1517 530 1556 561 et
1570 524 1687 574 paulo

266 597 355 641 post
373 603 414 641 p.
435 591 512 631 125
534 592 604 628 lin.
631 592 675 630 1:
716 586 943 642 Ἀσκληπιοὶ
970 593 1070 641 τρεῖς
1097 587 1272 642 λέγονται
1297 588 1501 641 γενέσθαι,
1534 592 1689 643 πρῶτος

265 651 504 703 ’Λπόλλωνος
528 659 598 696 τοῦ
613 654 849 704 Ἡφαίστου,
891 653 936 702 ὃς
962 654 1093 707 ἐξεῦρε
1116 651 1268 707 μήλην·
1308 652 1487 709 δεύτερος
1518 652 1690 708 (Ἰσχύος

265 723 340 760 τοῦ
358 718 515 762 Ἐλάτου
537 720 603 761 καὶ
625 721 880 772 Κορωνίδος)
906 719 1031 772 ὁρίοις
1051 716 1176 772 ἐτάφη
1189 735 1199 746 ·
1237 721 1365 772 τρίτος
1382 719 1599 774 ’Λρσίππου
1621 721 1689 762 καὶ

265 781 466 838 Ἀρσινόης
484 790 554 838 τῆς
572 788 815 829 Λευκίππου.
873 782 988 835 οὗτος
1010 781 1098 839 εὗρε
1116 784 1241 838 τομήν
1258 786 1326 826 καὶ
1344 783 1596 841 ὀδοντάγραν,
1622 787 1691 828 καὶ

266 847 394 902 τάφος
417 848 525 906 αύτῷ
542 853 585 893 ἐν
605 850 798 909 Ἀρκαδίᾳ.
852 855 887 892 is
904 855 1012 892 locus
1027 854 1168 904 partim
1184 851 1436 905 depromptus
1455 860 1514 890 est
1529 866 1581 890 ex
1599 854 1691 890 Cle-

266 919 410 955 mentis
431 918 690 956 Alexandrini
711 919 984 958 Cohortatione
1006 918 1057 956 ad
1078 925 1212 969 gentes
1233 919 1320 970 (lib.
1340 922 1362 960 1
1382 919 1444 957 ed.
1457 921 1602 956 Potter.
1617 925 1648 956 t.
1667 921 1689 959 1

269 985 412 1023 Oxonii
437 984 564 1032 1715,
592 986 662 1022 fol.
691 999 729 1036 p.
749 986 842 1037 25),
871 987 1014 1037 partim
1031 986 1095 1023 vel
1111 1000 1132 1022 e
1153 986 1357 1034 Cicerone,
1386 987 1452 1023 vel
1475 998 1527 1022 ex
1543 986 1691 1022 Graeco

269 1050 454 1100 scriptore
473 1050 542 1087 illo
561 1063 678 1102 quem
694 1053 827 1090 Cicero
849 1053 1053 1102 exscripsit
1073 1050 1121 1088 de
1139 1054 1186 1089 N.
1202 1053 1251 1088 D.
1270 1052 1296 1091 3
1323 1054 1400 1092 22:
1430 1051 1693 1101 Aesculapio-

268 1129 358 1152 rum
370 1117 526 1165 primus
544 1117 766 1167 Apollinis,
795 1131 908 1168 quem
926 1118 1107 1155 Arcade-9
1127 1117 1259 1154 colunt
1269 1132 1286 1164 ;
1318 1119 1388 1168 qui
1405 1118 1610 1168 specillum
1629 1118 1694 1154 ἰη-
1713 1165 1715 1168 .

268 1183 416 1218 venisse
433 1184 666 1234 primusque
693 1183 838 1221 vulnus
868 1184 1011 1220 dicitur
1033 1184 1288 1234 obligavi-sse:
1318 1184 1511 1220 secundus
1533 1183 1696 1221 secundi

268 1248 463 1284 Mercurii
473 1249 623 1298 flater5
651 1251 686 1285 is
697 1249 875 1299 fulmine
887 1262 1092 1299 percussus
1109 1250 1252 1286 dicitur
1269 1248 1455 1286 humatae
1471 1262 1549 1286 esse
1567 1250 1694 1299 Cyno-

268 1314 369 1350 suris
380 1328 392 1350 .·
432 1316 565 1351 tertius
582 1315 754 1363 Arsippi
769 1322 804 1350 et
816 1315 1036 1359 Arsinoae,
1076 1316 1145 1364 qui
1155 1316 1310 1363 primu-s·
1319 1318 1596 1364 purgationem
1610 1315 1697 1353 alvi

144 1393 180 1427 p.
200 1391 250 1415 nx
274 1379 332 1430 (in
350 1378 461 1430 Lydo
477 1384 610 1416 tamen
626 1375 771 1429 τομήν)
794 1380 993 1429 dentisque
1012 1380 1264 1424 evulsionem,
1294 1386 1339 1415 ut
1341 1379 1484 1429 jerunt
1486 1408 1502 1426 ,
1531 1382 1696 1428 invenit;

268 1446 381 1482 cuius
400 1446 443 1481 in
459 1444 643 1481 Arcadia
660 1457 738 1480 non
757 1443 871 1494 longe
896 1458 923 1481 α
940 1445 1063 1482 Lusio
1085 1445 1258 1493 flumine
1280 1445 1501 1495 sepulerum
1528 1454 1564 1484 et
1583 1447 1696 1484 lucu-9

267 1510 493 1547 ostenditur.
561 1509 679 1547 verba
709 1515 863 1557 autem,
903 1505 1081 1562 δεύτερος
1104 1510 1228 1563 ὁρίοις
1249 1507 1396 1562 ἐτάφη,
1435 1513 1586 1562 comple
1616 1514 1694 1550 sic:

270 1578 357 1615 EN
384 1577 509 1614 ΤΟΙΣ
536 1575 957 1615 ΚΤΝΟΣΟΤΡΙΔΟΣ
982 1573 1103 1628 ὁρίοις
1126 1573 1268 1628 ἐτάφη.
1324 1577 1385 1614 Fl.
1405 1577 1584 1616 Clemens
1606 1579 1693 1616 loco

270 1641 336 1678 cit.
353 1654 394 1692 p.
411 1641 464 1680 26
483 1640 555 1677 lin.
580 1639 630 1678 8:

515 1701 615 1751 Ζεῦς
632 1701 706 1757 γάρ
727 1703 919 1754 κατακτοῖς
942 1708 1065 1747 παῖδα
1083 1705 1152 1748 τᾶν
1171 1704 1267 1760 ἒμόν
1284 1707 1426 1757 αἴτιος,

509 1765 759 1822 Ἀσκληπιόν,
798 1770 1013 1824 στέρνοισιν
1033 1771 1213 1825 ἐμβαλών
1232 1771 1370 1827 φλόγα.

271 1830 387 1884 οὗτος
415 1833 487 1888 μὲν
516 1830 590 1876 οὖν
616 1841 739 1876 κεῖται
765 1838 1032 1887 κεραυνωθεὶς
1056 1839 1099 1879 ἐν
1127 1844 1209 1887 τοῖς
1231 1837 1528 1891 Κυνοσούριδος
1556 1838 1696 1893 ὁρίοις.

271 1903 443 1940 sustineo
468 1915 532 1938 me
553 1901 629 1940 hoc
651 1904 757 1951 loco,
795 1903 1013 1955 mendaque
1047 1904 1227 1957 deinceps
1254 1907 1479 1958 sequentia,
1507 1914 1697 1958 quotquot

273 1975 386 2015 sunt,
415 1981 494 2004 nou
516 1981 725 2019 exsequar,
757 1969 862 2020 quod
888 1972 980 2007 satis
1011 1970 1317 2010 demonstratum
1343 1986 1427 2010 esse
1456 1973 1618 2010 arbitror
1647 1971 1698 2009 ad

270 2032 599 2083 pei-purgandum,
625 2047 744 2085 prope
767 2034 906 2084 dicam,
936 2036 986 2073 ad
1003 2038 1214 2087 legendum
1234 2040 1413 2076 libellum
1431 2037 1480 2076 de
1498 2039 1697 2076 mensibus

271 2112 368 2148 opus
388 2112 471 2136 esse
493 2100 660 2137 aliorum
679 2108 878 2138 auctorum
899 2104 1103 2140 collatione
1117 2133 1127 2152 ,
1166 2119 1254 2142 cum
1274 2107 1559 2157 antiquiorum,
1598 2118 1697 2157 quos

275 2165 479 2214 exscripsit
498 2165 653 2215 Lydus,
697 2174 781 2204 tum
806 2170 1083 2217 recentiorum,
1123 2172 1191 2221 qui
1220 2185 1264 2209 eo
1286 2161 1338 2209 ei
1354 2173 1453 2209 libro
1470 2170 1695 2218 hauserunt,

275 2228 433 2278 Suidae,
463 2230 659 2268 Eudociae
675 2235 885 2282 Augustae,
917 2234 1066 2282 Codini‚
1093 2236 1388 2275 scholiastarum
1404 2239 1566 2289 aliquot,
1589 2238 1698 2287 glos-

275 2308 406 2333 sarum
425 2294 591 2348 denique
610 2299 729 2334 lexici
749 2300 957 2349 Cangiani,
991 2308 1180 2351 quatenus
1195 2302 1272 2341 huc
1291 2306 1498 2354 pertinent,
1527 2315 1579 2340 ex
1593 2305 1697 2339 inte-

276 2374 344 2412 gro
367 2374 482 2412 opere
503 2362 551 2400 de
568 2365 767 2403 Mensibus
794 2366 857 2402 vel
882 2378 933 2402 ex
955 2368 1132 2416 epitomis
1159 2367 1363 2407 delibatae.
1423 2381 1590 2421 quorum
1611 2382 1698 2406 om·-

275 2430 387 2465 uium
411 2430 750 2479 investigationem
789 2433 822 2469 si
847 2432 911 2469 vel
940 2431 1141 2471 Schowius
1175 2437 1407 2485 suscepisset
1428 2436 1492 2472 vel
1516 2433 1697 2483 Beckius,

277 2492 385 2530 haud
419 2502 500 2532 erat
528 2508 620 2533 sane
645 2495 751 2546 quod
775 2498 980 2549 quisquam
1004 2500 1183 2537 meliores
1207 2502 1438 2551 interpretes
1462 2503 1697 2552 requireret:

277 2557 346 2595 sed
367 2558 508 2597 horum
527 2561 692 2597 alterum
709 2562 835 2599 officia
854 2566 960 2614 regia
977 2564 1275 2616 impediverunt,
1304 2568 1470 2604 alterum
1489 2566 1618 2605 studia
1636 2567 1698 2604 di-

279 2637 390 2662 versa
408 2638 531 2678 eaque
552 2628 730 2676 clariora3
757 2641 857 2680 quae
880 2630 977 2668 adeo
1000 2639 1122 2679 ornat,
1152 2638 1196 2668 ut
1214 2634 1332 2683 plane
1349 2646 1427 2670 non
1448 2634 1587 2671 fuisset
1603 2647 1697 2684 pro·-

134 2710 171 2742 Ρ,
196 2707 260 2731 mu
278 2690 451 2740 bandus,
496 2694 530 2731 si
547 2695 772 2744 ingenium,
811 2708 887 2746 quo
907 2705 1081 2736 auctores
1104 2698 1271 2735 illustrat
1294 2699 1438 2736 liberae
1455 2700 1561 2738 illius
1580 2706 1695 2751 atque

277 2756 493 2795 fortunatae
523 2761 729 2811 Graeciae,
755 2762 799 2798 in
825 2765 1010 2814 scriptore
1029 2765 1237 2801 inclina-tae
1259 2768 1571 2817 consumpsisset.
1625 2779 1697 2803 nec
