1748 3210
622 181 696 224 DE
731 166 1039 224 ommim(
1440 179 1537 225 <287

214 297 280 337 12.
345 294 394 332 Εἰ
438 291 477 331 δὲ
527 291 546 329 ὁ
595 294 772 341 τοιοῦτος
813 287 998 345 κομήτης
1045 286 1112 331 ἐπὶ
1161 288 1405 343 μεσημβρίαν
1451 289 1534 339 ὁρᾷ,

95 361 250 411 &yconie
269 363 332 399 καὶ
359 360 460 410 ὀξεῖς
490 357 548 396 ἐπ’
579 359 743 413 ἐκείνην
772 357 942 414 βάλλων
970 354 1071 406 τούς
1098 354 1305 409 πυρσούς,
1333 354 1433 407 περὶ
1457 354 1536 409 τὴν

95 430 252 479 ,θερινὴν
280 429 432 483 τροπήν
461 425 592 476 λοιμὸς
619 426 758 481 βαρὺς
786 425 1043 468 ἐπιπεσεῖται
1070 426 1122 480 τῇ
1158 421 1300 480 Λιβύῃ
1330 423 1403 467 καὶ
1431 425 1536 476 πλῆ-

93 501 171 549 ᾃος
197 501 367 535 ποικίλων
395 499 546 537 κακῶν.
603 493 699 538 ὅταν
740 495 780 533 δὲ
818 493 886 536 ἐπὶ
922 491 1015 549 τὴν
1037 490 1199 546 ἄρκτον
1235 492 1332 548 ἴδῃ,
1380 490 1427 533 ἐκ
1455 493 1536 533 τοῦ

62 554 277 616 stanton
317 563 340 611 ἦ
377 565 494 613 Λιβύη
522 561 622 606 κατὰ
651 565 739 605 τῶν
767 562 955 617 βορείων
984 558 1303 615 στρατεύσεται,
1342 558 1537 613 μεγίστης

98 629 209 686 αὐτῇ
238 632 520 686 συμμαχούσης
547 631 744 678 δυνάμεως·
783 629 1068 672 ἐλαττωθεῖσα
1097 628 1156 680 δέ,
1187 625 1278 670 εἶτα
1302 626 1375 669 καὶ
1405 623 1536 668 δύνα-

95 714 172 753 μιν
199 696 369 754 ξενικήν
397 702 671 748 συλλαβοῦσα,
715 699 783 746 τήν
810 698 874 744 μὲν
904 695 1041 752 ἀρχὴν
1069 694 1153 739 οὐκ
1182 693 1372 750 ἀγεννῶς
1400 698 1537 736 καθο-

95 767 291 810 πλίσεται
317 770 403 809 τῶν
431 766 645 814 ἐναντίων,
691 765 736 804 ου’
773 767 864 812 μετὰ
902 766 992 803 πολύ
1031 763 1076 807 δὲ
1105 765 1166 814 εἰς
1193 765 1379 817 παντελῆ
1407 777 1538 804 κακο-

95 834 328 888 δαιμονίαν
354 839 552 885 πεσεῖται,
583 833 692 877 ὤστε
719 835 815 888 μετὰ
839 834 881 871 τὸ
908 832 1166 880 ἀναιρεθῆναι
1193 829 1317 886 ἐγγὺς
1346 830 1540 878 ἅπαντας

39 901 170 946 mua&
199 899 335 946 αὐτόν
373 900 780 956 ἀνδραποδισθῆναι
818 900 892 942 καὶ
936 901 1098 946 δεθῆναι
1138 900 1203 936 τὸν
1237 897 1416 953 ἡγεμόνα
1456 900 1539 939 τοῦ

94 969 267 1020 ἔθνους.
327 969 470 1014 ἰστέον
498 969 544 1013 δὲ
574 966 632 1019 ὥς
660 965 830 1022 Λιβύην
856 965 936 1020 τὴν
966 963 1051 1008 ἀπὸ
1083 970 1152 1013 τῆς
1192 966 1354 1013 ἐρυθρᾶς
1383 965 1538 1007 θαλάσ-

93 1049 172 1095 σης
200 1037 299 1094 ἄχρι
328 1038 551 1091 Γαδείρων
578 1035 607 1092 ἦ
635 1037 888 1089 Ταρτησσοῦ
916 1031 944 1089 ἢ
971 1037 1047 1088 τῆς
1075 1032 1308 1087 λεγομένης
1335 1039 1413 1077 τοῖς
1441 1036 1536 1070 πλεί-

93 1095 209 1155 στοις
238 1104 413 1153 Γάδεως
450 1102 687 1157 λαμβάνειν
722 1100 870 1156 χρεών.
928 1099 1030 1143 οὐδὲ
1066 1100 1148 1155 γὰρ
1186 1099 1284 1154 περὶ
1327 1101 1535 1153 Αἴγυπτον

90 1173 160 1220 τήν
187 1172 281 1218 λέξιν
307 1173 465 1221 ταύτην,
504 1166 600 1212 ἀλλ’
631 1166 860 1218 &nomme
887 1167 984 1221 περὶ
1014 1167 1092 1222 τὴν
1122 1166 1323 1222 Λιβυκήν
1353 1169 1535 1215 ἐπαρχίαν

39 1252 80 1288 15
93 1242 130 1278 οὶ
156 1241 307 1278 παλαιοὶ
335 1224 686 1292 ἀπελαμβάνοντο,
714 1235 786 1278 καὶ
816 1233 1113 1290 διαφερόντως
1137 1234 1217 1290 τήν
1235 1235 1532 1288 Μαυρουσίαν,

89 1309 153 1345 καὶ
192 1305 274 1345 ὅσαι
309 1309 514 1360 προσεχεῖς
552 1303 633 1346 εἰσὶ
669 1305 760 1350 πρὸς
800 1305 866 1347 τοὶς
905 1305 1033 1353 δύσεις
1062 1300 1280 1358 Εὐρώπῃ,
1321 1301 1443 1358 μόνῳ
1472 1304 1535 1358 τῷ

91 1373 306 1428 λεγομένῳ
343 1376 471 1423 Σεπτῷ
511 1373 603 1410 κατὰ
646 1369 747 1421 τούς
787 1370 1020 1426 ἐπιχωρίους
1057 1370 1190 1413 οἱονεὶ
1226 1374 1413 1426 πορθμῷ
1453 1368 1532 1413 ἀπ’

91 1440 224 1497 αὐτῆς
259 1442 597 1489 διακεχωρισμέναι.
663 1438 796 1492 πέρας
841 1438 886 1481 δὲ
923 1442 1062 1493 λοιμοὶ
1104 1437 1414 1493 ἐκνικήσαντες,
1474 1437 1534 1488 ὦς

89 1507 294 1557 ἀπαρτίσαι
320 1511 402 1556 περὶ
428 1507 544 1563 γένος
575 1508 724 1545 ἕκαστον
752 1506 832 1562 τὴν
860 1506 906 1548 ἐν
934 1508 1090 1557 πολέμῳ
1121 1505 1340 1554 ἀπώλειαν,
1371 1503 1535 1561 αὐχμὸς

34 1576 135 1620 Ξθδὲ
175 1575 217 1627 ἐξ
257 1573 396 1619 αὐτοῦ
433 1575 507 1618 καὶ
546 1573 670 1628 λιμός
708 1574 890 1617 εἰσαῦθις
926 1572 1205 1628 διαφερόντως
1238 1575 1429 1621 ἕνσκήψει,
1481 1574 1534 1623 οἷς

87 1641 278 1698 ἐλεεινήν
307 1642 385 1698 τὴν
414 1642 525 1698 ζωὴν
552 1646 643 1692 τοῖς
671 1645 1006 1696 περιλειφθεῖσιν
1036 1642 1150 1679 εἶναι·
1190 1640 1315 1684 νόσος
1344 1641 1425 1695 γὰρ
1459 1643 1534 1694 βα-

87 1716 182 1766 ρεῖα
210 1710 466 1754 ἐπιπεσεῖται
494 1713 546 1767 τῇ
574 1709 651 1766 νέᾳ
679 1708 844 1764 ἡλικίᾳ,
888 1708 963 1751 καὶ
1000 1710 1023 1751 ὁ
1060 1707 1169 1758 ἥλιος
1199 1706 1533 1763 ἀποστραφήσε-

86 1795 168 1831 ται,
196 1777 271 1822 καὶ
300 1776 514 1834 ἆνομβρία
542 1775 758 1832 λοιμώδης
787 1776 916 1820 ἔσται.
975 1777 1013 1818 εἰ
1043 1775 1088 1819 δὲ
1115 1776 1182 1819 ἐπὶ
1211 1776 1339 1819 δι’σιν
1368 1774 1530 1827 ἀπίδοι,

178 1882 222 1916 12
243 1878 411 1924 γαδήρων
437 1875 461 1922 ἢ
487 1878 671 1923 ταρτησοῦ
699 1878 741 1912 C.
926 1878 968 1912 13
986 1876 1150 1921 ’γάνδεως
1174 1879 1221 1921 C,
1254 1879 1406 1914 secunda
1428 1879 1531 1913 litera

174 1938 284 1971 prope
302 1926 371 1960 iam
393 1925 518 1977 deleta.
542 1926 590 1958 H.
691 1924 731 1958 15
756 1921 839 1968 τὴν]
863 1922 977 1957 malim
1000 1922 1084 1967 περὶ
1106 1921 1189 1968 τὴν.
1214 1925 1261 1959 Η.
1368 1926 1410 1960 15
1435 1927 1528 1959 cons.

175 1973 325 2017 Procop.
344 1972 388 2005 de
409 1971 544 2004 aed1fic.
565 1971 586 2004 Ξ
611 1971 675 2004 117
695 1970 738 2002 C.

177 2063 233 2096 12.
281 2061 417 2102 Quodsi
440 2059 607 2094 eiusmodi
631 2064 778 2093 cometes
806 2059 841 2092 in
864 2059 1039 2092 meridiem
1059 2062 1215 2104 spectat,
1239 2060 1386 2106 pallidas
1411 2066 1447 2096 et
1470 2074 1527 2097 ce-

83 2108 174 2142 leres
201 2119 243 2142 eo
268 2107 455 2152 proiiciens
478 2106 590 2148 saec-35,
624 2105 715 2138 circa
734 2104 916 2138 solstitium
939 2105 1106 2139 aestivale
1132 2107 1241 2140 fames
1262 2108 1382 2150 gravis
1406 2112 1442 2142 et
1465 2121 1527 2142 va—

84 2154 211 2188 riarum
241 2153 470 2187 calamitatum
502 2151 681 2184 multitudo
706 2150 845 2184 Africae
869 2151 1014 2184 accidet.
1063 2151 1116 2185 sin
1145 2164 1227 2185 vero
1252 2159 1388 2197 spectat
1411 2154 1445 2186 in
1471 2167 1528 2187 se-

87 2199 313 2244 ptentriones,
338 2198 457 2232 Africa
476 2204 596 2230 contra
618 2197 653 2229 in
678 2196 869 2240 aquilonios
891 2197 1045 2230 movebit
1071 2197 1215 2240 bellum,
1249 2199 1382 2242 magnis
1406 2202 1447 2234 ad
1473 2200 1529 2233 sui

86 2244 247 2279 auxilium
268 2244 438 2277 adiunctis
463 2242 598 2286 opibus.
646 2242 740 2275 victa
762 2242 1000 2286 nihilominus,
1032 2243 1112 2277 inde
1141 2244 1260 2277 ascitis
1285 2245 1395 2289 copiis
1427 2258 1529 2290 pere-

84 2290 207 2334 grinis,
232 2289 340 2335 primo
364 2289 454 2322 haud
477 2288 602 2332 ignave
624 2288 831 2332 repugnabit
854 2295 973 2322 contra
996 2288 1127 2322 hostes.
1151 2291 1213 2324 sed
1234 2302 1302 2323 non
1327 2290 1430 2324 multo
1449 2298 1531 2335 post

84 2337 122 2369 in
144 2335 504 2369 consummatissimam
527 2334 700 2367 miseriam
723 2333 871 2378 incidet,
910 2340 947 2368 ut
970 2340 1050 2378 post
1072 2335 1216 2368 omnium
1239 2348 1350 2379 paene
1374 2336 1529 2370 interne-

85 2381 218 2415 cionem
240 2380 296 2414 vel
316 2381 478 2425 princeps
496 2379 610 2423 gentis
630 2379 706 2424 ipse
724 2380 926 2413 servitutem
950 2386 985 2413 et
1008 2380 1145 2414 vincula
1168 2393 1236 2415 non
1256 2381 1302 2414 sit
1321 2381 1529 2416 evitaturus.

85 2426 260 2461 sciendum
288 2433 400 2460 autem
429 2425 580 2459 Africam
612 2425 847 2469 accipiendam
882 2437 957 2458 esse
989 2426 1033 2459 de
1062 2426 1205 2470 regione
1239 2427 1331 2459 omni
1364 2439 1384 2460 a
1408 2428 1529 2461 Rubro

25 2506 30 2512 Δ
85 2473 180 2513 muri
194 2483 303 2516 usque
325 2472 460 2506 Gadita
483 2471 558 2505 sive
576 2470 790 2514 Tartessum,
815 2482 889 2513 seu,
914 2477 953 2504 ut
976 2483 996 2505 a
1015 2471 1189 2516 plerisque
1211 2477 1367 2515 vocatur,
1395 2474 1528 2506 Gades.

85 2529 155 2552 non
172 2518 262 2552 enim
279 2518 322 2551 de
340 2518 502 2563 Aegypto
520 2522 659 2550 veteres
684 2517 772 2550 hanc
789 2529 930 2558 vocem,
965 2518 1028 2550 sed
1050 2518 1186 2561 quando
1211 2517 1368 2551 absolute
1391 2519 1529 2562 profer-

85 2569 162 2606 tur,
197 2565 242 2598 de
260 2563 380 2598 Africa
408 2563 590 2608 provincia
620 2568 654 2596 et
687 2563 874 2607 praecipue
905 2563 948 2596 de
978 2562 1189 2596 Mauritania
1218 2565 1453 2608 usurpabant,
1493 2570 1530 2598 et

85 2614 254 2654 quotquot
276 2609 364 2643 aliae
386 2609 546 2653 regiones
569 2609 610 2642 ad
632 2608 843 2642 occidentem
865 2607 1030 2641 finitimae
1051 2613 1129 2642 sunt
1147 2610 1324 2654 Europae,
1361 2610 1435 2643 solo
1459 2611 1527 2643 Se-

83 2661 164 2699 pto,
189 2659 227 2688 ut
242 2654 377 2688 incolae
395 2655 590 2698 nominant,
613 2655 710 2699 quasi
735 2656 844 2697 freto,
879 2655 922 2687 ab
945 2665 987 2686 ea
1004 2653 1201 2687 distinctae.
1248 2656 1290 2688 ad
1315 2662 1523 2700 postremum

83 2706 200 2745 pestes
220 2700 414 2734 obtinentes
434 2702 520 2735 adeo
542 2707 580 2734 ut
601 2705 895 2734 consummaturae
921 2699 991 2732 sint
1012 2699 1094 2733 belli
1117 2700 1359 2744 calamitatem,
1384 2701 1522 2735 siccitas

83 2746 248 2791 deinceps
267 2750 303 2780 et
319 2747 425 2779 fames
448 2758 571 2790 magna
589 2746 731 2790 incidet,
754 2754 793 2779 ut
812 2745 1015 2779 miserabilis
1034 2745 1108 2780 vita
1130 2746 1373 2791 superstitibus
1398 2748 1445 2780 sit
1466 2749 1520 2781 fu-

82 2796 174 2826 tura.
222 2803 300 2826 nam
324 2793 462 2826 mor-bus
495 2793 612 2836 gravis
636 2793 778 2826 invadet
808 2792 1044 2835 iuventutem,
1082 2791 1132 2825 sol
1161 2798 1256 2826 retro
1287 2798 1521 2836 convertetur,

81 2836 221 2882 pluviae
243 2837 362 2883 inopia
384 2837 553 2883 pestifera
575 2839 655 2874 erit.
704 2838 828 2884 quodsi
845 2838 881 2872 in
904 2837 1116 2872 occidentem
1140 2838 1274 2884 vergit,
1311 2839 1355 2874 ad
1374 2839 1520 2875 Gadita-
