1748 3210
695 168 710 178 ο

256 186 352 231 266
571 189 575 192 ’
699 194 704 199 ·
771 186 989 232 loANms
1023 176 1152 233 LYm

254 295 395 354 φοράν.
462 303 540 342 τῶν
557 300 598 341 δὲ
615 298 851 354 τηλικούτων
867 298 1062 353 σωμάτων
1081 303 1136 351 εἷς
1154 307 1231 358 πῦρ
1247 302 1568 358 μεταβαλόντων,
1594 305 1669 362 ἦρ-

252 363 432 420 πάγησαν
463 367 504 407 αἲ
538 368 652 420 μέχρι
682 371 751 420 τῆς
779 368 1075 409 Κωνσταντίνου
1107 369 1253 425 ἀγορᾶς
1276 371 1346 424 τὴν
1367 371 1479 414 πόλιν
1505 373 1671 414 διευθύ-

252 448 390 474 νουσαι
410 434 543 482 στοαί,
577 431 709 474 κάλλει
727 435 793 474 καὶ
812 434 968 488 μεγέθει
987 433 1127 476 κιόνων
1141 435 1374 491 εὖγράμμως
1390 441 1669 494 διασκηνοῦσαι

251 499 323 552 τὴν
342 503 536 540 πλατεῖαν.
603 499 818 553 Καμπάνοι
841 500 988 550 ταύτας
1011 504 1065 551 εἷς
1079 501 1198 558 χάριν
1220 504 1514 547 Κωνσταντίνου
1534 507 1667 560 λέγον-

250 582 316 606 ται
337 563 648 616 κατασκευάσαι,
685 567 761 608 ἀπὸ
784 568 1055 623 Παρθενόπης
1084 574 1155 623 τῆς
1186 570 1286 611 καθ’
1310 567 1417 623 ἡμᾶς
1434 572 1698 622 Νεαπόλεωςὸ

250 633 318 672 καὶ
350 635 419 684 τῆς
448 633 542 673 ποτὲ
568 633 832 691 Δικαιαρχίας
853 639 922 676 νῦν
945 637 986 676 δὲ
1005 635 1241 678 Πουτεόλων
1265 640 1319 685 εἷς
1340 636 1553 688 Βυζάντιον
1569 640 1669 696 πρὸς

243 695 387 753 χάριν,
435 696 489 747 ὡς
531 699 679 755 εἴρηται
689 733 702 752 ,
749 706 818 742 τοῦ
850 703 1044 755 βασιλέως
1075 703 1394 759 παραγενόμενοι.
1459 702 1669 748 συναπετε-

249 762 400 820 φριόθη
433 761 500 806 οὖν
536 767 648 820 (πῶς
667 769 743 824 γὰρ
766 769 837 810 οὐκ
862 769 1073 824 Eud-lom)
1107 771 1158 812 τὰ
1190 771 1415 824 συνημμένα
1436 777 1521 820 τοῖς
1537 771 1670 824 μέσοις

246 830 347 886 πρὸς
378 832 422 873 τὸ
455 832 613 889 βόρειον
643 837 708 876 καὶ
739 834 853 877 νότον
873 836 1015 889 ἄνεμον
1034 836 1352 891 οἰκοδομήματα,
1387 839 1452 879 καὶ
1471 837 1564 894 ὄρος
1577 833 1670 892 ἦνῆ

244 896 357 947 πόλις
388 900 451 940 καὶ
483 903 619 953 βουνοὶ
649 903 812 955 μέλανες
841 902 1129 958 ἀπερριογότες,
1164 903 1346 960 καθάπερ
1375 905 1419 944 ἓν
1439 903 1612 960 Λιπᾶρῃ
1642 904 1722 959 ἢ10

245 967 424 1022 Βεσβίῳ,
459 965 560 1008 κόνει
583 970 648 1008 καὶ
667 973 804 1025 καπνῷ
824 972 888 1010 καὶ
910 972 1084 1028 ὸ“υσο)ὃι’ᾳ
1102 975 1180 1012 τῶν
1198 971 1549 1027 ἀποτεφρουμὲνων
1565 970 1670 1014 ὑλῶν

244 1031 447 1086 Ιἀοίκητος,
491 1033 618 1090 φόβον
644 1036 805 1077 ἐλεεινὸν
829 1044 912 1085 τοῖς
934 1039 1150 1090 θεωμένοις
1178 1039 1391 1079 ἓνσειόυσα.
1455 1040 1519 1079 καὶ
1548 1037 1569 1079 ὅ
1597 1039 1670 1092 μὲν

244 1100 390 1151 δῆμος,
423 1105 575 1152 μᾶλλον
592 1103 635 1142 δὲ
654 1103 698 1143 τό
717 1102 924 1158 βάρβαρον
945 1106 1011 1144 καὶ
1032 1105 1189 1157 ἀνηλεές
1205 1108 1379 1158 πλῆθος,
1414 1113 1566 1153 ποιναῖς
1583 1112 1670 1154 ταῖς
1722 1156 1725 1158 .

242 1165 371 1214 ἀξίαις
388 1167 487 1220 πρὸς
508 1168 629 1220 αὐτῆς
648 1167 845 1221 ὕπεστάλη
864 1174 934 1222 τῆς
951 1171 1079 1223 νίκης,
1115 1174 1169 1219 εἷς
1187 1172 1295 1212 πέντε
1317 1170 1503 1225 σύνεγγυς
1521 1170 1668 1227 μυριά-

242 1233 316 1279 dag
349 1232 498 1288 σιδήρῳ
524 1232 652 1287 χύδην
684 1236 934 1290 διαφθαρέν·
965 1234 990 1288 ἡ
1019 1237 1063 1277 δὲ·
1080 1235 1192 1285 πόλις
1211 1236 1368 1292 ἴρριπτο
1388 1239 1482 1292 πυρὶ
1501 1240 1565 1279 καὶ
1581 1237 1666 1291 χώ-
1677 1246 1719 1281 15

240 1315 340 1350 μασι
375 1302 439 1339 καὶ
474 1299 672 1353 λειψάνων
706 1302 886 1359 ἀμορφία
915 1302 1200 1356 κατάπληκτος.
1267 1302 1369 1344 ἀλλὰ
1393 1304 1489 1353 θεὸς
1515 1304 1664 1357 (μόνον

240 1365 318 1421 γὰρ
341 1359 389 1418 ἦν
413 1366 536 1407 αὐτοῦ
554 1368 624 1420 τὴν
646 1368 841 1422 τοσαύτην
864 1368 1245 1425 παραμυθήσασθαι

377 1433 453 1476 71.
520 1434 669 1488 ἐνίκησε
703 1437 745 1477 δὲ
772 1434 882 1489 ὅμως
905 1437 1004 1488 μετὰ
1032 1437 1131 1478 θεὸν
1149 1435 1174 1490 ἦ
1194 1435 1390 1489 βασιλέως
1410 1434 1529 1491 τύχη,
1564 1437 1667 1479 κατὰ

240 1496 370 1540 πάντα
388 1499 589 1542 συνειπών.
637 1504 702 1543 καὶ
725 1503 765 1543 ἓν
783 1507 931 1558 βραχεῖ’
940 1502 1072 1559 χρόνῳ
1091 1506 1273 1559 κρείττων
1292 1505 1335 1544 δὲ
1353 1501 1378 1556 ἦ
1395 1503 1508 1552 πόλις
1524 1506 1589 1545 καὶ
1610 1534 1665 1546 ..-

241 1565 386 1622 ἰσχυρά
418 1584 458 1608 τε
492 1566 591 1620 ὁμοῦ
621 1571 687 1609 καὶ
714 1568 921 1626 ἀσφαλής,
954 1569 1137 1626 καθάπερ
1161 1572 1202 1620 ἐξ
1223 1568 1407 1626 ἀμόρφου
1432 1569 1524 1612 ὅλου
1545 1566 1721 1621 afa-9132)

326 1715 344 1747 1
368 1714 664 1759 μεταβαλλόντων
685 1718 728 1755 C.
884 1719 907 1751 2
931 1717 970 1751 αἱ
992 1719 1043 1762 F,
1065 1717 1112 1762 μὴ
1135 1719 1176 1753 C.
1335 1716 1598 1761 διενθήνονσαι
1620 1719 1663 1753 C.

326 1761 347 1794 7
370 1761 672 1804 παραγεναμένων
690 1763 733 1796 C.
881 1764 904 1796 9
927 1763 1147 1806 οἰκοδομητά
1166 1764 1282 1808 vulgo.
1433 1764 1475 1798 18
1495 1769 1575 1798 ante
1594 1761 1666 1797 ἐνί-

324 1814 408 1846 κησε
426 1810 484 1838 aut
508 1818 636 1850 paucae
661 1813 791 1840 tantum
811 1807 943 1850 lineae,
975 1819 1059 1853 quas
1082 1809 1196 1852 legere
1222 1821 1291 1842 non
1313 1808 1429 1852 potui,
1461 1813 1539 1850 aut,
1572 1810 1664 1854 quod

323 1849 541 1884 verisimilius
568 1857 637 1894 cst,
669 1858 807 1896 praeter
825 1853 886 1887 has
909 1853 998 1887 duae
1019 1854 1137 1886 saltem
1161 1854 1305 1897 paginae
1325 1852 1574 1887 desiderantur.
1616 1854 1663 1887 F.

323 1892 494 1938 καθάπερ
526 1894 647 1940 ἔφθην
676 1896 816 1931 εἰπώνὶ)
997 1899 1038 1933 19
1068 1904 1149 1944 post
1164 1899 1225 1933 καὶ
1242 1899 1373 1943 aliquot
1389 1897 1512 1932 literae
1529 1897 1661 1932 exstin—

323 1944 413 1973 ctae.
443 1941 475 1974 F

231 2081 329 2114 grum
353 2071 557 2107 discordiam
574 2073 610 2107 in
629 2074 779 2108 Thracia
801 2087 1019 2109 commorans.
1068 2075 1172 2109 tantis
1194 2079 1305 2110 autem
1328 2076 1469 2110 molibus
1490 2075 1526 2109 in
1547 2076 1661 2120 ignem

231 2115 391 2159 mutatis,
425 2125 602 2161 correptae
630 2130 738 2164 usque
766 2122 809 2154 ad
838 2121 947 2154 forum
981 2121 1197 2154 Constantini
1225 2132 1288 2166 per
1310 2123 1426 2155 urbem
1451 2121 1662 2166 pertinentes

229 2159 383 2204 porticus
423 2162 612 2206 (Campani
646 2176 702 2197 eas
735 2165 770 2198 in
803 2166 947 2209 gratiam
981 2166 1199 2199 Constantini
1231 2167 1440 2199 exstruxisse
1466 2165 1661 2208 dicuntur),

230 2204 483 2249 pulchritudine
505 2213 540 2240 et
562 2209 792 2251 magnitudine
816 2210 1059 2254 columnarum,
1083 2211 1301 2255 Parthenope
1323 2212 1436 2255 (quae
1457 2221 1546 2244 nunc
1565 2210 1659 2244 Nea-

230 2249 346 2302 polis)
370 2255 406 2283 et
422 2251 646 2286 Dicaearchia
669 2255 753 2298 (qui
771 2266 859 2288 nunc
876 2256 1035 2299 Puteoli)
1057 2256 1258 2299 Byzantium
1279 2256 1315 2288 in
1333 2256 1496 2300 gratiam,
1519 2260 1558 2289 ut
1574 2254 1659 2298 dixi,

230 2295 448 2339 lmperatoris
473 2297 708 2341 advectarum,
736 2299 771 2332 in
793 2301 1012 2334 tabernacula
1035 2301 1120 2334 scite
1144 2301 1317 2344 descripta
1337 2300 1483 2345 plateam
1506 2299 1658 2345 partien-

231 2345 298 2372 tes.
346 2339 442 2373 simul
465 2341 570 2385 igitur
590 2343 626 2375 in
645 2343 776 2378 cineres
797 2346 937 2378 redacta
960 2346 1042 2389 (qui
1065 2346 1152 2379 enim
1171 2357 1238 2379 non
1259 2345 1451 2388 fuissent‘e)
1477 2343 1597 2378 mediis
1615 2344 1659 2378 ad

230 2385 509 2429 Septentrionem
532 2392 571 2420 et
590 2387 771 2422 Meridiem
793 2390 1011 2423 cohaerentia
1036 2391 1208 2432 aedificia3
1234 2402 1395 2434 monsque
1418 2394 1494 2423 erat
1519 2389 1601 2422 urbs
1625 2394 1661 2422 et

230 2429 321 2473 nigri
341 2431 585 2476 praeruptique
606 2432 724 2476 colles,
749 2434 855 2467 veluti
875 2435 910 2468 in
927 2435 1055 2478 Lipare
1077 2441 1135 2469 aut
1154 2435 1324 2477 Vesuvio,
1349 2434 1489 2479 pulvere
1509 2435 1600 2468 fumo
1624 2438 1660 2467 et

229 2475 366 2508 foetore
389 2478 583 2510 combustae
605 2479 768 2511 materiae
790 2479 1043 2523 inhabitabilis,
1068 2480 1292 2513 miserandum
1313 2479 1524 2512 intuentibus
1545 2484 1657 2512 terro—

230 2531 303 2552 rem
336 2519 517 2555 incutiens.
565 2526 601 2555 et
631 2523 790 2567 populum
821 2524 956 2567 quidem
988 2536 1049 2558 seu
1071 2525 1186 2569 potius
1214 2525 1396 2558 barbarum
1419 2530 1455 2557 et
1477 2523 1656 2557 immiseri—

231 2575 310 2597 cors
331 2565 451 2609 vulgus
473 2565 602 2600 meritis
629 2568 748 2612 poenis
770 2568 847 2612 ipsa
869 2569 1015 2603 victoria
1038 2569 1206 2612 subiecit,
1242 2570 1286 2602 ad
1316 2569 1562 2614 quinquaginta
1582 2569 1658 2602 fere

230 2609 323 2642 milia
346 2611 530 2644 acervatim
553 2612 644 2644 ferro
666 2618 838 2646 necatum:
873 2616 954 2647 urbs
976 2626 1059 2647 vero
1080 2614 1246 2656 iacebat,·
1264 2614 1345 2657 igne
1365 2619 1401 2647 et
1422 2613 1602 2647 ruderibus
1623 2616 1658 2646 et

231 2653 449 2698 reliquiarum
472 2656 687 2691 deformitate
714 2658 895 2692 horrenda.
941 2660 1003 2692 sed
1025 2660 1109 2693 deus
1135 2659 1284 2701 (etenim
1306 2658 1363 2692 ille
1386 2659 1477 2692 solus
1496 2659 1656 2703 poterat)

230 2703 358 2732 tantam
384 2700 513 2734 solatus

320 2745 378 2779 71.
426 2745 510 2779 vicit
530 2750 642 2780 tamen
664 2752 743 2792 post
765 2747 863 2781 deum
886 2747 1101 2793 imperatoris
1114 2775 1124 2792 ,
1155 2747 1295 2793 quaein
1314 2747 1468 2782 omnibus
1491 2747 1524 2781 ei
1544 2745 1655 2788 affuit,

229 2789 383 2833 fortuna3
417 2790 586 2837 brevique
610 2797 646 2826 et
672 2793 903 2838 praestantior
923 2794 1003 2828 urbs
1028 2799 1064 2827 et
1085 2817 1095 2828 .
1110 2818 1119 2829 .
1136 2818 1146 2828 .
1169 2794 1333 2840 firmaque
1355 2792 1452 2829 simul
1477 2797 1514 2827 et
1535 2801 1656 2827 secura
