1748 3210
240 200 342 245 mxlv
493 186 636 231 HASII
667 187 742 230 DE
779 186 1047 231 OSTENTIS
1079 186 1396 230 PRAEFATIO.

241 317 336 356 editi
362 315 587 367 emendavi,
626 330 715 356 eum
737 316 906 355 breviter
932 316 1100 367 egerim,
1127 328 1206 354 non
1233 329 1367 354 vereor
1386 329 1436 353 ne
1456 315 1532 354 sim
1551 315 1662 353 vitu·

240 398 422 448 perabilis
442 395 516 433 hae
533 400 656 445 parte.
710 394 833 431 multo
856 395 981 444 magis
1002 395 1117 442 alibi3
1147 406 1218 430 nec
1239 392 1370 431 dubito
1393 406 1476 432 esse
1500 393 1672 430 restim-⁰

239 476 364 514 tiones
385 487 483 526 quae
505 472 570 510 vel
586 470 685 508 mihi
703 471 778 521 ipsi
797 471 913 521 paulo
935 478 1023 522 post
1042 472 1142 509 forte
1166 472 1243 509 siut
1265 470 1546 522 displiciturae,
1575 470 1673 522 qui,'>

239 554 274 591 si
301 566 370 603 per
395 552 518 590 otium
545 551 681 596 liceat,
711 561 863 599 sperem
879 549 921 586 in
942 548 1024 586 dies
1043 549 1204 587 meliora
1228 550 1443 599 praeteritis
1469 548 1659 586 invenire.

238 629 309 668 sed
329 636 372 666 ut
397 629 492 666 olim
515 625 741 664 instruenda
771 625 939 664 editione
965 628 1056 665 satis
1083 626 1212 664 hercle
1239 627 1422 678 temporis
1448 625 1659 674 transmisi,

238 708 293 744 ita
319 719 423 743 nunc
449 702 703 742 excudendae
731 705 888 741 nonnisi
912 711 1086 755 tempora
1119 705 1319 743 subseciva
1338 702 1562 753 impendere
1585 714 1661 753 po-

237 785 317 831 tui,
348 789 478 833 erepta
502 780 748 831 scriptoribus
770 782 1015 833 Byzantinis,
1044 784 1195 830 Psello‚
1226 782 1391 831 Georgio
1421 779 1660 827 Hamartolo,

239 851 543 911 chronographis
569 859 707 907 variis,
738 857 787 896 ad
807 872 903 911 quos
923 860 1138 911 vulgandos
1158 873 1316 898 omnem
1334 870 1464 896 curam
1484 857 1527 893 in
1547 867 1662 907 prae-

239 940 340 978 senti
359 946 475 990 atque
495 949 653 987 operam
673 937 841 974 confero.
897 936 1015 988 idque
1043 938 1290 988 potissimum
1318 942 1383 972 aut
1402 935 1529 973 solum
1546 945 1663 984 prae-

239 1023 340 1054 stare
360 1015 515 1052 interim
534 1014 663 1062 volui,
698 1013 800 1065 Lydi
823 1013 955 1051 libello
975 1021 1019 1052 ut
1040 1013 1183 1052 diutius
1209 1013 1311 1051 docti
1329 1011 1507 1050 homines
1526 1023 1576 1046 ne
1597 1022 1664 1046 ca-

239 1099 381 1130 rerent.
438 1105 534 1144 quos
555 1105 622 1130 oro
644 1098 688 1128 ut
714 1089 815 1128 hano
836 1093 1005 1143 opellam
1026 1093 1120 1130 boni
1147 1091 1366 1138 consulant,
1395 1095 1434 1126 et
1462 1093 1585 1125 errata
1603 1087 1664 1123 le-

238 1171 387 1217 vinula,
415 1170 644 1219 praesertim
667 1169 820 1220 typica,
851 1171 885 1207 si
920 1178 1139 1218 occurrant,
1172 1170 1361 1220 accipiant
1393 1177 1539 1218 aeque:
1567 1165 1665 1201 titu-

234 1247 372 1283 batum
403 1247 507 1284 enim
534 1258 615 1282 non
642 1257 725 1282 esse
744 1245 954 1296 aliquando
975 1248 1017 1283 in
1035 1245 1096 1283 his
1117 1247 1259 1298 spinis,
1289 1245 1376 1297 quis
1395 1250 1480 1282 tam
1493 1250 1665 1281 temera-

239 1324 319 1361 rius
341 1329 399 1360 est
417 1328 462 1358 ut
481 1321 623 1358 audeat
642 1321 863 1359 affirmare?

348 1399 576 1439 Scribebam
594 1398 775 1447 Parisiis,
804 1398 968 1438 Kalend.
986 1399 1099 1437 Maiis
1121 1400 1241 1441 1823.
