1748 3210
211 181 276 230 40
720 183 944 228 IOANNIS
975 183 1108 231 LYDI

211 291 394 349 (πάτριος
432 292 474 334 δὲ
507 291 737 347 Ῥωμαίοις,
780 294 834 343 ὥς
860 310 981 349 φασι,
1009 291 1122 346 θεός)
1151 293 1267 349 παρὰ
1285 295 1623 341 πεντεκαιδέκατον

210 360 386 401 ἐνιαυτὸν
416 360 678 402 ἀνανεοῦσθαι
708 359 775 400 τὸν
799 358 963 401 κύκλον·
997 358 1021 414 ἢ
1051 360 1127 416 γὰρ
1151 363 1276 402 τελεία
1307 361 1625 411 ἀποκατάστασις

202 425 337 481 Ἄρεος
366 428 484 479 διχῶς
509 424 879 482 παραφυλάττεται,
911 427 1035 483 μικρὰ
1065 428 1137 480 μὲν
1166 430 1449 479 πεντεκαίδεκα,
1473 427 1624 483 μεγάλη

209 494 250 533 δὲ
271 491 540 546 ἑβδομήκοντα
558 494 679 534 ε’ννέα.
747 490 806 535 ὅτι
824 494 866 535 δὲ
885 492 1047 550 πάτριον
1064 493 1188 549 ἀρχὴν
1209 494 1386 536 ἐνιαυτοῦ
1408 495 1475 536 τὸν
1496 494 1626 550 Μάρ-

207 576 290 600 τιον
321 559 357 599 οἶ
379 557 564 611 Ῥωμαῖοι
595 559 842 614 παρέλαβον,
878 562 997 614 δῆλον
1022 563 1087 601 καὶ
1114 559 1191 600 ἀπὸ
1221 564 1292 601 τοῦ
1323 560 1395 609 τὰς
1418 562 1657 616 λεγομένας5

209 626 307 679 παρ’
341 625 474 674 αὐτοῖς
501 624 733 681 ματρῶνας,
778 627 953 668 τουτέστι
991 628 1062 676 τὰς
1098 626 1313 680 εὖγενίὸας,
1354 627 1447 676 τοὺς
1477 627 1628 676 οἰκέτας

209 690 363 740 ἑστιᾶν,
398 690 581 746 καθάπερ
611 693 650 732 ἓν
679 699 761 742 τοΐς
794 695 979 747 Κρονίοις
1006 695 1114 734 τουτὶ
1140 691 1323 748 πράττειν
1344 691 1439 742 ἔθος
1462 687 1511 747 ἦν
1537 693 1628 743 τοὺς

209 757 484 810 κεκτημένους·
520 752 573 799 ὧν
595 759 636 800 αἱ
659 760 730 811 μὲν
750 760 805 800 δι’
830 759 963 816 Ἄρεος
991 760 1108 813 τιμὴν
1137 758 1364 801 δουλεύουσι
1387 766 1470 810 τοῖς
1491 758 1630 815 ἄρρεσι

208 828 287 866 τῶν
310 825 480 874 οἰκετῶν,
509 826 574 866 διὰ
597 825 668 879 τὴν
684 828 883 881 κρείττονα
909 825 1040 882 φύσιν,
1075 827 1111 875 οἱ
1137 827 1178 867 δὲ
1197 824 1481 882 (ἀποτρόπαιον
1499 825 1628 880 ὥσπερ

207 892 423 944 θεραπείαν
443 889 658 946 εῗσάγοντες
677 897 734 949 τῷ
749 891 910 949 Κρόνῳ)
942 901 1023 945 τοῖς
1052 892 1202 934 ἑαυτῶν
1232 891 1387 941 δούλοις
1410 890 1627 943 ἐδούλευον,
1641 904 1683 939 10

207 956 313 1005 ὅπως
341 957 397 1011 μὴ
427 964 514 1006 ταῖς
540 957 746 1011 ἀληθείαις
771 959 980 1014 νεμεσητόν
1006 977 1042 1002 τι
1061 958 1259 1010 παθόντες
1282 961 1336 1010 εἷς
1357 960 1536 1002 δουλείαν
1554 974 1631 1000 πο-

207 1024 350 1076 λεμίων
371 1025 668 1080 namugo-mmm]

347 1090 421 1134 16.
488 1092 708 1145 ἐπινέμησιν
729 1092 772 1134 δὲ
795 1092 917 1146 αὐτὴν
928 1092 1109 1146 ’Έλληνες
1131 1093 1173 1133 ἔκ
1191 1095 1261 1134 τοῦ
1284 1089 1516 1147 πράγματος
1531 1087 1633 1133 ῶνόυ

208 1170 362 1210 μασαν·
386 1157 466 1198 ἐπεὶ
484 1158 559 1213 γὰρ
580 1162 699 1215 Ζυγῷ
711 1158 911 1212 γενόμενος
931 1158 950 1200 ὃ
974 1159 1084 1212 ἣλιος
1103 1161 1270 1200 δείκνυσι
1291 1159 1363 1212 τὴν
1380 1162 1457 1200 τῶν
1473 1162 1633 1213 καρπῶν

209 1222 411 1274 ποιότητα,
437 1224 525 1264 κατ’
553 1224 674 1278 αὐτὴν
696 1226 739 1266 δὲ
758 1224 1054 1280 φιλανθρώπως
1074 1225 1111 1266 οἳ
1133 1224 1256 1266 πάλαι
1275 1225 1368 1273 τοὺς
1386 1224 1535 1280 φόρους
1550 1231 1631 1273 τοῖς
1645 1231 1686 1266 15

206 1287 394 1341 ὑπηκόοις
421 1290 624 1341 ἐπένεμον,
661 1289 715 1339 ὡς
738 1292 794 1343 μὴ
816 1292 924 1346 παρὰ
947 1292 1017 1343 τὴν
1033 1290 1181 1332 τούτων
1201 1293 1373 1332 ἐπίδοσιν
1392 1290 1544 1343 ἀσεβῶς
1561 1293 1633 1332 δο-

85 1374 122 1408 p.
144 1363 189 1399 44
212 1363 312 1395 κοῖεν
331 1355 595 1410 βαρύνεσθαι,
623 1358 740 1410 τυχὸν
761 1357 806 1398 οὗ
829 1356 1172 1414 ᾳορολογούμενοι,
1196 1356 1351 1406 εἰκότως
1369 1357 1490 1410 αὐτὴν
1507 1357 1635 1398 ε’πινέ-

207 1437 349 1474 μησιν,
385 1421 499 1463 οἱονεὶ
527 1423 718 1477 διανομήν
737 1441 822 1465 τινα
848 1429 925 1466 τῶν
948 1427 1124 1477 δασμῶν,
1159 1423 1358 1466 ἐκάλεσαν.
1425 1424 1471 1465 οὗ
1492 1423 1567 1479 γὰρ
1587 1418 1635 1477 ἦν

211 1487 337 1537 οὕτως
367 1487 626 1542 ἀδυσώπητος
654 1488 679 1544 ἦ
706 1495 783 1532 τῶν
811 1489 947 1546 φόρων
978 1491 1200 1546 εἶ’σπραξις,
1235 1491 1326 1532 οὐδ’
1359 1487 1552 1546 ὡρισμένη
1576 1507 1636 1540 τις

210 1554 234 1607 ἢ
262 1558 413 1607 μᾶλλον
441 1555 633 1609 αὐξομένη
661 1557 762 1598 κατὰ
791 1556 954 1613 μικρόν,
997 1557 1099 1598 ἀλλὰ
1139 1558 1239 1613 πρὸς
1272 1557 1317 1599 τὸ
1342 1559 1534 1613 χρειῶδες
1557 1561 1716 1602 τῶν20“

210 1619 509 1663 ἀνακυπτόντων
536 1630 618 1672 τοῖς
646 1628 855 1680 κρατοῦσιν
886 1625 1040 1679 ἐγίνετο.
1124 1623 1247 1680 ταύτῃ
1287 1625 1353 1666 καὶ
1392 1622 1637 1678 ἐπιτάγματα

297 1759 320 1792 3
341 1756 474 1802 μεγάλη
498 1759 708 1793 Roetherus=
733 1761 833 1805 vulgo
857 1758 957 1804 με’ση.
1130 1762 1170 1795 11
1196 1757 1295 1801 ὅπως
1318 1760 1457 1803 nasius,
1477 1756 1567 1800 ὅπερ
1590 1759 1635 1794 V.

300 1802 343 1837 14
366 1800 456 1847 ἐπεὶ]
482 1803 583 1848 vulgo
606 1802 677 1839 ἐπὶ.
821 1807 863 1841 17
887 1803 945 1850 ου’]
979 1805 1015 1840 οὶ
1038 1806 1179 1841 Hasius.
1313 1807 1357 1841 21
1381 1803 1520 1849 ἐγένετο
1542 1803 1636 1839 libri.

211 1926 322 1957 autem
341 1923 396 1957 hic
413 1925 574 1958 Romanis
586 1952 594 1968 ,
628 1929 666 1959 ut
686 1926 819 1970 dicunt,
853 1928 953 1970 deus)
985 1928 1102 1972 quinto
1121 1928 1251 1961 decimo
1269 1938 1408 1972 quoque
1427 1938 1514 1960 anno
1531 1937 1636 1959 reno-

211 1980 294 2001 vare
313 1970 440 2003 orbem,
486 1972 642 2013 perfecta
660 1972 747 2004 enim
769 1973 940 2005 restitutio
953 1973 1075 2006 Martis
1095 1973 1277 2016 dupliciter
1296 1974 1510 2014 observatur,
1528 1971 1638 2004 minor

212 2013 424 2056 quindecim,
454 2016 560 2047 maior
581 2021 691 2048 autem
709 2017 926 2060 septuaginta
944 2029 1065 2050 novem
1085 2019 1307 2059 (annorum).
1352 2016 1499 2061 patrium
1525 2021 1639 2049 autem

212 2058 292 2091 anni
320 2057 451 2092 initium
480 2059 640 2093 Martium
671 2072 691 2093 a
717 2061 878 2094 Romanis
901 2068 1076 2106 acceptum
1094 2062 1201 2095 fuisse
1219 2062 1299 2095 inde
1326 2072 1461 2105 quoque
1482 2064 1638 2105 apparet,

212 2103 302 2146 quod
320 2108 509 2146 matronae,
530 2115 617 2147 quae
638 2107 728 2149 apud
753 2118 810 2139 eos
830 2107 1030 2140 dicebantur
1049 2107 1101 2149 (id
1122 2113 1175 2140 est
1192 2107 1338 2140 feminae
1358 2106 1543 2149 ingenuae)
1562 2115 1638 2138 ser-

211 2147 265 2179 vis
291 2147 417 2181 victum
443 2149 677 2192 praebebant,
704 2152 979 2193 quemadmodum
1006 2151 1041 2184 in
1064 2151 1300 2184 Saturnalibus
1328 2150 1417 2184 idem
1438 2151 1553 2183 facere
1576 2150 1638 2183 do—

212 2191 292 2224 mini
315 2199 580 2233 consueverant3
616 2206 657 2226 ex
683 2195 805 2238 quibus
826 2195 903 2229 illae
928 2195 964 2228 in
983 2196 1104 2229 Martis
1127 2197 1287 2229 honorem
1314 2195 1462 2228 maribus
1484 2193 1640 2228 serviunt

212 2236 464 2280 mancipiorum,
489 2239 532 2270 ob
555 2244 705 2272 naturam
730 2240 1023 2284 praestantiorem,
1048 2240 1083 2273 hi
1107 2240 1228 2274 cultum
1253 2240 1351 2284 quasi
1369 2241 1412 2274 ad
1430 2239 1517 2272 mala
1537 2249 1638 2272 aver-

212 2283 385 2315 runcanda
401 2282 625 2325 pertinentem
648 2283 863 2318 instituentes
887 2285 1035 2318 Saturno
1048 2310 1057 2327 ,
1079 2285 1190 2318 servis
1209 2285 1279 2319 suis
1301 2285 1518 2326 serviebant,
1541 2288 1579 2316 ut
1595 2293 1640 2316 ne

213 2337 251 2358 re
269 2337 363 2367 vera,
384 2332 559 2370 postquam
569 2327 696 2371 aliquid
718 2329 809 2372 quod
827 2334 920 2363 esset
936 2329 1198 2373 vituperandum
1215 2329 1408 2372 accidisset,
1422 2329 1465 2361 ab
1484 2326 1639 2361 hostibus

210 2370 247 2404 in
267 2371 466 2404 servitutem
487 2372 737 2414 redigerentur.

304 2416 358 2449 16.
403 2413 635 2460 Ἐπινέμησιν
661 2423 772 2450 autem
795 2429 868 2451 eam
892 2418 1020 2451 Graeci
1044 2419 1086 2452 ab
1111 2430 1151 2452 eo
1177 2419 1267 2462 quod
1295 2429 1350 2451 res
1374 2420 1428 2450 est
1454 2417 1638 2449 vocabant.

211 2459 247 2493 in
267 2459 355 2493 libra
374 2459 461 2494 enim
480 2472 553 2494 cum
571 2461 621 2494 sol
642 2467 705 2504 est,
725 2463 858 2506 frugum
882 2463 1112 2496 condicionem
1131 2463 1313 2506 significat,
1336 2461 1519 2495 secundnm
1540 2471 1640 2504 quam

212 2505 403 2539 humaniter
426 2510 561 2539 veteres
584 2506 713 2540 tributa
735 2507 898 2540 subiectis
925 2508 1107 2550 (civibus)
1131 2505 1302 2549 ἐπένεμον
1327 2507 1368 2548 (ἰ.
1394 2518 1426 2539 e.
1452 2505 1639 2538 distribue-

210 2550 310 2592 bant)
323 2575 333 2592 ,
353 2555 391 2584 ut
409 2561 451 2583 ne
469 2561 572 2594 supra
591 2562 704 2584 earum
723 2552 964 2585 incrementum
988 2553 1086 2585 modo
1107 2551 1238 2585 nefario
1262 2551 1462 2584 viderentur
1481 2561 1539 2583 eos
1558 2560 1638 2593 pre-

215 2605 319 2636 mere,
337 2599 466 2628 temere
483 2595 612 2628 tributa
629 2595 818 2638 exigentes.
856 2596 976 2629 merito
998 2597 1103 2640 igitur
1121 2608 1195 2630 eam
1213 2593 1430 2637 ἐπινέμησιν,
1449 2593 1548 2638 quasi
1567 2593 1639 2627 dis-

214 2639 433 2674 tributionem
455 2639 600 2684 aliquam
623 2640 851 2684 vectigalium‚
876 2642 1064 2674 vocabant:
1095 2653 1163 2674 non
1193 2640 1282 2674 enim
1312 2640 1491 2673 eratadeo
1516 2639 1642 2672 acerba

214 2683 430 2726 vectigalium
459 2685 612 2728 exactio,
636 2697 745 2729 neque
770 2690 845 2718 erat
867 2685 999 2719 exactio
1023 2685 1135 2729 aliqua
1158 2689 1268 2726 stata,
1292 2683 1347 2718 vel
1371 2695 1458 2728 quae
1478 2681 1640 2727 paulatim

215 2735 409 2771 augeretur,
432 2730 494 2763 sed
515 2731 558 2764 ad
577 2729 803 2763 necessarium
821 2741 917 2763 usum
936 2730 1179 2773 emergentium
1197 2730 1239 2762 ab
1257 2729 1502 2773 imperantibus
1521 2727 1640 2761 fiebat.

215 2774 431 2815 quamobrem
455 2774 556 2808 etiam
579 2772 802 2818 ἐπιτάγματα
832 2774 880 2818 (i.
906 2787 938 2808 e.
964 2774 1155 2819 imperata)
1183 2773 1367 2818 vectigalia
1392 2784 1480 2807 nunc
1505 2781 1642 2816 quoque
