1748 3210
264 216 370 246 κων
636 203 780 247 HASII
811 203 885 246 DE
913 203 1118 247 IOANNE
1161 203 1315 248 LYDO

265 346 390 378 verso,
430 330 492 370 ed.
524 346 563 384 p.
593 334 672 375 129
702 336 778 383 19,
816 332 970 384 scripsit
991 329 1330 386 προβατορεῦεται,
1353 335 1444 387 quia
1462 332 1504 371 in
1524 335 1686 374 ΠΡΟΣ-

264 401 612 439 ΑῙῸΡΕΤΕΤΑΙ
635 401 749 438 facile
778 398 1065 437 confunduntur
1090 403 1129 438 Σ
1152 405 1190 436 et
1215 402 1273 448 Β,
1316 403 1355 439 Γ
1375 408 1413 438 et
1443 403 1487 440 Τ.
1542 400 1612 438 fol.
1630 403 1687 442 39

262 479 398 510 ver-90,
459 479 500 516 p·
547 466 626 507 150
672 468 720 514 9,
779 462 898 514 λύλος
952 478 1022 516 pro
1074 466 1287 515 AYAOC,
1353 468 1500 505 ratione
1551 467 1686 504 simili.
1746 462 1748 467 ’

263 532 334 568 fol·
365 531 417 572 56
447 539 547 568 recto
556 547 574 579 ,·
619 545 660 583 p.
694 533 771 573 193
813 534 858 578 1,
906 531 1075 583 ρονεῖσιε
1119 532 1263 583 quippe
1298 532 1342 570 in
1375 534 1569 573 ΙΩΝΙΟΙ
1603 533 1686 584 pri-
1742 536 1743 541 ’

262 611 373 634 mum
405 601 432 636 I
459 597 596 635 habuit
629 610 698 647 pro
737 600 780 636 P.
837 597 1120 636 eiusdemmodi
1154 599 1357 635 innumera
1387 605 1488 636 sunt.
1546 599 1687 650 quibus

262 664 378 701 rebus
396 665 574 701 omnibus
594 662 758 700 inducor
778 669 822 700 ut
841 663 1008 713 credam,
1038 665 1183 702 saeculi
1202 666 1352 702 circiter
1368 667 1407 713 7,
1435 671 1479 702 ut
1495 665 1689 715 praescri-

261 730 346 779 psi,
390 730 630 781 fortasseque
654 731 747 769 satis
779 730 904 768 bonae
933 737 1048 768 notae
1076 731 1196 768 fuisse
1228 732 1343 768 illum
1375 728 1549 767 codicem
1581 728 1688 767 unde

262 802 395 833 noster
415 798 602 835 manavit.
657 798 779 835 nostri
800 803 932 836 autem
951 796 1095 834 menda
1115 797 1283 835 Graecus
1306 797 1447 848 aliquis
1468 795 1614 834 saeculi
1637 797 1689 836 16

261 862 328 898 vel
351 863 412 910 17,
446 869 490 900 ut
508 876 560 900 ex
579 864 766 914 scriptura
787 864 948 914 colligo,
979 864 1171 914 corrigere
1189 870 1246 901 est
1267 869 1447 910 conatus,
1474 861 1688 913 probabili-

220 941 224 944 *
260 934 320 964 ter
337 938 639 980 nonnunquam,
668 929 738 967 sed
756 930 987 981 plerumque
1006 930 1296 968 infelicissime:
1326 943 1371 967 ea
1385 941 1525 966 manus
1542 926 1612 965 ill'a
1631 933 1690 964 est

72 1144 108 1176 p.
131 1141 232 1166 mxxv

183 1395 237 1434 35

263 995 423 1043 quaein
445 996 546 1031 notis
566 995 745 1033 editionis
766 1009 806 1046 p.
828 997 907 1037 126
927 999 993 1044 22,
1027 998 1103 1036 189
1134 998 1199 1045 17,
1228 998 1308 1036 219
1337 997 1375 1044 8,
1405 998 1484 1036 223
1518 996 1580 1041 13,
1610 991 1692 1033 274

261 1062 310 1106 3,
347 1058 424 1101 251
465 1059 540 1108 14,
582 1062 665 1104 252
692 1064 745 1102 20
765 1063 956 1098 recentior
975 1063 1211 1099 nominatur.
1268 1061 1406 1099 eadem
1427 1062 1470 1098 in
1489 1067 1571 1097 toto
1589 1059 1689 1096 libro

264 1124 312 1162 de
330 1126 621 1176 Magistratibus
640 1127 750 1179 (nam
767 1127 911 1164 librum
931 1126 979 1164 de
999 1129 1168 1166 Ostentis
1195 1140 1275 1165 non
1304 1140 1428 1179 aeque
1450 1122 1690 1174 retractavit)
1712 1132 1715 1136 “

262 1199 442 1230 accentus
461 1200 500 1230 et
519 1195 697 1243 spiritus,
736 1194 778 1230 in
799 1192 931 1230 codice
953 1206 1023 1243 pro
1044 1207 1152 1231 more
1172 1195 1416 1231 saeculorum
1439 1193 1466 1232 9
1484 1198 1523 1229 et
1545 1193 1598 1232 10
1617 1203 1692 1227 lle·

262 1259 472 1308 gligentius
492 1266 644 1298 notatos
656 1287 668 1308 ,
696 1260 979 1309 superscripsit,
1009 1272 1235 1310 quanquam
1252 1261 1295 1296 in
1309 1258 1372 1296 his
1392 1270 1551 1310 quoque
1573 1270 1691 1308 saepe

261 1325 415 1362 erravit.

370 1391 485 1426 Hunc
508 1396 638 1426 autem
657 1391 779 1426 talem
796 1388 971 1427 codicem
986 1389 1060 1426 tria
1082 1389 1175 1426 olim
1193 1387 1297 1439 Lydi
1319 1401 1436 1439 opera
1457 1389 1692 1426 continuisse

258 1469 338 1494 non
359 1463 416 1493 est
438 1455 620 1503 dubium,
658 1454 733 1492 hoc
751 1460 828 1502 est,
856 1454 1003 1491 librum
1023 1453 1071 1491 de
1087 1455 1288 1492 Mensibus
1302 1483 1314 1503 ‚
1353 1454 1402 1492 de
1423 1456 1611 1502 Ostentis,
1643 1453 1692 1491 de

257 1521 562 1571 Magistratibus.
618 1520 690 1558 sed
708 1521 808 1557 liber
824 1518 873 1556 de
891 1520 1093 1557 Mensibus
1120 1521 1280 1571 quidem
1305 1534 1411 1558 nunc
1436 1527 1540 1558 totus
1557 1520 1692 1572 perdi-

257 1596 320 1626 tus
341 1595 419 1634 est,
463 1593 617 1637 praeter
646 1585 722 1623 duo
753 1587 850 1623 folia
881 1599 904 1623 a
930 1599 1090 1636 corpore
1118 1586 1262 1624 codicis
1281 1587 1484 1636 abiuncta,
1514 1586 1691 1638 adeoque

259 1654 399 1692 affecta
423 1659 468 1690 ut
493 1652 575 1703 legi
600 1665 680 1690 non
700 1654 862 1703 possint.
918 1653 1066 1704 vixque
1096 1666 1184 1690 sum
1209 1666 1261 1690 ex
1288 1654 1491 1691 literarum
1516 1655 1691 1704 vestigiis

259 1719 360 1762 illud
383 1721 626 1770 expiscatus,
669 1720 734 1768 agi
751 1719 808 1755 ibi
827 1718 875 1755 de
891 1719 1001 1756 festis
1026 1720 1082 1755 rei
1100 1720 1280 1768 publicae
1297 1722 1495 1758 Romanae
1513 1719 1650 1758 diebus
1668 1732 1692 1756 a

259 1785 342 1825 kal.
360 1786 656 1833 Novembribus,
685 1786 753 1822 ubi
770 1786 854 1823 Iovi
873 1786 1066 1835 pulvinar,
1098 1786 1392 1834 lectisternium,
1421 1785 1508 1823 ludi
1531 1787 1692 1823 Circen-

260 1866 345 1901 ses,
382 1865 507 1903 usque
530 1850 581 1888 ad
604 1855 628 1893 3
648 1854 779 1889 Nonas
798 1851 974 1890 eiusdem
994 1852 1139 1888 mensis
1154 1879 1164 1898 ,
1204 1852 1272 1888 ubi
1293 1859 1350 1889 est
1371 1851 1515 1890 hiemis
1533 1853 1692 1888 initium

260 1926 300 1956 et
315 1920 439 1956 maria
459 1917 715 1955 clauduntur:
744 1917 824 1956 vid.
838 1917 1112 1955 kalendarium
1125 1919 1290 1955 Roman.
1306 1925 1464 1955 auctum
1479 1919 1522 1955 in
1537 1918 1692 1957 WStu-

260 1985 380 2037 keley
411 1985 606 2023 Medallc’e
629 1984 774 2036 history
804 1986 857 2036 of
870 1986 1083 2022 Caram-sius
1101 1983 1214 2021 Book
1234 1985 1273 2023 2.
1302 1983 1481 2022 London.
1500 1983 1618 2033 1759,
1650 1982 1691 2033 4,

260 2066 301 2103 p.
321 2053 373 2092 63
396 2052 426 2088 ii
445 2050 528 2088 dles
543 2050 743 2100 incidunt,
783 2054 940 2103 opinor,
967 2053 1010 2089 in
1028 2065 1066 2101 p.
1088 2050 1164 2091 125
1184 2057 1455 2101 excerptorum
1475 2050 1538 2088 ed.
1563 2049 1692 2088 Scho-

261 2119 426 2155 wianae.
455 2131 509 2154 ex
524 2118 624 2154 libro
645 2116 694 2154 de
713 2119 882 2156 Ostentis
899 2119 993 2155 folia
1013 2119 1065 2158 37
1084 2123 1302 2167 supersunt,
1330 2130 1473 2168 nempe
1497 2121 1544 2158 11
1565 2130 1692 2168 aeque

263 2196 288 2220 a
312 2182 443 2220 codice
471 2196 576 2220 nunc
602 2191 779 2235 separata
807 2192 846 2223 et
869 2187 922 2224 26
949 2182 1077 2222 adhuc
1103 2190 1276 2221 consuta.
1341 2184 1505 2222 subsunt
1525 2184 1616 2221 libri
1642 2183 1691 2220 de

262 2251 551 2301 Magistratibus
575 2251 670 2287 folia
692 2252 743 2291 59
770 2258 948 2298 consuta,
988 2251 1014 2291 4
1032 2258 1229 2300 separata:
1259 2264 1410 2288 summa
1433 2251 1500 2291 63.
1557 2251 1689 2300 igitur,

263 2323 416 2367 praeter
434 2329 480 2354 ea
500 2329 599 2368 quae
616 2318 734 2367 plane
754 2317 952 2365 abierunt,
993 2324 1147 2354 exstant
1175 2315 1294 2354 hodie
1318 2319 1360 2354 in
1389 2317 1516 2354 fronte
1547 2315 1690 2353 codicis

75 2399 109 2431 p.
130 2395 246 2420 Lxxvl
265 2385 361 2421 folia
380 2383 558 2420 abiuncta
577 2385 650 2432 13,
686 2385 729 2420 in
751 2385 855 2420 calce
880 2384 976 2420 folia
1003 2384 1183 2420 abiuncta
1211 2382 1256 2431 4,
1298 2385 1341 2420 iu
1362 2381 1493 2420 medio
1517 2383 1614 2419 folia
1635 2381 1690 2422 85

267 2457 446 2499 consuta,
484 2462 584 2502 quae
612 2451 696 2488 sola
723 2451 895 2488 numeris
913 2456 1044 2488 notata
1061 2456 1172 2486 sunt:
1202 2451 1244 2486 in
1269 2448 1331 2488 his
1359 2450 1460 2486 liber
1487 2447 1535 2486 de
1559 2450 1690 2498 Magi-

266 2518 447 2556 stratibus
468 2517 603 2568 incipit
622 2517 691 2554 fol.
711 2520 765 2558 27
784 2523 898 2553 recto.
946 2528 1098 2554 summa
1118 2516 1294 2553 omnium
1307 2516 1491 2553 foliorum
1509 2522 1566 2552 est
1590 2517 1689 2561 1023

267 2584 409 2635 quibus
430 2582 533 2635 Lydi
563 2595 680 2634 opera
702 2596 806 2620 nunc
829 2584 886 2620 sic
914 2583 1180 2630 continentur,
1222 2589 1265 2619 ut
1291 2582 1392 2619 liber
1416 2580 1464 2618 de
1489 2580 1688 2618 mensibus

268 2656 371 2688 totus
395 2649 634 2687 desideretur
653 2656 804 2701 praeter
824 2648 900 2686 duo
918 2649 987 2685 illa
1005 2649 1115 2695 folia,
1144 2647 1311 2698 librIque
1332 2646 1380 2684 de
1400 2648 1569 2686 Ostentis
1587 2645 1688 2682 desit

270 2718 420 2754 circiter
439 2723 574 2770 quarta
587 2729 690 2767 pars,
708 2717 798 2753 libri
814 2715 862 2752 de
882 2715 1169 2766 Magistratibus
1188 2715 1337 2750 circiter
1353 2713 1516 2750 decima.
1542 2712 1686 2763 quippe

272 2784 356 2821 eius
377 2797 455 2822 non
477 2785 604 2823 solum
624 2783 762 2821 ultima
778 2783 1018 2831 interierunt,
1050 2779 1122 2820 sed
1139 2794 1190 2819 ex
1209 2785 1368 2819 consuta
1386 2779 1504 2817 etiam
1527 2778 1689 2828 colliga·
