1748 3210
276 213 381 244 xxiv
653 202 797 246 HASII
827 203 901 246 DE
933 202 1135 247 IOANNE
1167 203 1319 248 LYDO

275 331 394 382 igitur
413 335 702 381 excerptorum,
735 344 835 384 quae
855 329 1012 383 quidem
1032 332 1178 382 passim
1199 332 1247 370 ab
1268 332 1426 374 eruditis
1447 345 1684 374 commemo-

274 404 408 435 rantur
435 396 554 448 (nam
581 399 615 435 si
645 410 720 449 qua
751 399 850 435 forte
882 396 1010 435 adhuc
1039 397 1285 449 delitescunt,
1314 399 1362 438 de
1385 400 1447 440 his
1469 413 1582 452 agere
1605 415 1684 440 non

272 461 529 514 possumus),
558 462 886 515 quemadmodum
915 476 967 501 ex
990 463 1110 502 tribus
1132 464 1234 516 Lydi
1251 467 1400 518 scriptis
1418 475 1682 517 manaverunt,

271 530 329 566 sic
347 529 418 564 tria
435 529 591 566 omnino
609 530 651 566 in
667 528 861 567 codicibus
879 531 1024 580 passim
1040 542 1180 580 genera
1198 539 1414 582 supersunt,
1443 545 1495 570 ex
1507 533 1616 571 libris
1634 532 1683 571 de

265 594 478 642 Mensibus,
508 593 557 631 de
575 596 755 644 Ostentis,
786 594 834 632 de
851 597 1152 646 Magistratibus.
1207 597 1296 635 libri
1316 596 1364 635 de
1381 599 1579 637 Mensibus
1597 601 1684 650 epi-

265 665 394 696 tomae
427 672 496 697 seu
527 658 849 698 chrestomathiae
878 661 946 713 (ut
975 669 1086 700 vocat
1112 662 1265 702 Harles.
1293 664 1397 702 Bibl.
1427 665 1494 702 Gr.
1521 666 1601 704 vol.
1628 668 1678 706 11

262 737 304 775 p.
327 724 435 775 440)
466 723 564 762 duae
597 733 708 774 sunt,
737 738 815 763 una
839 727 1014 777 longior,
1042 729 1090 765 ab
1114 729 1247 779 ignoto
1271 730 1423 781 aliquo,
1452 730 1571 768 altera
1590 731 1682 768 bre·-

198 842 200 848 X
262 791 346 827 vior
363 803 385 826 a
402 791 576 828 Maximo
596 790 771 830 Planude
791 793 977 831 confecta.
1030 795 1100 831 illa
1118 795 1269 846 longior
1293 796 1435 833 tributa
1457 802 1516 834 est
1531 797 1574 834 111
1590 809 1683 848 par-

46 1263 81 1296 p.
104 1262 236 1289 xxxvn

43 2649 77 2682 p.
97 2647 240 2673 xxxvm

262 860 322 891 tes
340 853 387 893 4:
414 855 540 905 prima
566 854 678 894 docet
703 857 752 895 de
777 865 950 909 tempore
970 860 1220 910 generaliter,
1247 862 1367 899 altera
1389 860 1437 899 de
1455 860 1542 911 die,
1570 864 1683 901 tertia

263 918 313 956 de
340 921 434 957 luna
463 928 501 958 et
527 923 723 961 mensibus
743 925 993 974 generaliter3
1022 933 1157 977 quarta
1176 939 1330 965 menses
1349 940 1418 965 suo
1437 927 1572 966 ordine
1589 942 1682 980 per-

260 986 448 1036 sequitur.
503 985 601 1026 haec
628 991 794 1041 epitome
821 992 956 1042 incipit
984 1003 1007 1028 a
1034 991 1162 1029 verbis
1191 989 1327 1046 ὀρθῶς
1353 990 1432 1046 ἄρα
1459 994 1502 1034 οἱ
1530 992 1684 1047 μυθικᾶ

260 1049 360 1101 [sic]
389 1048 460 1091 τόν
491 1051 672 1107 Κρόνονι
701 1055 862 1105 desinit,
891 1056 917 1097 o‘
946 1056 1221 1110 δημιουργικός
1253 1055 1423 1112 deceptis
1444 1055 1683 1112 ὀνομάζεται.

257 1124 406 1166 exstat,
434 1119 500 1157 vel
529 1127 629 1159 certe
658 1123 807 1161 exstitit
833 1123 996 1161 saeculis
1015 1123 1066 1165 17
1085 1131 1122 1162 et
1142 1126 1216 1174 18,
1244 1126 1286 1162 in
1309 1125 1541 1178 apographis
1565 1129 1683 1182 quin-
1715 1156 1718 1159 »

258 1194 335 1235 que
364 1182 442 1222 his.

315 1248 365 1300 1)
394 1251 436 1287 in
469 1250 554 1290 cod.
585 1257 663 1296 177
690 1252 946 1292 bibliothecae
977 1254 1211 1292 Barberinae
1244 1256 1546 1308 (Barberianam
1569 1266 1682 1298 vocat

368 1316 581 1367 bibliopola
604 1321 647 1356 in
677 1321 840 1370 praefat.
868 1320 961 1357 edit.
992 1318 1246 1356 Schowianae
1274 1335 1315 1370 p.
1345 1321 1412 1373 γι)
1447 1324 1600 1361 saeculo
1629 1323 1682 1364 15

365 1383 508 1432 scripto
521 1394 533 1418 τ
562 1396 613 1419 ex
642 1382 718 1420 hoc
741 1387 957 1434 exemplari
974 1385 1124 1434 reliqua
1142 1385 1271 1422 omnia
1288 1385 1471 1424 videntur
1487 1401 1680 1427 manasse.

309 1445 362 1498 2)
394 1448 435 1483 in
466 1446 553 1485 cod.
579 1459 699 1486 manu
727 1450 871 1487 Leonis
900 1450 1035 1487 Allatii
1061 1455 1150 1487 aute
1176 1462 1212 1487 a.
1233 1451 1336 1490 1669
1362 1460 1560 1502 perarata:
1586 1467 1680 1492 nam

367 1519 553 1550 statuerat
582 1514 749 1551 Allatius
781 1515 897 1552 istam
927 1515 1122 1565 epitomen
1143 1516 1185 1551 in
1205 1515 1430 1566 Symmictis
1451 1517 1566 1556 edere
1585 1522 1679 1569 suis,

364 1577 435 1616 sed
462 1586 551 1616 ante
576 1591 695 1631 quam
727 1581 932 1618 consilium
960 1581 1123 1631 exsequi
1148 1582 1293 1630 potuit,
1324 1595 1376 1619 ex
1401 1582 1477 1622 hac
1497 1587 1576 1622 vita
1599 1587 1679 1623 mi-

364 1645 513 1695 gravit,
544 1652 679 1697 estque
705 1647 960 1684 instrumento
991 1647 1073 1684 eius
1092 1647 1261 1684 literario
1283 1649 1490 1699 collegium
1509 1652 1679 1689 Graeco—

363 1723 451 1748 rum
484 1712 631 1749 Romae
660 1714 851 1763 potitum:
894 1725 946 1749 ex
975 1713 1045 1749 illo
1075 1719 1206 1749 autem
1236 1714 1430 1752 Anatiano
1463 1717 1678 1769 exemplari

364 1775 602 1828 descriptum
621 1785 678 1816 est
695 1780 976 1826 Marinianum,
1007 1777 1055 1815 de
1075 1790 1151 1830 quo
1171 1785 1273 1829 post.

310 1841 361 1894 3)
389 1845 431 1880 in
459 1843 590 1881 codice
618 1852 748 1884 nostro
778 1846 988 1882 Parisiensi
1007 1857 1074 1883 110.
1095 1844 1224 1894 8084,
1266 1845 1361 1883 olim
1382 1847 1528 1898 Regio,
1556 1849 1679 1887 Eme-

363 1911 431 1946 rici
458 1911 589 1961 Bigoti
615 1924 735 1948 manu
762 1918 964 1963 perarate:
991 1910 1070 1950 vid.
1095 1912 1323 1962 Catalogum
1340 1913 1590 1966 Manuscript.
1607 1916 1679 1954 Bi-

360 1974 543 2014 bliotheo.
574 1978 673 2028 Reg.
700 1976 763 2015 ed.
789 1978 913 2015 Paris.
954 1991 976 2014 e
1014 1977 1273 2029 typographia
1303 1980 1403 2030 Reg.
1432 1981 1556 2030 1739,
1592 1981 1678 2034 fol„

361 2048 462 2091 part.
480 2045 506 2082 2
529 2055 570 2093 p.
591 2044 686 2084 606.
741 2044 788 2081 ab
809 2043 883 2082 hoc
901 2045 1079 2082 Emerico
1098 2045 1250 2094 Bigoto‚
1279 2047 1569 2097 Rotomagensi,
1596 2048 1677 2085 vita

361 2109 493 2146 functo
517 2120 554 2145 a.
579 2108 708 2157 1689,
743 2110 827 2148 viro
859 2112 967 2148 varia
994 2109 1110 2147 laude
1141 2113 1355 2159 cumulato,
1384 2113 1452 2164 qui
1481 2114 1677 2165 exquisita

360 2187 557 2212 sacrarum
587 2175 897 2228 Graecarumque
923 2189 1052 2213 rerum
1083 2177 1242 2214 scientia
1272 2178 1420 2227 floruit,
1448 2184 1530 2216 tota
1551 2192 1678 2230 paene

361 2247 420 2279 est
446 2241 559 2278 Italia
589 2241 633 2277 in
659 2242 811 2284 literato
837 2243 969 2279 labore
993 2249 1218 2292 peragrata,
1246 2245 1302 2280 ita
1319 2250 1364 2281 ut
1380 2245 1568 2294 plurimos
1591 2251 1678 2282 tum

360 2319 499 2357 parum
537 2313 650 2345 notos
691 2315 863 2346 auctores
894 2322 916 2345 e
948 2307 1142 2345 codicibus
1171 2309 1451 2347 Ambrosianae
1478 2309 1677 2348 mediceae

360 2373 695 2425 Romanorumque
715 2374 1037 2412 bibliothecarum
1059 2373 1311 2423 describeret3
1345 2388 1446 2427 quae
1472 2377 1676 2427 exempla-

362 2440 420 2475 ria
438 2441 519 2477 eius
536 2453 656 2476 manu
675 2448 850 2490 perarata
872 2440 975 2491 apud
993 2453 1064 2478 nos
1083 2442 1199 2478 etiam
1217 2454 1321 2478 nunc
1341 2448 1507 2479 exstant.
1542 2454 1675 2494 quare,

362 2517 586 2557 quanquam
606 2507 647 2542 in
672 2506 756 2544 cod.
778 2506 885 2548 3084
905 2513 996 2545 nota
1017 2508 1175 2557 originis
1197 2508 1307 2544 nulla
1332 2508 1401 2555 sit,
1430 2506 1554 2546 nihilo
1583 2521 1674 2546 eum

353 2572 492 2613 ‚minus
520 2573 665 2610 Romae
691 2571 927 2623 descriptum
955 2586 1038 2610 esse
1073 2575 1270 2623 suspicor,
1300 2585 1352 2610 ex
1374 2574 1584 2613 Barberino
1603 2575 1673 2611 illo

365 2649 484 2687 quem
502 2650 568 2676 110.
591 2641 611 2679 1
638 2637 746 2688 dixit,
774 2653 901 2691 neque
929 2641 1052 2676 maior
1083 2641 1205 2676 multo
1233 2638 1387 2677 videtur
1412 2641 1514 2678 inter
1531 2653 1619 2678 eum
1634 2645 1673 2676 et

363 2704 625 2754 Allatianum,
668 2719 785 2758 quem
821 2706 903 2742 fere
942 2703 1143 2743 Schowius
1180 2707 1222 2742 in
1265 2705 1433 2743 editione
1470 2707 1672 2757 expressit,
1716 2751 1726 2761 ¹

363 2768 640 2823 discrepantia,
669 2785 786 2825 quam
817 2785 916 2826 quae
942 2784 1026 2810 esse
1056 2773 1154 2810 solet
1181 2773 1282 2810 inter
1298 2771 1374 2811 duo
1391 2772 1628 2823 exemplaria
1649 2783 1671 2807 a
