1748 3210
227 203 319 250 186
740 209 959 252 IOANNIS
991 212 1123 256 LYDI

355 317 431 362 21.
499 319 662 375 Σέργιος
684 321 726 362 δὲ
744 319 907 377 ὕστερον
924 322 1071 364 Eurum»
1093 325 1298 368 δικανικῶν
1316 327 1503 385 ῥητόρων,
1538 329 1637 387 ἀνὴρ

220 386 415 440 σοφιστὴς
444 389 510 427 καὶ
538 387 604 427 διὰ
631 387 724 435 τοὺς
746 386 886 442 λόγους
914 391 1116 443 αἰδέσιμος
1131 392 1368 451 Ἀναστασίῳ
1387 400 1443 452 τῷ
1459 402 1636 453 χρηστῷ,

219 452 290 505 τὴν
319 454 521 507 εἰρημένην
550 454 704 494 δίαιταν
730 451 896 512 ὑπερῴῳ
923 457 1135 512 φορτιόσας
1154 463 1381 517 καταγωγίῳ
1398 463 1443 503 τὸ
1466 464 1536 515 μὲν
1554 469 1636 506 σῶ-

219 535 321 574 φρον
338 517 537 574 ὑπερεῖδε,
576 521 734 572 μείζονα
761 523 803 562 δὲ
830 523 985 578 τρυφὴν
1010 530 1081 578 τῆς
1109 525 1234 580 ἀρχῆς
1254 525 1332 580 ἤδη
1351 531 1636 584 μαραινομένης

218 584 417 639 εἰσήγαγεν
425 617 439 636 ,
486 586 532 626 οὗ
557 586 846 643 προθεωρήσας
875 591 986 643 (οὐδὲ
1013 592 1090 647 γὰρ
1126 592 1378 648 ἀνθρωπίνης
1407 593 1561 650 φύσεως
1588 597 1668 639 τὸ5

218 651 402 704 ἐσόμενον
423 651 706 707 στοχάζεσθαι)
729 657 881 711 φωλεὸν
899 663 954 714 τῷ
973 658 1224 714 Καππαδόκῃ
1246 661 1555 712 κατασκευάζειν.
1578 668 1637 719 τῷ

217 734 259 772 γε
272 720 353 772 μὴν
369 722 566 776 βαλανείῳ
585 726 655 774 τῆς
673 724 826 776 διαίτης
846 723 1038 780 ἠρκέσθη,
1074 727 1134 766 ἐπὶ
1155 730 1249 780 γοῦν
1267 727 1387 768 αὐτοῦ
1407 726 1576 782 τιμήσας
1590 730 1635 771 τὸ

215 786 388 842 με’τριον.
453 785 474 828 ὅ
494 788 537 829 δὲ
553 789 826 843 Καππαδόκης
845 793 924 844 (τίς
945 793 988 832 δὲ
1015 786 1149 842 οὗτος,
1182 793 1322 849 μικρὸν
1349 793 1512 850 ὕστερον
1540 797 1636 851 ἐρῶ)

217 852 418 907 ἐνσκήψας
443 858 491 909 τῇ
522 854 625 910 ἀρχῇ
650 856 722 910 τὴν
750 858 823 910 μὲν
850 859 1022 900 παλαιὰν
1051 862 1116 900 καὶ
1137 860 1240 902 οὕτω
1263 859 1408 914 σεμνὴν
1425 865 1496 914 τῆς
1515 860 1640 917 ἀρχῆς

217 921 372 961 δίαιταν
393 927 479 970 ταῖς
500 920 672 976 φάλαγξι
687 928 765 966 τῶν
782 925 1039 981 θεραπόντων
1055 927 1175 968 αὐτοῦ
1194 926 1485 983 παρεχώρησεν,
1520 928 1638 978 αὐτὸς
1649 934 1691 968 1⁰

217 987 262 1028 δὲ
289 988 350 1028 ἐπὶ
381 993 451 1041 τῆς
479 986 661 1046 ὗπερῴας
683 991 1076 1045 κατακοιταζόμενος,
1111 993 1231 1048 οὔρου
1257 996 1322 1035 καὶ
1350 993 1505 1050 ἀφόδου
1527 1012 1639 1051 περι-

213 1059 453 1104 σκοποῦντος
469 1055 535 1097 τὸν
553 1062 732 1108 κοιτῶνα,
767 1059 911 1113 γυμνὸς
933 1061 993 1101 ἐπὶ
1011 1065 1081 1110 τῆς
1099 1062 1230 1114 κλίνης
1246 1062 1456 1114 ἐξεκέχυτο,
1490 1060 1639 1111 πάντας

215 1122 310 1170 τοὺς
331 1122 408 1163 ἀπὸ
427 1127 497 1175 τῆς
516 1123 662 1173 τάξεως
680 1122 769 1167 ὡσεὶ
788 1127 983 1181 πονηροὺς
1004 1128 1154 1176 οἰκέτας
1173 1128 1248 1182 πρὸ
1270 1132 1340 1169 τοῦ
1355 1133 1539 1177 κοιτῶνος
1558 1146 1638 1169 πα-

216 1189 481 1244 ραφυλάττειν
504 1190 814 1244 ἐγκελευόμενος,
850 1192 968 1241 αὐτὸς
990 1194 1033 1234 δὲ
1050 1194 1142 1242 τοὺς
1159 1194 1394 1249 ἀρέσκοντας
1413 1194 1639 1250 ἐπιλεγόμε·

217 1271 282 1303 νος
310 1257 375 1295 καὶ
399 1262 482 1304 τοῖς
509 1257 847 1312 θηριωδεστάτοις
874 1263 952 1300 τῶν
973 1261 1151 1310 οῗκετῶν,
1180 1259 1403 1316 βαρβάροις
1417 1263 1482 1302 καὶ
1507 1260 1638 1310 λύκοις
1648 1265 1691 1300 15

215 1328 302 1369 ταῖς
327 1330 476 1374 ψυχαῖς
503 1323 588 1376 ἅμα
617 1326 682 1365 καὶ
708 1332 794 1374 ταῖς
819 1327 1120 1382 προσηγορίαις,
1154 1327 1253 1381 πρὸς
1270 1328 1463 1382 τιμωρίαν
1482 1328 1637 1369 ἐκτιθέ-

211 1405 340 1441 μενος.
405 1394 568 1445 τρυφῶν
594 1385 663 1432 οὖν
695 1390 891 1443 ἐκτόπως,
936 1393 981 1434 τὸ
1008 1391 1133 1434 πάλαι
1161 1397 1368 1444 βαλανεῖον
1400 1395 1456 1443 εἰς
1476 1392 1638 1436 ἔπαυλιν

210 1453 429 1509 ὑποζυγίων
452 1458 721 1511 μεταθέμενος
743 1466 831 1508 ταῖς
856 1459 1014 1514 ἀγέλαις
1040 1463 1117 1501 τῶν
1142 1461 1274 1501 ἰ’ππων
1303 1461 1356 1509 εἷς
1371 1461 1492 1517 μέρος
1504 1461 1637 1517 βραχὺ

211 1521 501 1578 παρεχώρησεν,
538 1525 667 1579 ἕτερον
697 1526 740 1567 δὲ
769 1526 830 1566 ἐπὶ
858 1531 927 1567 τοῦ
955 1527 1071 1582 ἀέρος
1099 1526 1299 1581 κρεμάσας
1317 1530 1537 1579 βαλανεῖον,
1571 1528 1638 1569 καὶ

209 1589 281 1642 ’τὴν
311 1588 431 1645 φύσιν
461 1595 539 1632 τῶν
566 1589 724 1634 ὑδάτων
752 1594 806 1641 εἷς
833 1592 941 1646 ὕψος
968 1592 1136 1634 ἄτακτον
1171 1594 1355 1650 ἀναρρεΐν
1382 1592 1691 1648 συνωθήσαςβθ

211 1655 365 1697 ἐλούετο
398 1658 438 1698 ἓν
463 1658 569 1714 αὐτῷ
591 1658 716 1708 οὕτως
735 1658 788 1708 ὡς
806 1658 1187 1716 προτετραγῴδηται.
1255 1658 1336 1702 εἶτα
1358 1661 1508 1702 ἐκεῖθεν
1525 1659 1576 1702 τά
1593 1678 1637 1704 τε

212 1723 328 1777 ἀέρος
354 1722 402 1765 τά
434 1742 475 1766 τε
503 1730 575 1779 γῆς
594 1724 643 1767 τά
662 1743 703 1767 τε
722 1727 843 1779 νηκτὰ
864 1725 991 1768 πάντα
1009 1728 1110 1780 μετὰ
1127 1732 1207 1768 τῶν
1229 1725 1504 1781 ἁπανταχόθεν
1523 1727 1637 1770 οἷ’νων

209 1791 410 1841 κατέπινε,
449 1793 515 1832 καὶ
543 1793 704 1849 μυρίαις
732 1795 1050 1850 συνδιεφθείρετο
1069 1795 1219 1846 μίξεσιν
1239 1794 1479 1850 ἄδιακρίτοις
1496 1793 1637 1844 αὖτός·

210 1857 272 1898 ἐπὶ
302 1862 372 1911 τῆς
392 1858 600 1911 χλαμύδος
628 1861 844 1918 θεριστρίῳ
875 1858 967 1902 ὡσεὶ
993 1861 1198 1919 κρηδέμνῳ
1224 1861 1297 1914 τὴν
1323 1862 1500 1917 κεφαλὴν
1525 1878 1638 1918 περι-

279 1940 344 1975 24
362 1941 440 1985 lego
459 1938 519 1975 ἐπί
538 1952 587 1976 τε.
640 1943 686 1976 F.

294 2008 351 2042 21.
396 2009 524 2042 Postea
540 2020 624 2043 vero
643 2009 798 2053 Sergius,
820 2020 907 2043 unus
929 2008 1115 2044 forensium
1134 2013 1304 2044 oratorum
1317 2037 1327 2054 ,
1348 2009 1513 2056 sophista,
1536 2020 1637 2055 quem

204 2057 348 2097 propter
365 2053 553 2087 doctrinam
576 2054 722 2099 optimus
746 2055 945 2089 Anastasius
965 2056 1162 2098 verebatur,
1185 2059 1368 2089 memorato
1386 2054 1555 2089 domicilio
1573 2055 1636 2089 de-

203 2097 353 2130 versorii
375 2098 494 2133 molem
516 2099 692 2143 imponens
715 2100 913 2133 modestiam
937 2100 1098 2143 neglexit,
1123 2100 1350 2145 maioremque
1366 2100 1478 2134 luxum
1495 2099 1638 2143 langue-

209 2147 328 2175 scente
348 2142 413 2175 iam
431 2144 631 2186 magistratu
648 2144 854 2188 introduxit,
885 2156 953 2178 non
970 2145 1175 2189 praevidens
1199 2146 1332 2190 (neque
1356 2145 1446 2179 enim
1473 2145 1638 2178 humanae

209 2191 370 2230 naturae,
394 2188 544 2221 futurum
566 2188 744 2232 divinare)
767 2189 907 2223 lustrum
925 2201 963 2223 se
985 2190 1184 2235 Cappadoci
1205 2194 1394 2224 exstruere.
1439 2188 1562 2224 balneo
1581 2193 1637 2222 ta-

206 2243 287 2266 men
308 2232 470 2265 domicilii
492 2237 669 2268 contentus
692 2234 769 2278 fuit,
793 2234 829 2267 in
852 2246 892 2268 eo
914 2235 1031 2278 utique
1049 2235 1246 2269 modestiam
1269 2235 1395 2269 colens.
1442 2239 1478 2268 at
1498 2233 1636 2278 Cappa-

209 2278 278 2311 dox
302 2276 401 2322 (quis
424 2284 511 2311 vero*
532 2278 605 2322 hic,
634 2279 735 2323 paulo
764 2283 845 2324 post
868 2279 1001 2323 dicam)
1027 2291 1101 2314 cum
1126 2279 1162 2313 in
1213 2281 1439 2314 raefecturam
1465 2278 1636 2322 irruisset,

208 2322 383 2366 antiquum
413 2323 568 2368 adeoque
598 2324 794 2358 venerabile
823 2325 1038 2368 magistratus
1067 2325 1188 2359 domici
1204 2325 1271 2358 ium
1292 2323 1516 2369 phalangibus
1534 2322 1636 2356 mini-

210 2371 356 2400 strorum
374 2378 510 2402 suorum
532 2368 703 2412 permisitt
728 2369 802 2413 ipse
820 2381 903 2402 vero
923 2369 957 2402 in
980 2378 1104 2415 supera
1121 2369 1179 2402 illa
1200 2373 1298 2414 parte
1321 2371 1459 2411 cubans,
1480 2367 1579 2401 urina
1599 2370 1636 2401 et

210 2416 363 2445 stercore
381 2413 506 2447 circum
523 2413 634 2446 cubile
651 2414 898 2458 spectantibus,
922 2416 1030 2448 nudus
1048 2415 1084 2448 in
1101 2414 1189 2448 lecto
1215 2415 1472 2455 extendebatur,
1495 2411 1634 2456 appari-

209 2461 320 2490 torum
337 2458 502 2502 quemvis,
525 2458 630 2492 veluti
654 2459 843 2503 improbum
866 2471 1019 2503 servum,
1044 2463 1123 2493 ante
1144 2459 1255 2493 cubile
1275 2458 1477 2503 praestolari
1500 2457 1634 2500 iubens,

209 2513 363 2555 quosque
387 2502 514 2546 eligere
538 2503 570 2537 ei
592 2503 717 2547 visum,
750 2504 971 2538 ferocissimis
996 2514 1188 2547 servorum,
1219 2503 1373 2537 barbaris
1395 2507 1431 2536 et
1446 2501 1536 2555 lupis
1558 2501 1634 2554 ani-

208 2547 271 2580 mis
293 2547 390 2581 simul
414 2554 449 2582 et
466 2548 674 2591 nominibus,
735 2561 821 2583 oena
838 2549 1037 2584 afficiendos
1055 2550 1207 2583 tradens.
1252 2548 1426 2582 luxurians
1446 2547 1552 2590 igitur
1569 2556 1634 2578 ml-

209 2603 284 2625 rum
305 2591 342 2625 in
364 2594 514 2638 modum,
549 2599 648 2628 vetus
666 2560 843 2636 balneum,
866 2594 902 2627 in
919 2595 1086 2628 stabulum
1108 2594 1331 2627 iumentorum
1348 2596 1530 2634 mutatum,
1553 2601 1634 2634 gre-

210 2649 289 2681 gum
311 2649 473 2682 equorum
490 2648 617 2684 parvae
640 2638 730 2682 parti
752 2639 926 2683 permisit3
960 2639 1050 2673 aliud
1067 2643 1179 2672 autem
1197 2638 1233 2671 in
1253 2649 1355 2681 aere,
1386 2645 1550 2682 aquarum
1571 2645 1634 2668 na-

212 2689 289 2715 tura
312 2683 355 2716 ad
375 2695 543 2718 enormem
564 2683 775 2718 altitudinem
797 2684 1005 2718 adscendere
1029 2687 1163 2727 coacta,
1194 2683 1351 2717 balneum
1373 2679 1567 2726 suspendit,
1596 2678 1633 2711 in

212 2738 278 2772 quo
301 2728 432 2772 tragico
454 2729 531 2774 illo,
564 2740 631 2773 quo
661 2729 824 2772 diximus,
857 2740 949 2762 more
978 2729 1169 2762 lavabatur.
1214 2728 1294 2762 inde
1321 2738 1424 2772 porro
1454 2728 1634 2759 ten-‘osma

211 2783 381 2818 aereaque
407 2785 447 2807 ac
471 2774 623 2808 natantia
651 2774 762 2807 omnia
791 2785 864 2808 cum
895 2773 984 2807 vinis
1012 2773 1161 2818 undique
1184 2773 1337 2807 advectis
1354 2770 1562 2811 devorabat,
1596 2772 1633 2800 et

212 2817 300 2851 mille
324 2820 524 2864 promiscuis
552 2819 698 2854 coitibus
718 2819 817 2854 simul
841 2819 918 2864 ipse
943 2820 1223 2861 consumebatur3
1254 2824 1396 2863 cumque
1416 2824 1521 2860 super
1539 2812 1632 2847 ohla-
