1748 3210
560 159 1012 208 COMMENTARIUS.
1430 171 1517 204 xxv

172 294 324 336 duobus
361 293 525 336 eruditis
555 295 658 339 ,viris
696 308 751 336 ex
786 293 928 335 eodem
956 289 1029 332 sed
1054 288 1244 332 mendoso
1274 289 1409 331 codice
1443 290 1517 330 de-

171 365 328 417 scripta.

116 431 169 485 4)
205 434 248 470 in
280 431 500 484 exemplari
531 431 665 484 aliquo
697 441 722 468 a
745 431 862 469 Petro
891 428 1102 468 Lambecio
1132 428 1258 479 facto,
1289 441 1380 467 cum
1409 427 1510 466 circa
1543 424 1594 465 17

171 513 211 539 a.
238 501 346 542 1650
378 501 420 538 in
447 501 562 538 Italia
591 504 832 547 moraretur,
870 499 990 548 item,
1028 504 1072 536 ut
1099 497 1261 549 opinor,
1301 510 1355 534 ex
1383 495 1515 534 codice

170 568 401 608 Barberino.
456 581 551 606 nam
578 573 683 605 certe
715 565 883 604 assiduis
907 565 1012 619 Lydi
1028 564 1319 604 laudationibus
1339 562 1517 617 locisque

172 649 228 674 ex
251 637 323 674 illo
344 636 605 687 transscriptis
620 634 861 672 Lambecius
882 633 1242 671 animadversiones
1261 634 1304 670 in
1320 632 1518 671 Codinum

171 717 263 743 suas
289 704 443 742 refersit
471 703 596 741 Paris.
623 717 649 740 e
675 700 938 754 typographia
967 703 1066 752 Reg.
1093 701 1224 750 1655,
1251 701 1345 750 fol„
1373 714 1414 752 p.
1437 700 1520 741 152

169 785 238 812 no.
261 773 317 814 26
343 778 382 810 et
407 773 482 819 27,
511 783 553 822 p.
583 768 666 824 153
696 783 763 808 no.
781 773 836 812 28
855 776 893 807 et
909 770 983 818 29,
1013 782 1055 820 Ρ.
1076 767 1155 810 154
1183 781 1251 806 no.
1268 770 1344 817 31,
1373 781 1415 819 p.
1437 766 1520 808 155

171 853 236 878 no.
256 839 335 888 32,
366 851 408 890 Ρ.
432 839 513 880 172
533 850 601 876 no.
618 839 695 887 63,
724 851 766 890 Ρ.
783 840 866 880 208
886 849 953 874 110.
976 834 1079 884 1543
1109 834 1215 873 unde
1235 842 1346 887 patet
1363 847 1456 872 eum
1475 836 1520 872 in

170 906 354 946 manibus
383 903 571 944 habuisse
599 903 776 958 Lydum.
834 911 874 942 et
899 916 990 942 cum
1014 903 1057 940 in
1079 903 1246 954 epistola
1264 902 1315 940 ad
1334 903 1519 941 Francis-

170 987 263 1013 cum
289 973 551 1012 Barberinum
575 971 854 1023 Cardinalem,
887 971 1019 1010 eidem
1038 969 1203 1009 editioni
1221 970 1422 1023 praefixa,
1451 971 1519 1008 bi-

170 1039 410 1091 bliothecam
426 1042 557 1093 ipsam
573 1041 832 1079 Barberinam
853 1041 1023 1078 celebret
1044 1053 1086 1092 Ρ.
1107 1053 1180 1090 111,
1211 1053 1293 1091 qua
1309 1047 1404 1091 post
1433 1040 1519 1078 Va-

169 1110 345 1148 ticanum
375 1108 480 1147 nihil
504 1110 639 1147 Roma
662 1110 878 1162 perfectius
906 1108 1052 1147 haheat
1078 1115 1151 1145 aut
1178 1109 1520 1160 magnficentius,

168 1191 333 1232 seseque
355 1180 488 1232 ipsum
511 1193 556 1232 Ρ.
574 1193 601 1220 v
627 1181 778 1218 Romae
802 1192 877 1230 per
902 1178 1102 1229 integrum
1127 1175 1331 1214 biennium
1357 1178 1401 1214 in
1420 1176 1521 1214 aula

175 1246 407 1285 Ocu-dina&
429 1254 734 1285 commorantem
752 1246 851 1297 plus
874 1247 918 1283 in
939 1245 1027 1282 luce
1047 1244 1123 1281 illa
1146 1251 1183 1281 et
1205 1246 1371 1296 strepitu
1386 1245 1520 1282 aulico

171 1328 295 1366 quam
322 1316 367 1353 in
395 1315 480 1353 ullo
510 1316 739 1352 academiae
759 1327 912 1350 recessu
940 1320 976 1349 et
1002 1311 1144 1349 umbra
1158 1313 1375 1364 profecisse
1398 1319 1522 1351 teste-

169 1387 257 1430 tur,
283 1393 414 1419 nonne
441 1379 660 1419 admodum
687 1378 876 1417 credibile
895 1380 939 1415 fit
961 1379 1113 1417 ibidem
1130 1393 1223 1416 eum
1243 1381 1287 1417 in
1305 1381 1522 1419 Barberina

169 1446 410 1485 bibliotheca
432 1449 548 1486 illum
570 1446 677 1499 Lydi
700 1445 879 1484 codicem
900 1443 1143 1482 offendisse?
1173 1448 1407 1496 praesertim
1428 1462 1519 1486 cum
1542 1458 1578 1495 p.
1602 1458 1716 1484 xxx1x

169 1513 280 1552 haud
296 1516 419 1553 sciam
432 1528 484 1553 an
500 1527 671 1568 usquam
689 1513 786 1551 alibi
801 1511 920 1550 huius
938 1512 1135 1563 epitomae
1150 1512 1356 1564 Lydianae
1379 1529 1522 1554 exem-

168 1582 278 1633 plar,
309 1581 415 1620 uude
442 1596 559 1621 suum
580 1589 778 1631 sumeret,
807 1581 1039 1618 invenisset.
1099 1582 1246 1618 etenim
1270 1582 1378 1634 quod
1402 1584 1522 1623 tradit

170 1651 231 1688 vir
249 1662 428 1689 summus
447 1652 631 1690 Nicolaus
652 1649 800 1690 Schow
819 1650 862 1686 in
881 1649 1098 1699 specimine
1117 1650 1248 1700 operis
1270 1651 1360 1706 περὶ
1381 1655 1522 1705 μηνῶν

169 1716 426 1769 (Bibliothek
455 1718 524 1756 der
554 1718 662 1756 alten
689 1719 897 1756 Literatur
922 1717 1011 1755 und
1023 1718 1175 1763 Kanst,
1204 1717 1523 1772 herausgegeben

169 1798 248 1824 von
285 1785 540 1838 TCZyc-hsen
571 1787 660 1824 und
690 1786 982 1824 AHLHeeren
993 1812 1010 1831 ‚
1051 1786 1188 1824 fascic.
1214 1790 1264 1836 7,
1309 1789 1522 1841 Gottingae

167 1853 290 1902 1790,
309 1855 336 1895 8
347 1883 358 1904 ,
389 1855 493 1892 inter
510 1855 669 1893 Inedita
687 1868 728 1906 p.
747 1852 826 1906 22)
858 1860 898 1891 et
914 1866 967 1891 ex
981 1855 1051 1892 illo
1068 1855 1273 1892 Harlesius
1304 1855 1522 1907 (Biblioth.

170 1920 312 1959 Graec.
333 1922 414 1960 vol.
434 1921 460 1964 4
485 1935 527 1974 Ρ.
552 1923 632 1966 157
653 1923 726 1961 lin.
745 1921 824 1974 7),
857 1934 910 1959 ex
932 1936 994 1961 ms
1023 1923 1148 1974 Regio
1177 1924 1393 1963 Parisiensi
1411 1925 1522 1963 inse-

164 1990 298 2028 ruisse
315 1990 575 2028 Lambecium
591 1991 634 2027 in
650 1987 1028 2028 Animadversiones
1045 1990 1097 2028 ad
1114 1990 1313 2030 Codinum
1330 1993 1418 2030 loca
1436 1994 1523 2043 illa,

172 2058 243 2110 qui
267 2059 396 2109 potuit
420 2071 459 2096 a.
488 2056 625 2101 1653?
669 2055 777 2110 quod
806 2070 853 2095 eo
880 2064 1059 2109 tempore
1087 2059 1223 2098 nullus
1248 2062 1410 2100 omniuo
1440 2069 1524 2100 erat

170 2126 320 2176 Regius
344 2125 496 2176 codex,
526 2126 597 2178 qui
612 2127 830 2164 contineret
850 2123 950 2163 haec
974 2126 1223 2177 fragmenta:
1251 2140 1348 2166 nam
1366 2131 1524 2180 Bigoti-

171 2205 248 2231 nus
277 2205 345 2232 no.
369 2193 480 2235 3084
511 2206 633 2246 quem
659 2191 767 2243 dixi,
804 2193 940 2232 illatus
967 2195 1010 2231 iu
1040 2194 1326 2234 bibliothecam
1355 2198 1526 2248 Regiam

174 2273 213 2298 a.
233 2262 340 2302 1706
361 2267 444 2311 est,
474 2274 555 2298 una
583 2273 674 2299 cum
699 2261 790 2299 aliis
816 2261 1017 2301 codicibus
1049 2264 1221 2315 amplius
1240 2262 1324 2306 450
1343 2264 1523 2303 eiusdem

172 2329 336 2380 originis
365 2327 434 2381 (v.
457 2329 650 2366 Me'moire
667 2329 884 2381 historique
898 2345 968 2368 sur
987 2331 1030 2368 la
1051 2331 1334 2383 Bibliotheque
1350 2333 1406 2370 du
1424 2334 1525 2380 Roi,

172 2395 217 2433 in
249 2396 469 2448 Catalogue
485 2396 554 2435 des
570 2398 688 2436 livre&
705 2399 909 2449 imprime's
926 2398 975 2436 de
996 2399 1039 2436 la
1054 2398 1335 2452 Bibliotheqae
1351 2401 1408 2437 du
1424 2400 1520 2438 Roi.

173 2463 372 2502 Premie’re
387 2465 536 2516 partie.
595 2465 642 2502 A
665 2466 787 2503 Paris
796 2494 815 2512 ,
854 2467 904 2504 de
929 2467 1198 2518 l'imprimerie
1220 2467 1389 2519 Royale.
1450 2468 1524 2506 fol.

173 2543 215 2582 p.
234 2531 340 2583 xnv)
367 2533 505 2571 multis
531 2534 644 2571 annis
664 2541 754 2585 post
771 2533 925 2572 editum
944 2534 1155 2573 Codinum.

122 2595 178 2649 5)
205 2599 248 2635 in
274 2601 495 2652 exemplari
526 2600 634 2654 quod
657 2615 710 2640 ex
728 2602 906 2640 litei-ario
926 2604 1187 2641 instrumento
1209 2602 1349 2642 Allatii
1371 2599 1523 2642 descri-

177 2673 307 2717 pserat
334 2668 384 2706 cl.
415 2668 536 2707 abbas
561 2670 776 2719 Marinius,
814 2671 996 2723 interque
1029 2670 1196 2709 schedas
1224 2683 1316 2708 suas
1349 2684 1386 2708 a.
1418 2672 1527 2714 1789

178 2734 372 2773 servabat.
427 2737 597 2775 advertit
607 2739 788 2789 primum
808 2739 868 2776 ad
885 2739 992 2776 hunc
1011 2739 1192 2789 Lydum,
1222 2738 1277 2776 ait
1301 2740 1362 2776 vir
1383 2739 1433 2776 01.
1453 2739 1525 2776 Ni-

179 2801 312 2848 colaus
338 2795 482 2843 Schow
510 2804 625 2858 (loco
650 2807 715 2845 cit.
742 2805 973 2844 Bibliotlaek
998 2807 1068 2844 der
1090 2806 1199 2844 alten
1222 2806 1428 2844 Literatar
1448 2812 1524 2844 etc.
1581 2822 1586 2826 Χ
