<?xml version="1.0" encoding="UTF-8"?>
<!DOCTYPE html PUBLIC "-//W3C//DTD XHTML 1.0 Transitional//EN"
    "http://www.w3.org/TR/xhtml1/DTD/xhtml1-transitional.dtd">
<html xmlns="http://www.w3.org/1999/xhtml" xml:lang="en" lang="en">
 <head>
  <title>
</title>
<meta http-equiv="Content-Type" content="text/html;charset=utf-8" />
  <meta name='ocr-system' content='tesseract 3.04.00' />
  <meta name='ocr-capabilities' content='ocr_page ocr_carea ocr_par ocr_line ocrx_word'/>
</head>
<body>
  <div class='ocr_page' id='page_1' title='image "./corpusscriptorum27niebuoft/corpusscriptorum27niebuoft_0197.png"; bbox 0 0 1748 3210; ppageno 0'>
   <div class='ocr_carea' id='block_1_1' title="bbox 415 172 1600 220">
    <p class='ocr_par' dir='ltr' id='par_1_1' title="bbox 415 172 1600 220">
     <span class='ocr_line' id='line_1_1' title="bbox 415 172 1600 220; baseline -0.001 0"><span class='ocrx_word' id='word_1_1' title='bbox 415 177 492 220; x_wconf 89' lang='lat' dir='ltr'><strong><em>DE</em></strong></span> <span class='ocrx_word' id='word_1_2' title='bbox 524 173 972 220; x_wconf 81' lang='lat' dir='ltr'><strong>MAGISTRATIBUS</strong></span> <span class='ocrx_word' id='word_1_3' title='bbox 1004 173 1052 218; x_wconf 90' lang='lat' dir='ltr'><strong><em>P.</em></strong></span> <span class='ocrx_word' id='word_1_4' title='bbox 1075 173 1129 218; x_wconf 92' lang='lat' dir='ltr'><strong><em>R.</em></strong></span> <span class='ocrx_word' id='word_1_5' title='bbox 1163 172 1268 216; x_wconf 88' lang='lat' dir='ltr'><strong>LIB.</strong></span> <span class='ocrx_word' id='word_1_6' title='bbox 1293 172 1328 217; x_wconf 92' lang='lat'><strong><em>1.</em></strong></span> <span class='ocrx_word' id='word_1_7' title='bbox 1354 174 1356 176; x_wconf 75' lang='grc'>’</span> <span class='ocrx_word' id='word_1_8' title='bbox 1503 173 1600 219; x_wconf 81' lang='lat'><strong><em>127</em></strong></span> 
     </span>
    </p>
   </div>
   <div class='ocr_carea' id='block_1_2' title="bbox 89 287 1611 1860">
    <p class='ocr_par' dir='ltr' id='par_1_2' title="bbox 140 287 1602 554">
     <span class='ocr_line' id='line_1_2' title="bbox 140 287 1601 350; baseline -0.001 -16"><span class='ocrx_word' id='word_1_9' title='bbox 140 296 291 350; x_wconf 76' lang='grc' dir='ltr'><strong><em>σχῆμα·</em></strong></span> <span class='ocrx_word' id='word_1_10' title='bbox 308 293 382 346; x_wconf 81' lang='grc' dir='ltr'><strong><em>τῆς</em></strong></span> <span class='ocrx_word' id='word_1_11' title='bbox 407 290 622 346; x_wconf 72' lang='grc' dir='ltr'><em>λεγομένης</em></span> <span class='ocrx_word' id='word_1_12' title='bbox 649 288 772 346; x_wconf 86' lang='grc' dir='ltr'><strong><em>τόγας</em></strong></span> <span class='ocrx_word' id='word_1_13' title='bbox 801 289 912 348; x_wconf 75' lang='grc' dir='ltr'><strong><em>αὐτῷ</em></strong></span> <span class='ocrx_word' id='word_1_14' title='bbox 945 305 988 332; x_wconf 84' lang='grc' dir='ltr'><strong><em>τε</em></strong></span> <span class='ocrx_word' id='word_1_15' title='bbox 1022 292 1080 347; x_wconf 77' lang='grc' dir='ltr'><strong><em>τῷ</em></strong></span> <span class='ocrx_word' id='word_1_16' title='bbox 1107 288 1304 346; x_wconf 74' lang='grc' dir='ltr'><em>λεγομένῳ</em></span> <span class='ocrx_word' id='word_1_17' title='bbox 1333 287 1423 346; x_wconf 80' lang='grc' dir='ltr'><strong><em>ῥηγὶ</em></strong></span> <span class='ocrx_word' id='word_1_18' title='bbox 1452 294 1537 339; x_wconf 84' lang='grc' dir='ltr'><strong><em>τοῖς</em></strong></span> <span class='ocrx_word' id='word_1_19' title='bbox 1558 306 1601 332; x_wconf 84' lang='grc' dir='ltr'><strong><em>τε</em></strong></span> 
     </span>
     <span class='ocr_line' id='line_1_3' title="bbox 141 355 1602 417; baseline -0.003 -12"><span class='ocrx_word' id='word_1_20' title='bbox 141 358 332 417; x_wconf 65' lang='grc' dir='ltr'><strong><em>ὕπηκόοις</em></strong></span> <span class='ocrx_word' id='word_1_21' title='bbox 349 359 416 401; x_wconf 71' lang='grc' dir='ltr'><strong><em>ἐπ’</em></strong></span> <span class='ocrx_word' id='word_1_22' title='bbox 442 358 621 416; x_wconf 79' lang='grc' dir='ltr'><strong><em>εἰρήνης·</em></strong></span> <span class='ocrx_word' id='word_1_23' title='bbox 656 359 682 413; x_wconf 76' lang='grc' dir='ltr'>ἡ</span> <span class='ocrx_word' id='word_1_24' title='bbox 703 359 840 414; x_wconf 74' lang='grc' dir='ltr'><strong><em>μέντοι</em></strong></span> <span class='ocrx_word' id='word_1_25' title='bbox 862 359 1039 416; x_wconf 82' lang='grc' dir='ltr'><strong><em>τραβαία</em></strong></span> <span class='ocrx_word' id='word_1_26' title='bbox 1058 355 1184 412; x_wconf 82' lang='grc' dir='ltr'>μόνου</span> <span class='ocrx_word' id='word_1_27' title='bbox 1196 362 1269 400; x_wconf 79' lang='grc' dir='ltr'><strong><em>τοῦ</em></strong></span> <span class='ocrx_word' id='word_1_28' title='bbox 1281 357 1401 415; x_wconf 81' lang='grc' dir='ltr'><strong><em>ῥηγὸς</em></strong></span> <span class='ocrx_word' id='word_1_29' title='bbox 1414 356 1602 413; x_wconf 76' lang='grc' dir='ltr'><strong><em>ἐτύγχανε</em></strong></span> 
     </span>
     <span class='ocr_line' id='line_1_4' title="bbox 143 419 1600 488; baseline -0.004 -15"><span class='ocrx_word' id='word_1_30' title='bbox 143 419 394 488; x_wconf 81' lang='grc' dir='ltr'><strong><em>παρατοῦρα,</em></strong></span> <span class='ocrx_word' id='word_1_31' title='bbox 428 429 545 470; x_wconf 78' lang='grc' dir='ltr'><strong><em>οἱονεὶ</em></strong></span> <span class='ocrx_word' id='word_1_32' title='bbox 567 430 690 483; x_wconf 88' lang='grc' dir='ltr'><strong><em>στολὴ</em></strong></span> <span class='ocrx_word' id='word_1_33' title='bbox 712 429 918 482; x_wconf 78' lang='grc' dir='ltr'><strong><em>ἐπίσημος.</em></strong></span> <span class='ocrx_word' id='word_1_34' title='bbox 977 427 1103 481; x_wconf 84' lang='grc' dir='ltr'><strong><em>χιτὼν</em></strong></span> <span class='ocrx_word' id='word_1_35' title='bbox 1125 427 1168 469; x_wconf 78' lang='grc' dir='ltr'><strong><em>δὲ</em></strong></span> <span class='ocrx_word' id='word_1_36' title='bbox 1188 421 1238 481; x_wconf 80' lang='grc' dir='ltr'><strong><em>ἦν</em></strong></span> <span class='ocrx_word' id='word_1_37' title='bbox 1255 428 1322 468; x_wconf 81' lang='grc' dir='ltr'><strong><em>καὶ</em></strong></span> <span class='ocrx_word' id='word_1_38' title='bbox 1340 426 1600 484; x_wconf 74' lang='grc' dir='ltr'><strong><em>περιβόλαιον</em></strong></span> 
     </span>
     <span class='ocr_line' id='line_1_5' title="bbox 142 493 1602 554; baseline -0.004 -12"><span class='ocrx_word' id='word_1_39' title='bbox 142 497 390 554; x_wconf 71' lang='grc' dir='ltr'><strong><em>ἧμικῦκλιον,</em></strong></span> <span class='ocrx_word' id='word_1_40' title='bbox 410 497 432 539; x_wconf 74' lang='grc' dir='ltr'>ὃ</span> <span class='ocrx_word' id='word_1_41' title='bbox 445 497 859 553; x_wconf 75' lang='grc' dir='ltr'><strong><em>πρῶτονἈγαθοκλέα</em></strong></span> <span class='ocrx_word' id='word_1_42' title='bbox 871 495 941 538; x_wconf 84' lang='grc' dir='ltr'><strong><em>τὸν</em></strong></span> <span class='ocrx_word' id='word_1_43' title='bbox 952 497 1137 547; x_wconf 75' lang='grc' dir='ltr'><strong><em>Σικελίας</em></strong></span> <span class='ocrx_word' id='word_1_44' title='bbox 1146 493 1339 552; x_wconf 76' lang='grc' dir='ltr'><strong><em>τύραννον</em></strong></span> <span class='ocrx_word' id='word_1_45' title='bbox 1352 497 1521 551; x_wconf 73' lang='grc' dir='ltr'><strong><em>ἐξευρεῖν</em></strong></span> <span class='ocrx_word' id='word_1_46' title='bbox 1532 493 1602 536; x_wconf 89' lang='grc' dir='ltr'><strong><em>λό-</em></strong></span> 
     </span>
    </p>

    <p class='ocr_par' dir='ltr' id='par_1_3' title="bbox 89 563 1611 1860">
     <span class='ocr_line' id='line_1_6' title="bbox 109 563 1600 625; baseline -0.003 -15"><span class='ocrx_word' id='word_1_47' title='bbox 109 573 133 610; x_wconf 69' lang='lat'>5</span> <span class='ocrx_word' id='word_1_48' title='bbox 143 583 224 625; x_wconf 80' lang='grc' dir='ltr'><strong><em>γος.</em></strong></span> <span class='ocrx_word' id='word_1_49' title='bbox 258 567 328 608; x_wconf 84' lang='grc' dir='ltr'><strong><em>τὸν</em></strong></span> <span class='ocrx_word' id='word_1_50' title='bbox 342 567 385 608; x_wconf 78' lang='grc' dir='ltr'><strong><em>δὲ</em></strong></span> <span class='ocrx_word' id='word_1_51' title='bbox 397 565 550 623; x_wconf 87' lang='grc' dir='ltr'><strong><em>θρόνον</em></strong></span> <span class='ocrx_word' id='word_1_52' title='bbox 562 564 698 609; x_wconf 87' lang='grc' dir='ltr'><strong><em>σόλιον</em></strong></span> <span class='ocrx_word' id='word_1_53' title='bbox 710 566 931 622; x_wconf 74' lang='grc' dir='ltr'><strong><em>ἐπιχωρίως</em></strong></span> <span class='ocrx_word' id='word_1_54' title='bbox 944 564 1149 619; x_wconf 83' lang='grc' dir='ltr'><strong><em>ὠνόμαζον</em></strong></span> <span class='ocrx_word' id='word_1_55' title='bbox 1163 564 1250 607; x_wconf 74' lang='grc' dir='ltr'><strong><em>ἀντὶ</em></strong></span> <span class='ocrx_word' id='word_1_56' title='bbox 1262 568 1334 607; x_wconf 85' lang='grc' dir='ltr'><strong><em>τοῦ</em></strong></span> <span class='ocrx_word' id='word_1_57' title='bbox 1346 565 1500 607; x_wconf 87' lang='grc' dir='ltr'><strong><em>σελλιόν</em></strong></span> <span class='ocrx_word' id='word_1_58' title='bbox 1513 563 1600 606; x_wconf 73' lang='grc' dir='ltr'><strong><em>κατ’</em></strong></span> 
     </span>
     <span class='ocr_line' id='line_1_7' title="bbox 142 632 1604 691; baseline -0.003 -13"><span class='ocrx_word' id='word_1_59' title='bbox 142 635 404 690; x_wconf 69' lang='grc' dir='ltr'><strong><em>ἀντίστοιχον,</em></strong></span> <span class='ocrx_word' id='word_1_60' title='bbox 424 633 480 685; x_wconf 81' lang='grc' dir='ltr'><strong><em>ὥς</em></strong></span> <span class='ocrx_word' id='word_1_61' title='bbox 493 633 650 691; x_wconf 83' lang='grc' dir='ltr'><strong><em>φησινό</em></strong></span> <span class='ocrx_word' id='word_1_62' title='bbox 666 632 864 689; x_wconf 82' lang='grc' dir='ltr'><strong><em>Ῥωμαῖος</em></strong></span> <span class='ocrx_word' id='word_1_63' title='bbox 875 633 1062 690; x_wconf 78' lang='grc' dir='ltr'><strong><em>Ἄσηρος.</em></strong></span> <span class='ocrx_word' id='word_1_64' title='bbox 1100 633 1128 688; x_wconf 79' lang='grc' dir='ltr'><em>ἢ</em></span> <span class='ocrx_word' id='word_1_65' title='bbox 1142 636 1209 676; x_wconf 88' lang='grc' dir='ltr'><strong><em>καὶ</em></strong></span> <span class='ocrx_word' id='word_1_66' title='bbox 1223 634 1355 685; x_wconf 79' lang='grc' dir='ltr'><strong><em>ἄλλως</em></strong></span> <span class='ocrx_word' id='word_1_67' title='bbox 1365 633 1502 676; x_wconf 91' lang='grc' dir='ltr'><strong><em>σόλιον</em></strong></span> <span class='ocrx_word' id='word_1_68' title='bbox 1515 633 1604 675; x_wconf 82' lang='grc' dir='ltr'><strong><em>ἀντὶ</em></strong></span> 
     </span>
     <span class='ocr_line' id='line_1_8' title="bbox 141 701 1604 759; baseline -0.003 -12"><span class='ocrx_word' id='word_1_69' title='bbox 141 709 216 748; x_wconf 80' lang='grc' dir='ltr'><strong><em>τοῦ</em></strong></span> <span class='ocrx_word' id='word_1_70' title='bbox 239 702 401 747; x_wconf 82' lang='grc' dir='ltr'><strong><em>σόλιδον</em></strong></span> <span class='ocrx_word' id='word_1_71' title='bbox 417 702 609 755; x_wconf 76' lang='grc' dir='ltr'><strong><em>ἐκάλουν,</em></strong></span> <span class='ocrx_word' id='word_1_72' title='bbox 652 703 771 746; x_wconf 77' lang='grc' dir='ltr'><strong><em>οἱονεὶ</em></strong></span> <span class='ocrx_word' id='word_1_73' title='bbox 792 701 1036 759; x_wconf 77' lang='grc' dir='ltr'><strong><em>ὁλόκληρον·</em></strong></span> <span class='ocrx_word' id='word_1_74' title='bbox 1067 703 1250 756; x_wconf 80' lang='grc' dir='ltr'><strong><em>στέλεχος</em></strong></span> <span class='ocrx_word' id='word_1_75' title='bbox 1280 703 1358 759; x_wconf 79' lang='grc' dir='ltr'><strong><em>γὰρ</em></strong></span> <span class='ocrx_word' id='word_1_76' title='bbox 1390 701 1516 759; x_wconf 79' lang='grc' dir='ltr'><strong><em>ἁδρὸν</em></strong></span> <span class='ocrx_word' id='word_1_77' title='bbox 1547 703 1604 751; x_wconf 76' lang='grc' dir='ltr'><strong><em>εἷς</em></strong></span> 
     </span>
     <span class='ocr_line' id='line_1_9' title="bbox 143 770 1604 830; baseline -0.002 -15"><span class='ocrx_word' id='word_1_78' title='bbox 143 774 289 816; x_wconf 84' lang='grc' dir='ltr'><strong><em>κυτίδοι</em></strong></span> <span class='ocrx_word' id='word_1_79' title='bbox 309 774 377 815; x_wconf 84' lang='grc' dir='ltr'><strong><em>καὶ</em></strong></span> <span class='ocrx_word' id='word_1_80' title='bbox 400 773 608 830; x_wconf 73' lang='grc' dir='ltr'><strong><em>καθέδρας</em></strong></span> <span class='ocrx_word' id='word_1_81' title='bbox 628 770 754 814; x_wconf 79' lang='grc' dir='ltr'><strong><em>τύπον</em></strong></span> <span class='ocrx_word' id='word_1_82' title='bbox 775 770 1050 828; x_wconf 73' lang='grc' dir='ltr'><strong><em>ἓξορόττοντες</em></strong></span> <span class='ocrx_word' id='word_1_83' title='bbox 1073 772 1287 814; x_wconf 79' lang='grc' dir='ltr'><strong><em>ἀπετέλουν</em></strong></span> <span class='ocrx_word' id='word_1_84' title='bbox 1309 776 1426 826; x_wconf 80' lang='grc' dir='ltr'><strong><em>βῆμα</em></strong></span> <span class='ocrx_word' id='word_1_85' title='bbox 1445 776 1497 828; x_wconf 86' lang='grc' dir='ltr'><strong><em>τῇ</em></strong></span> <span class='ocrx_word' id='word_1_86' title='bbox 1520 775 1604 824; x_wconf 82' lang='grc' dir='ltr'><strong><em>βα·-</em></strong></span> 
     </span>
     <span class='ocr_line' id='line_1_10' title="bbox 143 839 1605 901; baseline -0.001 -17"><span class='ocrx_word' id='word_1_87' title='bbox 143 843 293 901; x_wconf 72' lang='grc' dir='ltr'><strong><em>σιλείᾳ,</em></strong></span> <span class='ocrx_word' id='word_1_88' title='bbox 332 843 402 884; x_wconf 65' lang='grc' dir='ltr'><strong><em>ἰ’να</em></strong></span> <span class='ocrx_word' id='word_1_89' title='bbox 423 840 556 897; x_wconf 81' lang='grc' dir='ltr'><strong><em>ὥσπερ</em></strong></span> <span class='ocrx_word' id='word_1_90' title='bbox 579 840 621 883; x_wconf 74' lang='grc' dir='ltr'><strong><em>ἴν</em></strong></span> <span class='ocrx_word' id='word_1_91' title='bbox 645 858 722 884; x_wconf 90' lang='grc' dir='ltr'><strong><em>τινι</em></strong></span> <span class='ocrx_word' id='word_1_92' title='bbox 739 839 852 898; x_wconf 86' lang='grc' dir='ltr'><strong><em>θήκῃ</em></strong></span> <span class='ocrx_word' id='word_1_93' title='bbox 873 839 1197 897; x_wconf 76' lang='grc' dir='ltr'><strong><em>κατησφάλισται</em></strong></span> <span class='ocrx_word' id='word_1_94' title='bbox 1220 840 1266 882; x_wconf 85' lang='grc' dir='ltr'><strong><em>τὸ</em></strong></span> <span class='ocrx_word' id='word_1_95' title='bbox 1289 846 1408 895; x_wconf 83' lang='grc' dir='ltr'><strong><em>σῶμα</em></strong></span> <span class='ocrx_word' id='word_1_96' title='bbox 1428 845 1501 882; x_wconf 83' lang='grc' dir='ltr'><strong><em>τοῦ</em></strong></span> <span class='ocrx_word' id='word_1_97' title='bbox 1520 845 1605 894; x_wconf 83' lang='grc' dir='ltr'><strong><em>βα-</em></strong></span> 
     </span>
     <span class='ocr_line' id='line_1_11' title="bbox 89 907 1604 967; baseline -0.002 -14"><span class='ocrx_word' id='word_1_98' title='bbox 89 911 286 960; x_wconf 75' lang='grc' dir='ltr'><strong><em>1οσιλέως</em></strong></span> <span class='ocrx_word' id='word_1_99' title='bbox 304 909 347 952; x_wconf 65' lang='grc' dir='ltr'><strong><em>ἔκ</em></strong></span> <span class='ocrx_word' id='word_1_100' title='bbox 366 927 408 953; x_wconf 88' lang='grc' dir='ltr'><strong><em>τε</em></strong></span> <span class='ocrx_word' id='word_1_101' title='bbox 429 909 556 952; x_wconf 81' lang='grc' dir='ltr'><strong><em>νώτου</em></strong></span> <span class='ocrx_word' id='word_1_102' title='bbox 579 909 622 952; x_wconf 70' lang='grc' dir='ltr'><strong><em>ἔκ</em></strong></span> <span class='ocrx_word' id='word_1_103' title='bbox 643 927 685 952; x_wconf 89' lang='grc' dir='ltr'><strong><em>τε</em></strong></span> <span class='ocrx_word' id='word_1_104' title='bbox 708 913 885 967; x_wconf 82' lang='grc' dir='ltr'><strong><em>πλευρᾶς</em></strong></span> <span class='ocrx_word' id='word_1_105' title='bbox 905 908 1120 964; x_wconf 71' lang='grc' dir='ltr'><strong><em>ἑκατέρας,</em></strong></span> <span class='ocrx_word' id='word_1_106' title='bbox 1153 911 1354 964; x_wconf 77' lang='grc' dir='ltr'><strong><em>μηδεμιᾶς</em></strong></span> <span class='ocrx_word' id='word_1_107' title='bbox 1374 908 1555 966; x_wconf 81' lang='grc' dir='ltr'><strong><em>ἆρμογῆς</em></strong></span> <span class='ocrx_word' id='word_1_108' title='bbox 1575 907 1604 963; x_wconf 81' lang='grc' dir='ltr'>ἢ</span> 
     </span>
     <span class='ocr_line' id='line_1_12' title="bbox 143 975 1605 1037; baseline -0.003 -15"><span class='ocrx_word' id='word_1_109' title='bbox 143 983 373 1037; x_wconf 84' lang='grc' dir='ltr'><strong><em>προσθετοῦ</em></strong></span> <span class='ocrx_word' id='word_1_110' title='bbox 403 978 524 1029; x_wconf 76' lang='grc' dir='ltr'><strong><em>ξύλου</em></strong></span> <span class='ocrx_word' id='word_1_111' title='bbox 556 980 792 1036; x_wconf 79' lang='grc' dir='ltr'><strong><em>σφίγγοντος</em></strong></span> <span class='ocrx_word' id='word_1_112' title='bbox 827 977 899 1032; x_wconf 84' lang='grc' dir='ltr'><strong><em>τὴν</em></strong></span> <span class='ocrx_word' id='word_1_113' title='bbox 927 978 1160 1033; x_wconf 75' lang='grc' dir='ltr'><strong><em>καθέδραν,</em></strong></span> <span class='ocrx_word' id='word_1_114' title='bbox 1205 976 1315 1027; x_wconf 75' lang='grc' dir='ltr'><strong><em>ἅπαξ</em></strong></span> <span class='ocrx_word' id='word_1_115' title='bbox 1343 975 1508 1033; x_wconf 84' lang='grc' dir='ltr'><strong><em>ὁλοτελῆ</em></strong></span> <span class='ocrx_word' id='word_1_116' title='bbox 1536 979 1605 1019; x_wconf 87' lang='grc' dir='ltr'><strong><em>καὶ</em></strong></span> 
     </span>
     <span class='ocr_line' id='line_1_13' title="bbox 143 1042 1604 1105; baseline -0.001 -15"><span class='ocrx_word' id='word_1_117' title='bbox 143 1046 363 1105; x_wconf 74' lang='grc' dir='ltr'><strong><em>ὁλόκληρον</em></strong></span> <span class='ocrx_word' id='word_1_118' title='bbox 383 1046 671 1102; x_wconf 81' lang='grc' dir='ltr'><strong><em>τυγχάνουσαν.</em></strong></span> <span class='ocrx_word' id='word_1_119' title='bbox 738 1044 866 1103; x_wconf 79' lang='grc' dir='ltr'><strong><em>ταύτῃ</em></strong></span> <span class='ocrx_word' id='word_1_120' title='bbox 886 1044 1020 1088; x_wconf 88' lang='grc' dir='ltr'><strong><em>σόλιον</em></strong></span> <span class='ocrx_word' id='word_1_121' title='bbox 1038 1045 1107 1088; x_wconf 84' lang='grc' dir='ltr'><strong><em>τὸν</em></strong></span> <span class='ocrx_word' id='word_1_122' title='bbox 1120 1047 1321 1100; x_wconf 75' lang='grc' dir='ltr'><strong><em>βασιλέως</em></strong></span> <span class='ocrx_word' id='word_1_123' title='bbox 1339 1042 1492 1103; x_wconf 86' lang='grc' dir='ltr'><strong><em>θρόνον</em></strong></span> <span class='ocrx_word' id='word_1_124' title='bbox 1509 1044 1604 1088; x_wconf 72' lang='grc' dir='ltr'><strong><em>ἐκά-</em></strong></span> 
     </span>
     <span class='ocr_line' id='line_1_14' title="bbox 142 1113 1604 1173; baseline -0.001 -15"><span class='ocrx_word' id='word_1_125' title='bbox 142 1120 253 1159; x_wconf 80' lang='grc' dir='ltr'><strong><em>λουν.</em></strong></span> <span class='ocrx_word' id='word_1_126' title='bbox 322 1116 395 1172; x_wconf 88' lang='grc'><strong><em>(8)</em></strong></span> <span class='ocrx_word' id='word_1_127' title='bbox 431 1115 532 1173; x_wconf 84' lang='grc' dir='ltr'><strong><em>πρὸς</em></strong></span> <span class='ocrx_word' id='word_1_128' title='bbox 549 1114 707 1166; x_wconf 81' lang='grc' dir='ltr'><strong><em>τούτοις</em></strong></span> <span class='ocrx_word' id='word_1_129' title='bbox 725 1113 893 1171; x_wconf 75' lang='grc' dir='ltr'><strong><em>ἡγοῦντο</em></strong></span> <span class='ocrx_word' id='word_1_130' title='bbox 913 1113 1120 1168; x_wconf 79' lang='grc' dir='ltr'><strong><em>Ῥωμύλου</em></strong></span> <span class='ocrx_word' id='word_1_131' title='bbox 1149 1117 1323 1165; x_wconf 75' lang='grc' dir='ltr'><strong><em>πελέκεις</em></strong></span> <span class='ocrx_word' id='word_1_132' title='bbox 1350 1117 1604 1165; x_wconf 75' lang='grc' dir='ltr'><strong><em>δυοκαίδεκα,</em></strong></span> 
     </span>
     <span class='ocr_line' id='line_1_15' title="bbox 142 1178 1606 1242; baseline -0.001 -16"><span class='ocrx_word' id='word_1_133' title='bbox 142 1184 244 1242; x_wconf 83' lang='grc' dir='ltr'><strong><em>πρὸς</em></strong></span> <span class='ocrx_word' id='word_1_134' title='bbox 269 1184 340 1227; x_wconf 84' lang='grc' dir='ltr'><strong><em>τὸν</em></strong></span> <span class='ocrx_word' id='word_1_135' title='bbox 368 1184 549 1242; x_wconf 80' lang='grc' dir='ltr'><strong><em>ἀριθμὸν</em></strong></span> <span class='ocrx_word' id='word_1_136' title='bbox 578 1188 659 1227; x_wconf 81' lang='grc' dir='ltr'><strong><em>τῶν</em></strong></span> <span class='ocrx_word' id='word_1_137' title='bbox 693 1188 832 1239; x_wconf 81' lang='grc' dir='ltr'><strong><em>γυπῶν</em></strong></span> <span class='ocrx_word' id='word_1_138' title='bbox 854 1178 910 1225; x_wconf 72' lang='grc' dir='ltr'><strong><em>ὧν</em></strong></span> <span class='ocrx_word' id='word_1_139' title='bbox 930 1182 1031 1225; x_wconf 78' lang='grc' dir='ltr'><strong><em>εἶδεν</em></strong></span> <span class='ocrx_word' id='word_1_140' title='bbox 1054 1182 1276 1240; x_wconf 76' lang='grc' dir='ltr'><strong><em>ἀρχόμενος</em></strong></span> <span class='ocrx_word' id='word_1_141' title='bbox 1292 1188 1507 1237; x_wconf 82' lang='grc' dir='ltr'><strong><em>θεμελιοῦν</em></strong></span> <span class='ocrx_word' id='word_1_142' title='bbox 1531 1185 1606 1239; x_wconf 78' lang='grc' dir='ltr'><strong><em>τὴν</em></strong></span> 
     </span>
     <span class='ocr_line' id='line_1_16' title="bbox 91 1250 1607 1310; baseline -0.001 -15"><span class='ocrx_word' id='word_1_143' title='bbox 91 1251 274 1300; x_wconf 80' lang='grc' dir='ltr'><strong><em>15πόλιν.</em></strong></span> <span class='ocrx_word' id='word_1_144' title='bbox 340 1255 527 1310; x_wconf 81' lang='grc' dir='ltr'><strong><em>Πρίσκου</em></strong></span> <span class='ocrx_word' id='word_1_145' title='bbox 549 1252 594 1295; x_wconf 78' lang='grc' dir='ltr'><strong><em>δὲ</em></strong></span> <span class='ocrx_word' id='word_1_146' title='bbox 617 1253 846 1308; x_wconf 86' lang='grc' dir='ltr'><strong><em>Ταρκυνίου</em></strong></span> <span class='ocrx_word' id='word_1_147' title='bbox 869 1256 942 1294; x_wconf 82' lang='grc' dir='ltr'><strong><em>τοῦ</em></strong></span> <span class='ocrx_word' id='word_1_148' title='bbox 965 1250 1086 1308; x_wconf 77' lang='grc' dir='ltr'><strong><em>ρηγὸς</em></strong></span> <span class='ocrx_word' id='word_1_149' title='bbox 1103 1252 1272 1308; x_wconf 72' lang='grc' dir='ltr'><strong><em>ὕστερον</em></strong></span> <span class='ocrx_word' id='word_1_150' title='bbox 1299 1252 1510 1302; x_wconf 80' lang='grc' dir='ltr'><strong><em>Θούσκους</em></strong></span> <span class='ocrx_word' id='word_1_151' title='bbox 1538 1255 1607 1294; x_wconf 87' lang='grc' dir='ltr'><strong><em>καὶ</em></strong></span> 
     </span>
     <span class='ocr_line' id='line_1_17' title="bbox 145 1320 1608 1378; baseline -0.001 -13"><span class='ocrx_word' id='word_1_152' title='bbox 145 1323 347 1375; x_wconf 79' lang='grc' dir='ltr'><strong><em>Σαβίνους</em></strong></span> <span class='ocrx_word' id='word_1_153' title='bbox 376 1322 538 1378; x_wconf 76' lang='grc' dir='ltr'><strong><em>πολέμῳ</em></strong></span> <span class='ocrx_word' id='word_1_154' title='bbox 573 1320 809 1376; x_wconf 80' lang='grc' dir='ltr'><strong><em>νικήσαντος</em></strong></span> <span class='ocrx_word' id='word_1_155' title='bbox 836 1322 1141 1376; x_wconf 78' lang='grc' dir='ltr'><strong><em>προσετέθησαν</em></strong></span> <span class='ocrx_word' id='word_1_156' title='bbox 1173 1328 1258 1370; x_wconf 83' lang='grc' dir='ltr'><strong><em>τοῖς</em></strong></span> <span class='ocrx_word' id='word_1_157' title='bbox 1295 1325 1367 1375; x_wconf 80' lang='grc' dir='ltr'><strong><em>τῆς</em></strong></span> <span class='ocrx_word' id='word_1_158' title='bbox 1397 1323 1608 1374; x_wconf 81' lang='grc' dir='ltr'><strong><em>βασιλείας</em></strong></span> 
     </span>
     <span class='ocr_line' id='line_1_18' title="bbox 144 1387 1607 1447; baseline 0 -15"><span class='ocrx_word' id='word_1_159' title='bbox 144 1393 394 1447; x_wconf 86' lang='grc' dir='ltr'><strong><em>γνωρίσμασι</em></strong></span> <span class='ocrx_word' id='word_1_160' title='bbox 417 1389 570 1447; x_wconf 87' lang='grc' dir='ltr'><strong><em>δόρατα</em></strong></span> <span class='ocrx_word' id='word_1_161' title='bbox 594 1388 790 1444; x_wconf 77' lang='grc' dir='ltr'><strong><em>ἐπιμήκη,</em></strong></span> <span class='ocrx_word' id='word_1_162' title='bbox 839 1387 1032 1439; x_wconf 76' lang='grc' dir='ltr'><strong><em>ὡσαύτως</em></strong></span> <span class='ocrx_word' id='word_1_163' title='bbox 1062 1390 1131 1432; x_wconf 86' lang='grc' dir='ltr'><strong><em>τὸν</em></strong></span> <span class='ocrx_word' id='word_1_164' title='bbox 1149 1389 1330 1445; x_wconf 76' lang='grc' dir='ltr'><strong><em>ἀριθμὸν</em></strong></span> <span class='ocrx_word' id='word_1_165' title='bbox 1352 1391 1607 1439; x_wconf 74' lang='grc' dir='ltr'><strong><em>δυοκαίδεκα,</em></strong></span> 
     </span>
     <span class='ocr_line' id='line_1_19' title="bbox 146 1457 1608 1516; baseline -0.001 -15"><span class='ocrx_word' id='word_1_166' title='bbox 146 1459 413 1516; x_wconf 79' lang='grc' dir='ltr'><strong><em>ἅκροξιφίδας</em></strong></span> <span class='ocrx_word' id='word_1_167' title='bbox 438 1460 512 1513; x_wconf 78' lang='grc' dir='ltr'><strong><em>μὲν</em></strong></span> <span class='ocrx_word' id='word_1_168' title='bbox 542 1458 615 1501; x_wconf 77' lang='grc' dir='ltr'><strong><em>οὐκ</em></strong></span> <span class='ocrx_word' id='word_1_169' title='bbox 642 1459 806 1513; x_wconf 65' lang='grc' dir='ltr'><strong><em>ἔχοντα,</em></strong></span> <span class='ocrx_word' id='word_1_170' title='bbox 840 1458 1078 1515; x_wconf 73' lang='grc' dir='ltr'><strong><em>ᾗωρημένας</em></strong></span> <span class='ocrx_word' id='word_1_171' title='bbox 1098 1459 1143 1500; x_wconf 82' lang='grc' dir='ltr'><strong><em>δὲ</em></strong></span> <span class='ocrx_word' id='word_1_172' title='bbox 1163 1457 1331 1515; x_wconf 78' lang='grc' dir='ltr'><strong><em>λοφιάς·</em></strong></span> <span class='ocrx_word' id='word_1_173' title='bbox 1375 1462 1543 1501; x_wconf 76' lang='grc' dir='ltr'><strong><em>καλοῦσι</em></strong></span> <span class='ocrx_word' id='word_1_174' title='bbox 1563 1460 1608 1500; x_wconf 81' lang='grc' dir='ltr'><strong><em>δὲ</em></strong></span> 
     </span>
     <span class='ocr_line' id='line_1_20' title="bbox 146 1525 1608 1584; baseline -0.001 -14"><span class='ocrx_word' id='word_1_175' title='bbox 146 1527 274 1578; x_wconf 70' lang='grc' dir='ltr'><strong><em>αὐτὰς</em></strong></span> <span class='ocrx_word' id='word_1_176' title='bbox 296 1527 334 1570; x_wconf 80' lang='grc' dir='ltr'><strong><em>οἶ</em></strong></span> <span class='ocrx_word' id='word_1_177' title='bbox 355 1528 429 1582; x_wconf 75' lang='grc' dir='ltr'><strong><em>μὲν</em></strong></span> <span class='ocrx_word' id='word_1_178' title='bbox 443 1525 635 1581; x_wconf 66' lang='grc' dir='ltr'><strong><em>ςΡωμαῖοι</em></strong></span> <span class='ocrx_word' id='word_1_179' title='bbox 658 1526 824 1580; x_wconf 77' lang='grc' dir='ltr'><strong><em>ῗούβας,</em></strong></span> <span class='ocrx_word' id='word_1_180' title='bbox 861 1527 899 1568; x_wconf 78' lang='grc' dir='ltr'><strong><em>οἳ</em></strong></span> <span class='ocrx_word' id='word_1_181' title='bbox 919 1528 962 1568; x_wconf 80' lang='grc' dir='ltr'><strong><em>δὲ</em></strong></span> <span class='ocrx_word' id='word_1_182' title='bbox 982 1525 1189 1583; x_wconf 78' lang='grc' dir='ltr'><strong><em>βάρβαροι</em></strong></span> <span class='ocrx_word' id='word_1_183' title='bbox 1211 1525 1382 1584; x_wconf 79' lang='grc' dir='ltr'><strong><em>τοῦφας,</em></strong></span> <span class='ocrx_word' id='word_1_184' title='bbox 1409 1527 1544 1584; x_wconf 82' lang='grc' dir='ltr'><strong><em>βραχύ</em></strong></span> <span class='ocrx_word' id='word_1_185' title='bbox 1568 1545 1608 1569; x_wconf 89' lang='grc' dir='ltr'><strong><em>τι</em></strong></span> 
     </span>
     <span class='ocr_line' id='line_1_21' title="bbox 91 1594 1609 1654; baseline -0.001 -15"><span class='ocrx_word' id='word_1_186' title='bbox 91 1598 489 1654; x_wconf 76' lang='grc' dir='ltr'><strong><em>2οπαραφθαρείσῃς</em></strong></span> <span class='ocrx_word' id='word_1_187' title='bbox 510 1601 583 1651; x_wconf 81' lang='grc' dir='ltr'><strong><em>τῆς</em></strong></span> <span class='ocrx_word' id='word_1_188' title='bbox 602 1596 754 1647; x_wconf 79' lang='grc' dir='ltr'><strong><em>λέξεως.</em></strong></span> <span class='ocrx_word' id='word_1_189' title='bbox 789 1597 962 1651; x_wconf 77' lang='grc' dir='ltr'><strong><em>βηξίλλα</em></strong></span> <span class='ocrx_word' id='word_1_190' title='bbox 980 1596 1083 1652; x_wconf 87' lang='grc' dir='ltr'><strong><em>πρὸς</em></strong></span> <span class='ocrx_word' id='word_1_191' title='bbox 1100 1594 1278 1646; x_wconf 83' lang='grc' dir='ltr'><strong><em>τούτοις,</em></strong></span> <span class='ocrx_word' id='word_1_192' title='bbox 1314 1596 1430 1638; x_wconf 80' lang='grc' dir='ltr'><strong><em>οἱονεὶ</em></strong></span> <span class='ocrx_word' id='word_1_193' title='bbox 1455 1595 1609 1652; x_wconf 85' lang='grc' dir='ltr'><strong><em>δόρατα</em></strong></span> 
     </span>
     <span class='ocr_line' id='line_1_22' title="bbox 145 1663 1609 1724; baseline -0.002 -16"><span class='ocrx_word' id='word_1_194' title='bbox 145 1664 300 1724; x_wconf 77' lang='grc' dir='ltr'><strong><em>μακρά,</em></strong></span> <span class='ocrx_word' id='word_1_195' title='bbox 320 1666 592 1723; x_wconf 73' lang='grc' dir='ltr'><strong><em>ἐξηρτημένων</em></strong></span> <span class='ocrx_word' id='word_1_196' title='bbox 605 1663 879 1722; x_wconf 68' lang='grc' dir='ltr'><strong><em>ὑφασμάτων·</em></strong></span> <span class='ocrx_word' id='word_1_197' title='bbox 907 1663 1158 1722; x_wconf 61' lang='grc' dir='ltr'><strong><em>ᾳ).άιιμουλα</em></strong></span> <span class='ocrx_word' id='word_1_198' title='bbox 1170 1665 1273 1707; x_wconf 75' lang='grc' dir='ltr'><strong><em>αὐτὰ</em></strong></span> <span class='ocrx_word' id='word_1_199' title='bbox 1288 1664 1366 1706; x_wconf 81' lang='grc' dir='ltr'><strong><em>ἀπὸ</em></strong></span> <span class='ocrx_word' id='word_1_200' title='bbox 1379 1670 1451 1706; x_wconf 83' lang='grc' dir='ltr'><strong><em>τοῦ</em></strong></span> <span class='ocrx_word' id='word_1_201' title='bbox 1465 1666 1609 1721; x_wconf 67' lang='grc' dir='ltr'><strong><em>φλογί-</em></strong></span> 
     </span>
     <span class='ocr_line' id='line_1_23' title="bbox 146 1728 1610 1792; baseline -0.002 -14"><span class='ocrx_word' id='word_1_202' title='bbox 146 1751 218 1778; x_wconf 86' lang='grc' dir='ltr'><strong><em>νου</em></strong></span> <span class='ocrx_word' id='word_1_203' title='bbox 226 1732 444 1792; x_wconf 79' lang='grc' dir='ltr'><strong><em>χρώματος</em></strong></span> <span class='ocrx_word' id='word_1_204' title='bbox 457 1738 643 1777; x_wconf 75' lang='grc' dir='ltr'><strong><em>καλοῦσι·</em></strong></span> <span class='ocrx_word' id='word_1_205' title='bbox 670 1737 759 1791; x_wconf 81' lang='grc' dir='ltr'><strong><em>περὶ</em></strong></span> <span class='ocrx_word' id='word_1_206' title='bbox 783 1728 838 1777; x_wconf 73' lang='grc' dir='ltr'><strong><em>ὧν</em></strong></span> <span class='ocrx_word' id='word_1_207' title='bbox 857 1735 899 1776; x_wconf 74' lang='grc' dir='ltr'><strong><em>ἓν</em></strong></span> <span class='ocrx_word' id='word_1_208' title='bbox 918 1741 1002 1784; x_wconf 82' lang='grc' dir='ltr'><strong><em>τοῖς</em></strong></span> <span class='ocrx_word' id='word_1_209' title='bbox 1021 1735 1110 1790; x_wconf 86' lang='grc' dir='ltr'><strong><em>περὶ</em></strong></span> <span class='ocrx_word' id='word_1_210' title='bbox 1132 1737 1270 1788; x_wconf 75' lang='grc' dir='ltr'><strong><em>μηνῶν</em></strong></span> <span class='ocrx_word' id='word_1_211' title='bbox 1290 1741 1501 1790; x_wconf 80' lang='grc' dir='ltr'><strong><em>γραφεῖσιν</em></strong></span> <span class='ocrx_word' id='word_1_212' title='bbox 1514 1731 1610 1788; x_wconf 76' lang='grc' dir='ltr'><strong><em>ἡμῖν</em></strong></span> 
     </span>
     <span class='ocr_line' id='line_1_24' title="bbox 148 1801 1611 1860; baseline -0.001 -16"><span class='ocrx_word' id='word_1_213' title='bbox 148 1803 416 1860; x_wconf 79' lang='grc' dir='ltr'><strong><em>ἀποχρώντως</em></strong></span> <span class='ocrx_word' id='word_1_214' title='bbox 429 1802 649 1859; x_wconf 80' lang='grc' dir='ltr'><strong><em>ἀνήνεκται.</em></strong></span> <span class='ocrx_word' id='word_1_215' title='bbox 669 1808 834 1846; x_wconf 79' lang='grc' dir='ltr'><strong><em>τοιαῦτα</em></strong></span> <span class='ocrx_word' id='word_1_216' title='bbox 847 1804 922 1858; x_wconf 78' lang='grc' dir='ltr'><strong><em>μὲν</em></strong></span> <span class='ocrx_word' id='word_1_217' title='bbox 935 1804 984 1845; x_wconf 83' lang='grc' dir='ltr'><strong><em>τὰ</em></strong></span> <span class='ocrx_word' id='word_1_218' title='bbox 999 1805 1174 1858; x_wconf 76' lang='grc' dir='ltr'><strong><em>ἐπίσημα</em></strong></span> <span class='ocrx_word' id='word_1_219' title='bbox 1193 1807 1266 1858; x_wconf 76' lang='grc' dir='ltr'><strong><em>τῆς</em></strong></span> <span class='ocrx_word' id='word_1_220' title='bbox 1284 1801 1373 1844; x_wconf 90' lang='grc' dir='ltr'><strong><em>τότε</em></strong></span> <span class='ocrx_word' id='word_1_221' title='bbox 1387 1804 1611 1857; x_wconf 78' lang='grc' dir='ltr'><strong><em>βασιλείας.</em></strong></span> 
     </span>
    </p>
   </div>
   <div class='ocr_carea' id='block_1_3' title="bbox 239 1895 1609 1990">
    <p class='ocr_par' dir='ltr' id='par_1_4' title="bbox 239 1895 1609 1990">
     <span class='ocr_line' id='line_1_25' title="bbox 239 1895 1609 1954; baseline 0 -21"><span class='ocrx_word' id='word_1_222' title='bbox 239 1901 261 1934; x_wconf 90' lang='grc'>8</span> <span class='ocrx_word' id='word_1_223' title='bbox 286 1897 422 1954; x_wconf 84' lang='grc' dir='ltr'><strong><em>βήματι</em></strong></span> <span class='ocrx_word' id='word_1_224' title='bbox 445 1897 597 1946; x_wconf 79' lang='grc' dir='ltr'><strong><em>βασιλέα</em></strong></span> <span class='ocrx_word' id='word_1_225' title='bbox 622 1900 670 1946; x_wconf 91' lang='lat' dir='ltr'><strong><em>C,</em></strong></span> <span class='ocrx_word' id='word_1_226' title='bbox 706 1900 807 1945; x_wconf 89' lang='grc' dir='ltr'><strong><em>βῆμα</em></strong></span> <span class='ocrx_word' id='word_1_227' title='bbox 833 1899 879 1945; x_wconf 85' lang='grc' dir='ltr'><strong><em>τῇ</em></strong></span> <span class='ocrx_word' id='word_1_228' title='bbox 908 1898 1072 1945; x_wconf 80' lang='grc' dir='ltr'><strong><em>βασιλείᾳ</em></strong></span> <span class='ocrx_word' id='word_1_229' title='bbox 1095 1899 1141 1933; x_wconf 85' lang='lat' dir='ltr'><strong><em>F.</em></strong></span> <span class='ocrx_word' id='word_1_230' title='bbox 1339 1899 1383 1934; x_wconf 82' lang='lat'><strong><em>13</em></strong></span> <span class='ocrx_word' id='word_1_231' title='bbox 1405 1895 1541 1944; x_wconf 85' lang='grc' dir='ltr'><strong><em>η’γοντο</em></strong></span> <span class='ocrx_word' id='word_1_232' title='bbox 1564 1898 1609 1933; x_wconf 87' lang='lat' dir='ltr'><strong><em>C.</em></strong></span> 
     </span>
     <span class='ocr_line' id='line_1_26' title="bbox 239 1944 571 1990; baseline 0 -10"><span class='ocrx_word' id='word_1_233' title='bbox 239 1947 286 1980; x_wconf 73' lang='lat'><strong><em>23</em></strong></span> <span class='ocrx_word' id='word_1_234' title='bbox 304 1944 571 1990; x_wconf 66' lang='lat' dir='ltr'><strong><em>civevn&#39;venwt?</em></strong></span> 
     </span>
    </p>
   </div>
   <div class='ocr_carea' id='block_1_4' title="bbox 149 2023 1624 2806">
    <p class='ocr_par' dir='ltr' id='par_1_5' title="bbox 149 2023 1616 2484">
     <span class='ocr_line' id='line_1_27' title="bbox 149 2023 1611 2079; baseline -0.001 -19"><span class='ocrx_word' id='word_1_235' title='bbox 149 2037 236 2079; x_wconf 82' lang='lat' dir='ltr'><strong>pore</strong></span> <span class='ocrx_word' id='word_1_236' title='bbox 266 2037 444 2060; x_wconf 84' lang='lat' dir='ltr'><strong>commune</strong></span> <span class='ocrx_word' id='word_1_237' title='bbox 477 2029 513 2059; x_wconf 82' lang='lat' dir='ltr'><strong>et</strong></span> <span class='ocrx_word' id='word_1_238' title='bbox 544 2025 621 2070; x_wconf 84' lang='lat' dir='ltr'><strong>regi</strong></span> <span class='ocrx_word' id='word_1_239' title='bbox 650 2024 719 2069; x_wconf 88' lang='lat' dir='ltr'><strong>ipsi</strong></span> <span class='ocrx_word' id='word_1_240' title='bbox 741 2028 778 2057; x_wconf 84' lang='lat' dir='ltr'><strong>et</strong></span> <span class='ocrx_word' id='word_1_241' title='bbox 800 2023 935 2058; x_wconf 86' lang='lat' dir='ltr'><strong>civibus</strong></span> <span class='ocrx_word' id='word_1_242' title='bbox 956 2024 1214 2068; x_wconf 77' lang='lat' dir='ltr'><strong>indumentum,</strong></span> <span class='ocrx_word' id='word_1_243' title='bbox 1245 2025 1370 2058; x_wconf 76' lang='lat' dir='ltr'><strong>trabea</strong></span> <span class='ocrx_word' id='word_1_244' title='bbox 1392 2037 1478 2059; x_wconf 77' lang='lat' dir='ltr'><strong>vero</strong></span> <span class='ocrx_word' id='word_1_245' title='bbox 1502 2024 1611 2058; x_wconf 88' lang='lat' dir='ltr'><strong>solius</strong></span> 
     </span>
     <span class='ocr_line' id='line_1_28' title="bbox 150 2070 1612 2116; baseline -0.001 -10"><span class='ocrx_word' id='word_1_246' title='bbox 150 2072 246 2116; x_wconf 77' lang='lat' dir='ltr'><strong>regis</strong></span> <span class='ocrx_word' id='word_1_247' title='bbox 268 2077 452 2116; x_wconf 78' lang='lat' dir='ltr'><strong>paratura,</strong></span> <span class='ocrx_word' id='word_1_248' title='bbox 485 2072 522 2105; x_wconf 91' lang='lat' dir='ltr'><strong>id</strong></span> <span class='ocrx_word' id='word_1_249' title='bbox 547 2078 602 2104; x_wconf 84' lang='lat' dir='ltr'><strong>est</strong></span> <span class='ocrx_word' id='word_1_250' title='bbox 623 2070 734 2104; x_wconf 81' lang='lat' dir='ltr'><strong>vestis</strong></span> <span class='ocrx_word' id='word_1_251' title='bbox 755 2070 916 2114; x_wconf 82' lang='lat' dir='ltr'><strong>insignis.</strong></span> <span class='ocrx_word' id='word_1_252' title='bbox 965 2076 1041 2103; x_wconf 84' lang='lat' dir='ltr'><strong>erat</strong></span> <span class='ocrx_word' id='word_1_253' title='bbox 1062 2076 1176 2104; x_wconf 85' lang='lat' dir='ltr'><strong>autem</strong></span> <span class='ocrx_word' id='word_1_254' title='bbox 1200 2070 1351 2115; x_wconf 81' lang='lat' dir='ltr'><strong>chlamys</strong></span> <span class='ocrx_word' id='word_1_255' title='bbox 1374 2071 1450 2105; x_wconf 78' lang='lat' dir='ltr'><strong>sive</strong></span> <span class='ocrx_word' id='word_1_256' title='bbox 1471 2071 1612 2116; x_wconf 82' lang='lat' dir='ltr'><strong>pallium</strong></span> 
     </span>
     <span class='ocr_line' id='line_1_29' title="bbox 149 2115 1611 2161; baseline -0.001 -9"><span class='ocrx_word' id='word_1_257' title='bbox 149 2117 427 2159; x_wconf 72' lang='lat' dir='ltr'><strong>semicirculum,</strong></span> <span class='ocrx_word' id='word_1_258' title='bbox 450 2118 543 2161; x_wconf 88' lang='lat' dir='ltr'><strong>quod</strong></span> <span class='ocrx_word' id='word_1_259' title='bbox 560 2116 707 2161; x_wconf 87' lang='lat' dir='ltr'><strong>primum</strong></span> <span class='ocrx_word' id='word_1_260' title='bbox 727 2115 952 2160; x_wconf 80' lang='lat' dir='ltr'><strong>Agathoclem</strong></span> <span class='ocrx_word' id='word_1_261' title='bbox 975 2116 1119 2150; x_wconf 66' lang='lat' dir='ltr'><strong>Siciliae</strong></span> <span class='ocrx_word' id='word_1_262' title='bbox 1143 2122 1328 2159; x_wconf 87' lang='lat' dir='ltr'><strong>tyrannum</strong></span> <span class='ocrx_word' id='word_1_263' title='bbox 1354 2117 1415 2151; x_wconf 79' lang='lat' dir='ltr'><strong>inv</strong></span> <span class='ocrx_word' id='word_1_264' title='bbox 1418 2117 1534 2152; x_wconf 80' lang='lat' dir='ltr'><strong>enisse</strong></span> <span class='ocrx_word' id='word_1_265' title='bbox 1555 2117 1611 2150; x_wconf 75' lang='lat' dir='ltr'><strong>se—</strong></span> 
     </span>
     <span class='ocr_line' id='line_1_30' title="bbox 150 2162 1615 2208; baseline -0.001 -11"><span class='ocrx_word' id='word_1_266' title='bbox 150 2168 246 2198; x_wconf 78' lang='lat' dir='ltr'><strong>runt.</strong></span> <span class='ocrx_word' id='word_1_267' title='bbox 279 2163 441 2197; x_wconf 83' lang='lat' dir='ltr'>thronum</span> <span class='ocrx_word' id='word_1_268' title='bbox 465 2169 578 2196; x_wconf 83' lang='lat' dir='ltr'><strong>autem</strong></span> <span class='ocrx_word' id='word_1_269' title='bbox 597 2163 719 2196; x_wconf 87' lang='lat' dir='ltr'><strong>solium</strong></span> <span class='ocrx_word' id='word_1_270' title='bbox 742 2162 856 2207; x_wconf 82' lang='lat' dir='ltr'><strong>patrio</strong></span> <span class='ocrx_word' id='word_1_271' title='bbox 880 2173 1039 2196; x_wconf 84' lang='lat' dir='ltr'><strong>sermone</strong></span> <span class='ocrx_word' id='word_1_272' title='bbox 1064 2174 1128 2207; x_wconf 90' lang='lat' dir='ltr'><strong><em>pro</em></strong></span> <span class='ocrx_word' id='word_1_273' title='bbox 1153 2163 1285 2196; x_wconf 86' lang='lat' dir='ltr'><strong>sellium</strong></span> <span class='ocrx_word' id='word_1_274' title='bbox 1309 2175 1373 2208; x_wconf 87' lang='lat' dir='ltr'><strong>per</strong></span> <span class='ocrx_word' id='word_1_275' title='bbox 1391 2162 1615 2197; x_wconf 80' lang='lat' dir='ltr'><strong>antistichum</strong></span> 
     </span>
     <span class='ocr_line' id='line_1_31' title="bbox 152 2208 1614 2254; baseline 0 -12"><span class='ocrx_word' id='word_1_276' title='bbox 152 2210 346 2252; x_wconf 79' lang='lat' dir='ltr'><strong>vocabant,</strong></span> <span class='ocrx_word' id='word_1_277' title='bbox 377 2214 416 2243; x_wconf 81' lang='lat' dir='ltr'><strong><em>ut</em></strong></span> <span class='ocrx_word' id='word_1_278' title='bbox 438 2209 488 2242; x_wconf 82' lang='lat' dir='ltr'><strong>ait</strong></span> <span class='ocrx_word' id='word_1_279' title='bbox 505 2211 619 2254; x_wconf 84' lang='lat' dir='ltr'>Asper</span> <span class='ocrx_word' id='word_1_280' title='bbox 636 2209 831 2249; x_wconf 82' lang='lat' dir='ltr'><strong>Romanus3</strong></span> <span class='ocrx_word' id='word_1_281' title='bbox 866 2209 942 2242; x_wconf 87' lang='lat' dir='ltr'><strong>sive</strong></span> <span class='ocrx_word' id='word_1_282' title='bbox 967 2208 1070 2242; x_wconf 86' lang='lat' dir='ltr'><strong>etiam</strong></span> <span class='ocrx_word' id='word_1_283' title='bbox 1100 2220 1199 2242; x_wconf 86' lang='lat' dir='ltr'><strong>secus</strong></span> <span class='ocrx_word' id='word_1_284' title='bbox 1223 2209 1346 2242; x_wconf 87' lang='lat' dir='ltr'><strong>solium</strong></span> <span class='ocrx_word' id='word_1_285' title='bbox 1374 2221 1436 2254; x_wconf 82' lang='lat' dir='ltr'><strong><em>pro</em></strong></span> <span class='ocrx_word' id='word_1_286' title='bbox 1466 2209 1614 2242; x_wconf 87' lang='lat' dir='ltr'><strong>solidum</strong></span> 
     </span>
     <span class='ocr_line' id='line_1_32' title="bbox 154 2235 1615 2299; baseline 0 -11"><span class='ocrx_word' id='word_1_287' title='bbox 154 2254 208 2297; x_wconf 92' lang='lat' dir='ltr'><strong>(id</strong></span> <span class='ocrx_word' id='word_1_288' title='bbox 227 2260 282 2288; x_wconf 77' lang='lat' dir='ltr'><strong>est</strong></span> <span class='ocrx_word' id='word_1_289' title='bbox 299 2235 489 2299; x_wconf 66' lang='lat' dir='ltr'><strong>in’tegrum)</strong></span> <span class='ocrx_word' id='word_1_290' title='bbox 513 2255 648 2288; x_wconf 86' lang='lat' dir='ltr'><strong>dixere.</strong></span> <span class='ocrx_word' id='word_1_291' title='bbox 697 2266 849 2288; x_wconf 84' lang='lat' dir='ltr'><strong>crassum</strong></span> <span class='ocrx_word' id='word_1_292' title='bbox 882 2254 1013 2298; x_wconf 83' lang='lat' dir='ltr'><strong>quippe</strong></span> <span class='ocrx_word' id='word_1_293' title='bbox 1042 2262 1199 2288; x_wconf 85' lang='lat' dir='ltr'><strong>truncum</strong></span> <span class='ocrx_word' id='word_1_294' title='bbox 1231 2255 1268 2288; x_wconf 91' lang='lat' dir='ltr'><strong>in</strong></span> <span class='ocrx_word' id='word_1_295' title='bbox 1301 2255 1410 2288; x_wconf 83' lang='lat' dir='ltr'><strong>cistae</strong></span> <span class='ocrx_word' id='word_1_296' title='bbox 1444 2261 1481 2289; x_wconf 86' lang='lat' dir='ltr'><strong>et.</strong></span> <span class='ocrx_word' id='word_1_297' title='bbox 1507 2254 1615 2288; x_wconf 86' lang='lat' dir='ltr'><strong>sellae</strong></span> 
     </span>
     <span class='ocr_line' id='line_1_33' title="bbox 151 2299 1615 2354; baseline 0 -20"><span class='ocrx_word' id='word_1_298' title='bbox 151 2302 295 2334; x_wconf 76' lang='lat' dir='ltr'><strong>formam</strong></span> <span class='ocrx_word' id='word_1_299' title='bbox 315 2308 525 2335; x_wconf 79' lang='lat' dir='ltr'><strong>excavantes</strong></span> <span class='ocrx_word' id='word_1_300' title='bbox 545 2306 745 2354; x_wconf 75' lang='lat' dir='ltr'><strong>suggestum</strong></span> <span class='ocrx_word' id='word_1_301' title='bbox 771 2302 940 2345; x_wconf 82' lang='lat' dir='ltr'><strong>quendam</strong></span> <span class='ocrx_word' id='word_1_302' title='bbox 964 2301 1040 2344; x_wconf 85' lang='lat' dir='ltr'><strong>regi</strong></span> <span class='ocrx_word' id='word_1_303' title='bbox 1064 2301 1260 2339; x_wconf 77' lang='lat' dir='ltr'><strong>faciebant,</strong></span> <span class='ocrx_word' id='word_1_304' title='bbox 1293 2301 1331 2334; x_wconf 89' lang='lat' dir='ltr'><strong>in</strong></span> <span class='ocrx_word' id='word_1_305' title='bbox 1358 2313 1426 2345; x_wconf 89' lang='lat' dir='ltr'><strong><em>quo</em></strong></span> <span class='ocrx_word' id='word_1_306' title='bbox 1448 2299 1588 2334; x_wconf 76' lang='lat' dir='ltr'><strong>veluti</strong></span> <span class='ocrx_word' id='word_1_307' title='bbox 1577 2312 1615 2334; x_wconf 84' lang='grc' dir='ltr'><strong><em>ιιι</em></strong></span> 
     </span>
     <span class='ocr_line' id='line_1_34' title="bbox 153 2346 1616 2392; baseline 0 -12"><span class='ocrx_word' id='word_1_308' title='bbox 153 2357 235 2381; x_wconf 75' lang='lat' dir='ltr'><strong>arca</strong></span> <span class='ocrx_word' id='word_1_309' title='bbox 254 2352 363 2380; x_wconf 85' lang='lat' dir='ltr'><strong>tutum</strong></span> <span class='ocrx_word' id='word_1_310' title='bbox 386 2358 511 2392; x_wconf 87' lang='lat' dir='ltr'><strong>corpus</strong></span> <span class='ocrx_word' id='word_1_311' title='bbox 534 2348 647 2390; x_wconf 83' lang='lat' dir='ltr'><strong>regis,</strong></span> <span class='ocrx_word' id='word_1_312' title='bbox 682 2346 773 2380; x_wconf 85' lang='lat' dir='ltr'><strong>nulla</strong></span> <span class='ocrx_word' id='word_1_313' title='bbox 793 2354 853 2380; x_wconf 80' lang='lat' dir='ltr'><strong><em>aut</em></strong></span> <span class='ocrx_word' id='word_1_314' title='bbox 870 2359 891 2380; x_wconf 80' lang='lat' dir='ltr'>a</span> <span class='ocrx_word' id='word_1_315' title='bbox 909 2354 1009 2391; x_wconf 84' lang='lat' dir='ltr'><strong>tergo</strong></span> <span class='ocrx_word' id='word_1_316' title='bbox 1029 2352 1090 2380; x_wconf 78' lang='lat' dir='ltr'><strong><em>aut</em></strong></span> <span class='ocrx_word' id='word_1_317' title='bbox 1107 2358 1130 2380; x_wconf 84' lang='lat' dir='ltr'>a</span> <span class='ocrx_word' id='word_1_318' title='bbox 1146 2347 1239 2380; x_wconf 81' lang='lat' dir='ltr'><strong>binis</strong></span> <span class='ocrx_word' id='word_1_319' title='bbox 1258 2347 1426 2380; x_wconf 84' lang='lat' dir='ltr'><strong>lateribus</strong></span> <span class='ocrx_word' id='word_1_320' title='bbox 1448 2357 1616 2390; x_wconf 83' lang='lat' dir='ltr'><strong>compage</strong></span> 
     </span>
     <span class='ocr_line' id='line_1_35' title="bbox 151 2392 1614 2438; baseline 0 -12"><span class='ocrx_word' id='word_1_321' title='bbox 151 2392 318 2426; x_wconf 79' lang='lat' dir='ltr'><strong>additove</strong></span> <span class='ocrx_word' id='word_1_322' title='bbox 338 2393 431 2438; x_wconf 86' lang='lat' dir='ltr'><strong>ligno</strong></span> <span class='ocrx_word' id='word_1_323' title='bbox 455 2394 572 2427; x_wconf 88' lang='lat' dir='ltr'><strong>sedem</strong></span> <span class='ocrx_word' id='word_1_324' title='bbox 596 2393 772 2426; x_wconf 83' lang='lat' dir='ltr'><strong>vinciente</strong></span> <span class='ocrx_word' id='word_1_325' title='bbox 793 2393 963 2437; x_wconf 83' lang='lat' dir='ltr'><strong>integram</strong></span> <span class='ocrx_word' id='word_1_326' title='bbox 991 2404 1134 2437; x_wconf 87' lang='lat' dir='ltr'><strong>prorsus</strong></span> <span class='ocrx_word' id='word_1_327' title='bbox 1158 2398 1262 2436; x_wconf 76' lang='lat' dir='ltr'><strong>atque</strong></span> <span class='ocrx_word' id='word_1_328' title='bbox 1287 2405 1331 2426; x_wconf 87' lang='lat' dir='ltr'><strong>ex</strong></span> <span class='ocrx_word' id='word_1_329' title='bbox 1357 2404 1424 2426; x_wconf 93' lang='lat' dir='ltr'><strong><em>uno</em></strong></span> <span class='ocrx_word' id='word_1_330' title='bbox 1451 2398 1614 2426; x_wconf 88' lang='lat' dir='ltr'><strong>constan-</strong></span> 
     </span>
     <span class='ocr_line' id='line_1_36' title="bbox 153 2438 1615 2491; baseline -0.001 -19"><span class='ocrx_word' id='word_1_331' title='bbox 153 2443 236 2472; x_wconf 79' lang='lat' dir='ltr'><strong>tem.</strong></span> <span class='ocrx_word' id='word_1_332' title='bbox 262 2438 342 2472; x_wconf 83' lang='lat' dir='ltr'><strong>hinc</strong></span> <span class='ocrx_word' id='word_1_333' title='bbox 363 2439 486 2473; x_wconf 82' lang='lat' dir='ltr'><strong>solium</strong></span> <span class='ocrx_word' id='word_1_334' title='bbox 511 2439 605 2483; x_wconf 82' lang='lat' dir='ltr'><strong>regis</strong></span> <span class='ocrx_word' id='word_1_335' title='bbox 629 2439 789 2472; x_wconf 79' lang='lat' dir='ltr'><strong>thronum</strong></span> <span class='ocrx_word' id='word_1_336' title='bbox 811 2439 1043 2484; x_wconf 77' lang='lat' dir='ltr'><strong>appellarunt.</strong></span> <span class='ocrx_word' id='word_1_337' title='bbox 1094 2439 1148 2481; x_wconf 88' lang='grc'><strong><em>(8)</em></strong></span> <span class='ocrx_word' id='word_1_338' title='bbox 1174 2441 1218 2472; x_wconf 81' lang='lat' dir='ltr'><strong><em>ad</em></strong></span> <span class='ocrx_word' id='word_1_339' title='bbox 1237 2439 1324 2472; x_wconf 83' lang='lat' dir='ltr'><strong>haec</strong></span> <span class='ocrx_word' id='word_1_340' title='bbox 1341 2438 1488 2472; x_wconf 88' lang='lat' dir='ltr'><strong>Romulo</strong></span> <span class='ocrx_word' id='word_1_341' title='bbox 1511 2450 1615 2491; x_wconf 85' lang='lat' dir='ltr'><strong>prae</strong></span> 
     </span>
    </p>

    <p class='ocr_par' dir='ltr' id='par_1_6' title="bbox 153 2483 1616 2668">
     <span class='ocr_line' id='line_1_37' title="bbox 153 2483 1616 2529; baseline -0.001 -11"><span class='ocrx_word' id='word_1_342' title='bbox 153 2485 356 2518; x_wconf 77' lang='lat' dir='ltr'><strong>ferebantur</strong></span> <span class='ocrx_word' id='word_1_343' title='bbox 377 2496 517 2519; x_wconf 86' lang='lat' dir='ltr'><strong>secures</strong></span> <span class='ocrx_word' id='word_1_344' title='bbox 542 2485 742 2529; x_wconf 87' lang='lat' dir='ltr'><strong>duodecim,</strong></span> <span class='ocrx_word' id='word_1_345' title='bbox 774 2497 838 2529; x_wconf 79' lang='lat' dir='ltr'><strong><em>pro</em></strong></span> <span class='ocrx_word' id='word_1_346' title='bbox 871 2496 1011 2518; x_wconf 85' lang='lat' dir='ltr'><strong>numero</strong></span> <span class='ocrx_word' id='word_1_347' title='bbox 1043 2484 1215 2518; x_wconf 81' lang='lat' dir='ltr'><strong>vulturum</strong></span> <span class='ocrx_word' id='word_1_348' title='bbox 1243 2496 1329 2528; x_wconf 91' lang='lat' dir='ltr'><strong>quos</strong></span> <span class='ocrx_word' id='word_1_349' title='bbox 1356 2485 1495 2518; x_wconf 77' lang='lat' dir='ltr'><strong>viderat</strong></span> <span class='ocrx_word' id='word_1_350' title='bbox 1517 2483 1616 2518; x_wconf 84' lang='lat' dir='ltr'><strong>urbis</strong></span> 
     </span>
     <span class='ocr_line' id='line_1_38' title="bbox 154 2529 1614 2576; baseline -0.001 -13"><span class='ocrx_word' id='word_1_351' title='bbox 154 2530 379 2564; x_wconf 74' lang='lat' dir='ltr'><strong>fundamenta</strong></span> <span class='ocrx_word' id='word_1_352' title='bbox 399 2531 546 2565; x_wconf 82' lang='lat' dir='ltr'><strong>locare&#39;</strong></span> <span class='ocrx_word' id='word_1_353' title='bbox 535 2532 640 2576; x_wconf 65' lang='lat' dir='ltr'><strong>mcipx</strong></span> <span class='ocrx_word' id='word_1_354' title='bbox 647 2543 721 2565; x_wconf 87' lang='lat' dir='ltr'><strong>ens.</strong></span> <span class='ocrx_word' id='word_1_355' title='bbox 770 2532 803 2564; x_wconf 90' lang='lat' dir='ltr'><strong><em>&#39;l</em></strong></span> <span class='ocrx_word' id='word_1_356' title='bbox 807 2531 921 2564; x_wconf 85' lang='lat' dir='ltr'><strong>huscis</strong></span> <span class='ocrx_word' id='word_1_357' title='bbox 946 2543 1031 2564; x_wconf 89' lang='lat' dir='ltr'><strong>vero</strong></span> <span class='ocrx_word' id='word_1_358' title='bbox 1057 2537 1093 2564; x_wconf 87' lang='lat' dir='ltr'><strong>et</strong></span> <span class='ocrx_word' id='word_1_359' title='bbox 1117 2529 1258 2564; x_wconf 86' lang='lat' dir='ltr'><strong>Sabinis</strong></span> <span class='ocrx_word' id='word_1_360' title='bbox 1277 2542 1298 2563; x_wconf 83' lang='lat' dir='ltr'>a</span> <span class='ocrx_word' id='word_1_361' title='bbox 1317 2530 1439 2564; x_wconf 84' lang='lat' dir='ltr'><strong>Prisco</strong></span> <span class='ocrx_word' id='word_1_362' title='bbox 1459 2530 1614 2574; x_wconf 81' lang='lat' dir='ltr'><strong>&#39;larqui-</strong></span> 
     </span>
     <span class='ocr_line' id='line_1_39' title="bbox 155 2575 1616 2621; baseline 0.001 -13"><span class='ocrx_word' id='word_1_363' title='bbox 155 2575 215 2609; x_wconf 88' lang='lat' dir='ltr'><strong>nio</strong></span> <span class='ocrx_word' id='word_1_364' title='bbox 236 2585 322 2620; x_wconf 80' lang='lat' dir='ltr'><strong>rege</strong></span> <span class='ocrx_word' id='word_1_365' title='bbox 341 2582 460 2620; x_wconf 79' lang='lat' dir='ltr'><strong>postea</strong></span> <span class='ocrx_word' id='word_1_366' title='bbox 482 2577 572 2612; x_wconf 90' lang='lat' dir='ltr'><strong>bello</strong></span> <span class='ocrx_word' id='word_1_367' title='bbox 591 2578 758 2615; x_wconf 82' lang='lat' dir='ltr'><strong>devictis</strong></span> <span class='ocrx_word' id='word_1_368' title='bbox 796 2578 938 2611; x_wconf 79' lang='lat' dir='ltr'><strong>additae</strong></span> <span class='ocrx_word' id='word_1_369' title='bbox 966 2583 1048 2610; x_wconf 87' lang='lat' dir='ltr'><strong>sunt</strong></span> <span class='ocrx_word' id='word_1_370' title='bbox 1073 2576 1192 2620; x_wconf 83' lang='lat' dir='ltr'><strong>regiae</strong></span> <span class='ocrx_word' id='word_1_371' title='bbox 1210 2576 1396 2621; x_wconf 79' lang='lat' dir='ltr'><strong>potestatis</strong></span> <span class='ocrx_word' id='word_1_372' title='bbox 1421 2576 1616 2620; x_wconf 83' lang='lat' dir='ltr'><strong>insignibus</strong></span> 
     </span>
     <span class='ocr_line' id='line_1_40' title="bbox 155 2620 1618 2668; baseline 0.001 -14"><span class='ocrx_word' id='word_1_373' title='bbox 155 2620 298 2656; x_wconf 77' lang='lat' dir='ltr'><strong>lanceae</strong></span> <span class='ocrx_word' id='word_1_374' title='bbox 315 2620 511 2668; x_wconf 76' lang='lat' dir='ltr'><strong>longiores,</strong></span> <span class='ocrx_word' id='word_1_375' title='bbox 532 2635 674 2658; x_wconf 88' lang='lat' dir='ltr'><strong>numero</strong></span> <span class='ocrx_word' id='word_1_376' title='bbox 698 2623 832 2668; x_wconf 80' lang='lat' dir='ltr'><strong>pariter</strong></span> <span class='ocrx_word' id='word_1_377' title='bbox 856 2623 1048 2665; x_wconf 84' lang='lat' dir='ltr'><strong>duodecim,</strong></span> <span class='ocrx_word' id='word_1_378' title='bbox 1073 2622 1214 2667; x_wconf 88' lang='lat' dir='ltr'><strong>spiculis</strong></span> <span class='ocrx_word' id='word_1_379' title='bbox 1234 2628 1393 2656; x_wconf 82' lang='lat' dir='ltr'><strong>carentes</strong></span> <span class='ocrx_word' id='word_1_380' title='bbox 1412 2629 1448 2657; x_wconf 87' lang='lat' dir='ltr'><strong>et</strong></span> <span class='ocrx_word' id='word_1_381' title='bbox 1465 2623 1618 2667; x_wconf 86' lang='lat' dir='ltr'><strong>promis</strong></span> 
     </span>
    </p>

    <p class='ocr_par' dir='ltr' id='par_1_7' title="bbox 158 2666 1624 2806">
     <span class='ocr_line' id='line_1_41' title="bbox 158 2666 1616 2716; baseline 0.002 -16"><span class='ocrx_word' id='word_1_382' title='bbox 158 2666 208 2701; x_wconf 80' lang='lat' dir='ltr'><strong>sis</strong></span> <span class='ocrx_word' id='word_1_383' title='bbox 234 2666 328 2701; x_wconf 82' lang='lat' dir='ltr'><strong>iubis</strong></span> <span class='ocrx_word' id='word_1_384' title='bbox 353 2674 512 2714; x_wconf 82' lang='lat' dir='ltr'><strong>ornatae,</strong></span> <span class='ocrx_word' id='word_1_385' title='bbox 543 2681 629 2716; x_wconf 84' lang='lat' dir='ltr'><strong>quas</strong></span> <span class='ocrx_word' id='word_1_386' title='bbox 650 2669 798 2704; x_wconf 85' lang='lat' dir='ltr'><strong>Romani</strong></span> <span class='ocrx_word' id='word_1_387' title='bbox 820 2669 939 2713; x_wconf 85' lang='lat' dir='ltr'><strong>iubas,</strong></span> <span class='ocrx_word' id='word_1_388' title='bbox 972 2669 1114 2703; x_wconf 79' lang='lat' dir='ltr'><strong>barbari</strong></span> <span class='ocrx_word' id='word_1_389' title='bbox 1137 2675 1250 2703; x_wconf 82' lang='lat' dir='ltr'><strong>autern</strong></span> <span class='ocrx_word' id='word_1_390' title='bbox 1274 2668 1430 2702; x_wconf 87' lang='lat' dir='ltr'><strong>nonnihil</strong></span> <span class='ocrx_word' id='word_1_391' title='bbox 1452 2673 1616 2714; x_wconf 82' lang='lat' dir='ltr'><strong>corrupta</strong></span> 
     </span>
     <span class='ocr_line' id='line_1_42' title="bbox 158 2714 1624 2769; baseline 0.001 -23"><span class='ocrx_word' id='word_1_392' title='bbox 158 2724 248 2747; x_wconf 75' lang='lat' dir='ltr'><strong>voce</strong></span> <span class='ocrx_word' id='word_1_393' title='bbox 265 2714 360 2747; x_wconf 74' lang='lat' dir='ltr'><strong>tufus</strong></span> <span class='ocrx_word' id='word_1_394' title='bbox 378 2721 515 2750; x_wconf 72' lang='lat' dir='ltr'><strong>vocant</strong></span> <span class='ocrx_word' id='word_1_395' title='bbox 561 2716 688 2750; x_wconf 84' lang='lat' dir='ltr'><strong>vexilla</strong></span> <span class='ocrx_word' id='word_1_396' title='bbox 707 2722 912 2762; x_wconf 82' lang='lat' dir='ltr'><strong>praeterea,</strong></span> <span class='ocrx_word' id='word_1_397' title='bbox 934 2715 970 2750; x_wconf 86' lang='lat' dir='ltr'><strong><em>id</em></strong></span> <span class='ocrx_word' id='word_1_398' title='bbox 990 2722 1045 2749; x_wconf 79' lang='lat' dir='ltr'><strong>est.</strong></span> <span class='ocrx_word' id='word_1_399' title='bbox 1063 2715 1207 2750; x_wconf 87' lang='lat' dir='ltr'><strong>lanceae</strong></span> <span class='ocrx_word' id='word_1_400' title='bbox 1227 2715 1364 2759; x_wconf 84' lang='lat' dir='ltr'><strong>longae,</strong></span> <span class='ocrx_word' id='word_1_401' title='bbox 1385 2715 1624 2769; x_wconf 62' lang='lat' dir='ltr'><strong>dependenti--</strong></span> 
     </span>
     <span class='ocr_line' id='line_1_43' title="bbox 159 2757 1618 2806; baseline 0.001 -14"><span class='ocrx_word' id='word_1_402' title='bbox 159 2759 226 2792; x_wconf 79' lang='lat' dir='ltr'><strong><em>bus</em></strong></span> <span class='ocrx_word' id='word_1_403' title='bbox 243 2757 390 2804; x_wconf 80' lang='lat' dir='ltr'><strong>pannis.</strong></span> <span class='ocrx_word' id='word_1_404' title='bbox 419 2759 588 2796; x_wconf 83' lang='lat' dir='ltr'><strong><em>flammula</em></strong></span> <span class='ocrx_word' id='word_1_405' title='bbox 609 2762 687 2796; x_wconf 85' lang='lat' dir='ltr'><strong>illos</strong></span> <span class='ocrx_word' id='word_1_406' title='bbox 713 2775 734 2797; x_wconf 80' lang='lat' dir='ltr'>a</span> <span class='ocrx_word' id='word_1_407' title='bbox 755 2763 913 2796; x_wconf 87' lang='lat' dir='ltr'><strong>flammeo</strong></span> <span class='ocrx_word' id='word_1_408' title='bbox 933 2762 1049 2795; x_wconf 86' lang='lat' dir='ltr'><strong>colore</strong></span> <span class='ocrx_word' id='word_1_409' title='bbox 1066 2761 1207 2802; x_wconf 81' lang='lat' dir='ltr'><strong>dicunt3</strong></span> <span class='ocrx_word' id='word_1_410' title='bbox 1241 2762 1285 2795; x_wconf 87' lang='lat' dir='ltr'><strong>de</strong></span> <span class='ocrx_word' id='word_1_411' title='bbox 1303 2760 1460 2806; x_wconf 86' lang='lat' dir='ltr'><strong>quibus&#39;</strong></span> <span class='ocrx_word' id='word_1_412' title='bbox 1450 2773 1487 2795; x_wconf 84' lang='lat' dir='ltr'><strong>m</strong></span> <span class='ocrx_word' id='word_1_413' title='bbox 1510 2773 1618 2806; x_wconf 73' lang='lat' dir='ltr'><strong>opeie</strong></span> 
     </span>
    </p>
   </div>
   <div class='ocr_carea' id='block_1_5' title="bbox 159 2786 1618 2895">
    <p class='ocr_par' dir='ltr' id='par_1_8' title="bbox 159 2786 1618 2895">
     <span class='ocr_line' id='line_1_44' title="bbox 160 2786 1618 2855; baseline 0.001 -17"><span class='ocrx_word' id='word_1_414' title='bbox 160 2810 281 2839; x_wconf 85' lang='lat' dir='ltr'><strong>nostro</strong></span> <span class='ocrx_word' id='word_1_415' title='bbox 306 2805 350 2839; x_wconf 83' lang='lat' dir='ltr'><strong>de</strong></span> <span class='ocrx_word' id='word_1_416' title='bbox 368 2805 544 2840; x_wconf 79' lang='lat' dir='ltr'><strong>mensibus</strong></span> <span class='ocrx_word' id='word_1_417' title='bbox 564 2813 621 2843; x_wconf 76' lang='lat' dir='ltr'><strong><em>sat</em></strong></span> <span class='ocrx_word' id='word_1_418' title='bbox 641 2809 748 2843; x_wconf 83' lang='lat' dir='ltr'><strong>multa</strong></span> <span class='ocrx_word' id='word_1_419' title='bbox 767 2807 929 2855; x_wconf 80' lang='lat' dir='ltr'><strong>exposita</strong></span> <span class='ocrx_word' id='word_1_420' title='bbox 946 2814 1040 2842; x_wconf 87' lang='lat' dir='ltr'><strong>sunt.</strong></span> <span class='ocrx_word' id='word_1_421' title='bbox 1088 2807 1176 2843; x_wconf 77' lang='lat' dir='ltr'><strong>haec</strong></span> <span class='ocrx_word' id='word_1_422' title='bbox 1196 2786 1289 2841; x_wconf 64' lang='lat' dir='ltr'><strong>illius</strong></span> <span class='ocrx_word' id='word_1_423' title='bbox 1309 2807 1476 2852; x_wconf 81' lang='lat' dir='ltr'><strong>temporis</strong></span> <span class='ocrx_word' id='word_1_424' title='bbox 1498 2818 1618 2852; x_wconf 86' lang='lat' dir='ltr'><strong>regum</strong></span> 
     </span>
     <span class='ocr_line' id='line_1_45' title="bbox 159 2849 327 2895; baseline 0.02 -12"><span class='ocrx_word' id='word_1_425' title='bbox 159 2849 327 2895; x_wconf 77' lang='lat' dir='ltr'><strong>insignia.</strong></span> 
     </span>
    </p>
   </div>
  </div>
 </body>
</html>
