1748 3210
201 197 297 246 224
718 198 938 242 IOANNIS
971 199 1103 244 LYDI

198 313 266 355 καὶ
297 316 379 362 τοῖς
405 315 616 360 πολιτικοῖς
644 309 789 363 ἐνέμιξε
811 307 1049 366 πράγμασιν.
1114 308 1452 369 ὗπηρετησάμενος
1472 314 1515 358 δέ
1534 321 1617 366 τοῖς

196 379 400 436 ἡμετέροις
425 378 688 432 δικαστηρίοις
715 378 809 430 μίαν
833 377 918 418 τινὰ
941 377 1008 418 διὰ
1030 375 1185 420 πάντων
1205 379 1392 435 ἐφύλαξεν
1410 381 1615 438 ἆρμονίαν,

199 455 282 497 τοῖς
303 448 455 494 οἰκείοις
474 449 674 497 πανταχοῦ
695 447 1004 486 κατακολουθῶν
1031 447 1342 500 παραδείγμασι,
1376 450 1442 490 καὶ
1463 449 1521 490 δι’
1541 450 1615 491 αὖ-

199 519 279 557 τῶν
300 511 496 554 διδάσκων
518 515 596 553 τῶν
616 510 738 566 ἔργων
755 509 809 560 ὡς
830 509 949 567 φύσις
970 512 1104 566 ἀγαθὴ
1125 515 1189 554 καὶ
1210 515 1348 555 τίκτειν
1366 517 1431 556 οἵα
1454 531 1496 557 τε
1515 511 1616 558 οὖσα

201 582 251 624 τὰ
266 576 559 636 χρησιμώτερα,
594 578 694 634 πρὸς
715 576 808 634 ὅπερ
831 577 879 619 ἂν
897 580 987 632 βίου
1011 583 1145 632 σχῆμα
1165 581 1340 635 τραπείη,
1373 585 1450 622 τῶν
1469 583 1649 624 οἲκείων5

201 648 272 690 οὐκ
294 648 489 696 ἐξίσταται
509 644 866 699 πλεονεκτημάτων,
885 647 1120 702 σεμνοτέραν
1141 647 1182 688 δὲ
1200 647 1271 700 τὴν
1290 647 1432 703 ἀρετὴν
1448 646 1619 704 ἀπεργά-

201 717 304 765 ζεται
313 745 326 764 ,
368 710 497 767 λόγοις
519 712 641 766 αὐτὴν
663 714 728 753 καὶ
747 716 957 762 πολιτικοῖς
977 715 1230 756 ποικίλλουσα
1248 712 1464 770 πράγμασι.
1527 713 1621 756 τού-

199 798 283 830 τοις
301 781 430 822 τοίνυν
454 778 598 822 ἅπασιν
622 781 928 833 ἕνευὸοκιμηκιὺς
954 779 1135 834 Ἰωάννης
1159 779 1179 821 ὁ
1198 779 1496 837 λαμπρότατος,
1528 781 1621 830 τοὺς

200 849 242 890 ἓν
263 853 344 897 τοῖς
364 845 566 902 ἡμετέροις
599 848 863 901 δικαστηρίοις
883 845 1072 900 βαθμούς
1091 865 1131 890 τε
1161 850 1227 889 καὶ
1252 846 1396 897 πόνους
1420 845 1621 898 διανύσας,

200 917 263 958 ἐπὶ
287 915 337 956 τὰ
353 918 425 956 τοῦ
441 912 613 968 μεγάλου
635 914 831 967 βασιλέως
849 916 1055 969 δραμεῖται
1078 914 1161 968 ῗρςνη
1181 917 1246 956 καὶ
1263 913 1450 968 μειζόνων
1471 915 1621 956 ἐκεῖθεν
1632 922 1674 958 10

201 979 418 1024 ἀπολαύσει
441 982 611 1036 δωρεῶν.
679 980 760 1022 ἔστι
781 980 856 1037 γὰρ
877 982 925 1035 δὴ
946 982 1045 1038 πρὸς
1063 988 1145 1031 τοῖς
1165 981 1299 1031 ἄλλοις
1318 980 1624 1035 πλεονεκτήμασι

201 1051 268 1092 καὶ
302 1045 509 1105 φιλολόγος
539 1045 560 1088 ὃ
587 1045 796 1100 βασιλεύς,
840 1052 955 1090 τοῦτο
987 1051 1118 1097 καλῶς
1149 1049 1216 1104 ἐφ’
1240 1047 1351 1102 ἡμῶν
1370 1047 1624 1102 πεποιηκότος

200 1120 273 1159 τοῦ
302 1113 471 1171 χρόνου,
515 1113 621 1162 ὅπως
649 1113 697 1155 ἂν
728 1114 754 1166 ἢ
787 1119 858 1156 τοῦ
892 1119 1204 1170 προστατοῦντος
1233 1114 1423 1170 σεμνότης
1454 1117 1520 1156 καὶ
1550 1115 1623 1168 τὴν

202 1183 342 1235 λοιπὴν
373 1181 531 1222 ἅπασαν
562 1178 674 1229 τάξιν
705 1180 770 1220 ἓπί
794 1197 833 1222 τι
867 1181 979 1237 φέροι
1011 1179 1317 1237 λαμιπρότερονῖ’
1385 1180 1532 1236 ταύτην
1550 1182 1622 1235 τὴν

200 1249 318 1302 τιμὴν
337 1248 422 1289 ἀντὶ
443 1250 599 1288 πολλῶν
616 1244 834 1302 χρημάτων
853 1249 895 1289 ἐκ
913 1252 984 1288 τοῦ
1004 1249 1254 1303 δικαστηρίου
1277 1246 1423 1300 λαβών,
1455 1247 1623 1303 ἡγουμέ-
1634 1250 1676 1287 15
1729 1243 1731 1246 ¹

200 1333 280 1358 νων
296 1319 375 1357 τῶν
393 1313 521 1355 πάντα
537 1330 606 1367 μοι
624 1312 875 1368 γλυκυτάτων
898 1313 1062 1370 ἑταίρων
1083 1315 1145 1355 ἐπὶ
1165 1313 1235 1367 τὴν
1254 1314 1376 1367 αὖλὴν
1398 1313 1625 1371 ἀνεχώρησα

202 1380 538 1438 στρατευσάμενος
565 1381 658 1430 τοὺς
682 1379 833 1430 πάντας
857 1381 1150 1438 τεσσαράκοντα
1179 1381 1379 1430 ἐνιαυτοὺς
1407 1381 1506 1436 πρὸς
1530 1382 1628 1435 μησὶ

202 1451 402 1505 τέσσαρσι,
432 1450 496 1489 καὶ
520 1449 650 1501 τυχῶν
670 1452 741 1489 τοῦ
763 1447 951 1498 εἰωθότος
967 1449 1076 1504 παρὰ
1094 1452 1166 1501 τῆς
1184 1449 1388 1500 βασιλείας
1406 1446 1628 1501 ἀξιώματος

201 1523 285 1566 τοῖς
302 1520 516 1572 πληροῦσιν
536 1516 787 1556 ε’πιὸίδοσθαι
808 1511 929 1564 αὖθις
949 1517 1008 1556 ἐπὶ
1027 1516 1074 1557 τὰ
1091 1516 1229 1568 βιβλία
1247 1518 1469 1571 παρῆλθον.

340 1583 416 1627 31.
483 1584 534 1623 Εἷ
551 1580 682 1623 πᾶσάν
703 1599 762 1630 τις
778 1584 937 1624 ἐπέλθοι
957 1583 1057 1623 κατὰ
1074 1580 1178 1623 πόδά
1198 1582 1268 1635 τὴν
1280 1580 1500 1635 Ῥωμαικὴν
1518 1581 1680 1624 ἴσω-20

205 1650 316 1706 ρίαν,
363 1649 503 1690 οἷίποτε
533 1647 685 1703 εῧρήσει
717 1649 793 1705 πρὸ
817 1654 886 1703 τῆς
906 1651 1204 1691 Κωνσταντίνου
1224 1650 1427 1701 βασιλείας
1447 1649 1492 1690 τὸ
1515 1665 1626 1705 σκρι-

203 1715 355 1773 νιάριον
375 1715 523 1768 ὄνομα·
557 1717 728 1771 σκρινιόν
755 1717 826 1768 μὲν
855 1717 929 1772 γὰρ
960 1719 1023 1758 καὶ
1053 1718 1219 1771 σκρίβαν
1252 1717 1316 1757 καὶ
1341 1716 1390 1757 τὰ
1407 1715 1556 1758 τούτων
1576 1714 1626 1769 δὴ

205 1782 423 1841 παράγωγα
445 1780 597 1838 εὑρήσει
607 1813 621 1833 ,
655 1782 699 1824 τὸ
719 1784 762 1824 δὲ
783 1782 1023 1841 σκρινιάριον
1043 1781 1244 1837 ἐπώνυμον
1268 1783 1460 1836 οὗὸἀμοῦ.
1527 1781 1628 1824 ὥστε

295 1901 339 1934 16
362 1896 493 1942 ἑτέρων
516 1898 560 1933 C.

205 1998 364 2034 civilibus
383 2010 421 2032 se
438 1999 541 2032 rebus
559 1998 708 2032 miscuit.
733 2009 902 2042 apparens
921 2000 1031 2031 autem
1051 1997 1087 2031 in
1108 1998 1233 2031 nostris
1252 1997 1387 2031 iudiciis
1405 2008 1505 2031 unum
1522 2007 1630 2041 quen-

205 2046 281 2078 dam
306 2055 367 2087 per
391 2045 502 2076 omnia
524 2049 722 2076 concentum
745 2044 908 2084 servavit,
935 2054 995 2075 sna
1016 2044 1142 2088 ubique
1164 2042 1315 2087 exempla
1340 2054 1504 2086 sequens,
1528 2053 1568 2075 ac
1590 2054 1630 2076 re

206 2089 284 2134 ipsa
303 2090 428 2122 docens
451 2093 602 2121 naturam
625 2088 796 2132 egregiam
816 2094 851 2121 et
867 2087 1059 2121 utilioribus
1082 2100 1198 2132 parem
1215 2088 1414 2131 gignendis,
1447 2089 1491 2121 ad
1511 2097 1630 2131 quam-

207 2144 340 2176 cunque
369 2133 462 2165 vitae
492 2133 633 2166 formam
660 2145 698 2166 se
726 2132 954 2175 converterit,
987 2144 1007 2166 a
1034 2134 1105 2167 suis
1134 2132 1342 2166 excellentiis
1365 2143 1432 2165 non
1459 2133 1632 2176 aberrare,

207 2177 471 2223 splendidiorem
494 2183 606 2210 autem
622 2179 769 2211 reddere
790 2178 967 2220 virtutem,
990 2177 1099 2211 literis
1119 2190 1191 2211 eam
1214 2183 1249 2211 et
1265 2177 1421 2211 civilibus
1445 2178 1548 2211 rebus
1571 2189 1634 2211 ex-

208 2227 396 2257 ornantem.
442 2222 495 2254 his
514 2222 619 2265 igitur
638 2223 790 2256 omnibus
810 2222 941 2256 laudem
965 2223 1105 2256 meritus
1127 2224 1272 2256 Ioannes
1296 2222 1519 2265 clarissimus,
1553 2233 1634 2266 gra-

172 2288 173 2292 =
208 2268 308 2302 dibus
328 2266 570 2310 laboribusque
590 2267 792 2300 iudiciorum
813 2272 1004 2300 nostrorum
1026 2268 1194 2313 impletis,
1229 2269 1272 2301 ad
1289 2268 1402 2311 magni
1417 2267 1634 2312 imperatoris

208 2312 357 2356 vestigia
402 2311 580 2358 roperabit
602 2323 642 2344 ac
665 2312 849 2345 maioribus
870 2312 950 2345 inde
978 2313 1171 2346 muneribus
1202 2314 1410 2357 perfruetur.
1458 2316 1512 2345 est
1532 2311 1635 2355 enim,

208 2363 348 2404 praeter
365 2368 384 2389 a
398 2356 448 2390 ias
470 2355 698 2400 excellentias,
719 2362 754 2390 et
771 2356 943 2390 literarum
962 2369 1075 2392 amans
1093 2358 1288 2402 imperator,
1308 2356 1445 2401 egregie
1462 2356 1499 2390 id
1516 2361 1635 2390 nostro

208 2403 383 2437 tribuente
402 2407 567 2445 tempore,
591 2407 629 2434 ut
650 2401 801 2446 regentis
825 2402 984 2435 maiestas
1008 2408 1155 2436 ceterum
1179 2403 1278 2436 etiam
1302 2413 1399 2435 omne
1419 2400 1567 2435 officium
1589 2402 1634 2436 ad

209 2447 420 2492 splendidius
444 2446 603 2490 quiddam
631 2443 791 2480 evehat.''
835 2447 923 2479 hunc
944 2447 1104 2482 honorem
1127 2459 1188 2492 pro
1211 2448 1314 2481 multa
1336 2447 1481 2490 pecunia
1502 2458 1521 2480 e
1541 2446 1633 2480 iudi-

210 2493 264 2526 cio
286 2497 417 2534 nactus,
445 2490 680 2525 comitantibus
700 2491 812 2525 omnia
830 2492 1031 2526 dulcissimis
1049 2493 1131 2526 mihi
1149 2492 1263 2536 sociis,
1287 2492 1322 2525 in
1342 2491 1449 2525 aulam
1466 2491 1633 2535 concessi,

210 2537 332 2572 militia
354 2538 488 2570 functus
511 2547 616 2570 annos
641 2537 774 2570 omnino
795 2537 1022 2581 quadraginta
1040 2543 1075 2571 et
1091 2542 1220 2582 septem
1241 2549 1390 2578 menses;
1413 2541 1633 2581 acceptaque,

211 2593 300 2627 quae
323 2583 365 2615 ab
390 2582 595 2626 imperatore
618 2582 834 2628 implentibus
855 2582 963 2615 tribui
985 2583 1088 2627 solet,
1124 2583 1292 2627 dignitate
1316 2583 1361 2616 ad
1388 2582 1492 2616 libros
1514 2590 1631 2615 rursus

210 2639 265 2662 me
285 2627 424 2661 contuli.

301 2673 358 2706 31.
406 2671 446 2704 Si
469 2671 544 2716 quis
565 2683 630 2716 per
649 2671 842 2705 universam
862 2673 1088 2707 Romanorum
1111 2671 1287 2706 historiam
1307 2671 1516 2717 pedetentim
1536 2670 1632 2704 ince-

211 2718 292 2759 dat,
315 2728 483 2761 nunquam
505 2719 584 2751 ante
609 2717 825 2750 Constantini
846 2718 1022 2762 imperium
1045 2718 1298 2751 scriniariorum
1321 2729 1442 2751 nomen
1461 2714 1632 2760 reperiet:

210 2763 369 2795 scrinium
390 2762 478 2795 enim
501 2766 537 2796 et
560 2763 671 2795 scriba
693 2766 728 2795 et
750 2762 867 2796 horum
890 2762 1052 2797 videlicet
1072 2764 1228 2797 derivata
1249 2763 1413 2808 reperiet,
1435 2759 1632 2794 scriniario-

211 2817 285 2841 rum
304 2818 387 2842 vero
409 2817 532 2843 nomen
553 2818 730 2853 nusquam.
776 2819 883 2854 quare
903 2820 971 2843 non
993 2808 1090 2844 novit
1113 2820 1171 2844 eos
1190 2808 1288 2844 initio
1310 2819 1366 2843 res
1387 2805 1540 2854 publica,
1571 2815 1632 2839 ne-
