1748 3210
229 218 344 250 nvm
666 207 811 250 HASII
842 207 917 250 DE
949 206 1219 251 OSTENTIS

229 343 269 373 et
279 337 399 373 altero
410 335 531 386 Regio
547 338 648 378 1991
665 336 732 374 fol.
750 339 800 378 17
810 334 991 376 verso-24
1005 349 1129 374 verso:
1151 334 1256 375 hunc
1268 337 1467 378 nominavi
1476 340 1579 392 Reg.
1590 341 1647 381 B.

229 427 441 467 eorumque
478 413 654 452 codicum
688 415 863 451 omnium
902 414 1094 453 variantes
1131 415 1274 466 partim
1309 418 1472 469 apposui
1499 418 1542 455 in
1568 430 1648 467 ora,

227 494 391 543 partim,
434 505 486 529 ne
529 492 646 530 nimis
684 492 759 529 ista
791 492 1029 543 oppleretur,
1072 493 1188 531 reieci
1213 493 1256 531 in
1282 501 1394 534 notas
1422 492 1472 531 ad
1503 494 1648 531 calcem

227 577 373 608 textus.

178 651 204 689 8
340 648 410 684 His
442 646 563 696 igitur
592 645 748 683 auxiliis
778 643 932 684 adiutus
963 644 1055 684 dedi
1082 660 1240 699 operam
1262 647 1389 685 textui
1413 646 1647 686 recensendo

225 724 534 776 lectionibusque
569 721 798 774 colligendis
837 723 1112 774 emendandis,
1156 725 1374 764 reiiciendis
1405 725 1522 763 etiam
1550 737 1647 777 quas

226 802 439 851 oportebat.
495 802 809 853 generatimque,
854 801 1009 854 quando
1044 803 1248 856 utrobique
1286 804 1453 842 rationes
1487 802 1648 841 aderant

226 890 350 929 aeque
370 879 602 934 probabiles,
631 881 759 931 potius
780 878 830 916 ad
850 878 934 917 cod.
953 881 1145 919 Caseolini
1162 887 1206 918 ut
1226 882 1452 934 antiquioris
1470 892 1648 918 normam

226 953 354 991 ditexi
371 954 596 995 editionem.
633 961 686 998 νῦ
702 965 832 995 tamen
855 957 1114 1008 euphonicum
1130 960 1211 997 sive
1230 955 1518 1009 ἔφελκυστικόν,
1542 957 1649 1011 quod

225 1045 427 1084 nunquam
453 1035 521 1071 ille
547 1048 626 1073 non
654 1034 794 1083 habet,
825 1037 1053 1076 ελαυνουσιν
1075 1052 1168 1088 την,
1196 1048 1315 1077 πασιν
1334 1050 1434 1083 τοις,
1464 1034 1648 1087 quodque

225 1110 432 1159 antiquitas
460 1113 629 1161 ponebat
653 1113 798 1165 ubique
825 1112 906 1164 (tot
936 1127 982 1151 ea
1010 1115 1167 1151 fuerunt
1194 1127 1293 1166 quae
1319 1113 1559 1165 grammatici
1582 1113 1649 1150 iu-
1713 1147 1715 1150 .

223 1187 372 1235 niores,
402 1200 567 1226 usumne
587 1191 708 1227 secuti
727 1191 857 1228 nescio
878 1203 929 1226 au
950 1191 1132 1238 abusum,
1162 1189 1465 1242 immutarunt),
1491 1202 1541 1227 ne
1562 1190 1648 1227 cui-

221 1265 328 1313 piam
352 1264 508 1302 fastidio
538 1279 683 1315 essem,
712 1267 754 1303 in
781 1267 940 1304 vocibus
966 1280 1045 1304 non
1071 1266 1268 1306 hiantibus
1290 1269 1442 1306 sustuli.
1499 1279 1575 1319 qua
1597 1265 1646 1304 de

90 1351 126 1384 p.
150 1351 198 1374 xv
222 1355 262 1379 re
300 1341 443 1380 videris
485 1356 584 1394 quae
619 1343 679 1380 vir
708 1344 885 1394 egregius
915 1341 1194 1395 abundansque
1227 1343 1400 1382 doctrina
1429 1343 1646 1382 Fridericus

220 1421 354 1458 Iacobs
393 1422 516 1458 multa
554 1421 782 1472 exsequitur
815 1421 1086 1470 Prolegomen.
1127 1419 1178 1457 ad
1217 1420 1309 1458 edit.
1349 1420 1515 1459 Achillis
1539 1421 1644 1459 Tatii

221 1511 260 1548 p.
280 1511 372 1535 xcv.
430 1500 601 1548 capitum
620 1497 907 1534 distinctionem
929 1510 950 1534 a
967 1510 1030 1534 me
1046 1498 1190 1534 factam
1218 1497 1286 1548 (in
1310 1496 1395 1534 cod.
1418 1502 1548 1536 omnia
1567 1511 1646 1536 uno

223 1583 260 1611 et
279 1581 465 1625 perpetuo
485 1582 618 1612 tenore
634 1573 896 1625 peraguntur)
925 1587 1037 1625 spero
1056 1575 1138 1613 fore
1158 1582 1200 1612 ut
1217 1575 1353 1626 probet
1370 1575 1504 1612 lector.
1540 1573 1646 1626 quod

222 1651 272 1689 ad
295 1653 513 1690 versionem
533 1653 689 1700 attinet,
720 1652 877 1690 omnino
898 1650 995 1689 haec
1015 1651 1091 1690 duo
1116 1653 1224 1691 volui
1241 1653 1445 1704 consequi,
1474 1653 1647 1704 primum

222 1730 270 1766 ab
293 1731 481 1779 auctoris,
509 1742 588 1767 non
605 1731 660 1766 ita
678 1731 887 1778 luculenti,
921 1732 1111 1767 sententia
1129 1737 1172 1767 ut
1189 1743 1239 1767 ne
1260 1732 1474 1778 aberraret3
1504 1727 1645 1766 deinde

222 1813 265 1843 ut
284 1805 472 1858 loquendi
493 1819 644 1844 morem
662 1807 856 1844 suboleret
874 1821 1008 1845 eorum
1026 1809 1093 1860 qui
1115 1807 1163 1845 de
1180 1809 1374 1846 veteribus
1391 1820 1507 1859 super
1526 1807 1645 1845 simili

223 1892 453 1935 argumento
477 1886 618 1936 scripta
635 1885 772 1922 Latine
790 1886 1043 1937 reliquerunt.
1100 1893 1334 1938 quapropter
1351 1899 1440 1924 cum
1462 1886 1538 1923 alia
1560 1885 1647 1923 loca

221 1965 389 2013 passim,
418 1970 503 1999 tum
526 1963 698 1999 maxime
719 1962 907 2001 formulas
926 1964 1106 2002 solennes
1126 1965 1254 2001 verbis
1277 1964 1367 2002 Iulii
1389 1963 1646 2015 Obsequentis

222 2039 376 2077 reddidi
405 2041 512 2076 illius
541 2040 607 2090 qui
629 2039 807 2076 libellum
831 2042 890 2078 De
916 2041 1103 2092 prodigiis
1127 2043 1363 2094 composuit,
1396 2053 1537 2092 genere
1555 2053 1646 2078 ora-

221 2119 337 2155 tionis
366 2131 458 2155 usus
487 2119 578 2155 satis
607 2119 745 2156 Latino
777 2125 815 2155 et
839 2119 959 2170 probo
990 2120 1192 2171 (Romani
1216 2121 1292 2157 oris
1319 2119 1512 2157 hominem
1532 2123 1645 2155 vocat

220 2194 402 2233 Bai-thius
424 2195 475 2232 ad
495 2197 608 2234 Statii
629 2194 824 2233 Thebaid.
844 2196 869 2236 5
899 2195 994 2246 86),
1026 2197 1095 2234 sed
1120 2198 1248 2236 verbis
1270 2204 1401 2234 tamen
1418 2197 1536 2248 paulo
1557 2207 1646 2232 ma-

222 2275 281 2324 gis
301 2275 436 2325 priscis
455 2275 709 2312 interstincto.
766 2273 918 2311 Claudii
935 2275 1055 2312 Tusci
1076 2275 1348 2313 Calendarium
1366 2282 1519 2312 vertens
1537 2285 1645 2311 com-

220 2352 333 2402 plura
361 2365 447 2390 sum
475 2365 527 2389 ex
549 2353 739 2389 latinitate
761 2353 895 2389 LIunii
916 2353 1154 2390 Columellae
1172 2359 1388 2399 mutuatus,
1418 2363 1536 2402 quem
1555 2350 1645 2386 exi-

222 2431 337 2468 stimo
363 2430 427 2468 vel
453 2443 504 2467 ex
530 2431 615 2481 ipso
644 2431 774 2468 Tusco
805 2429 870 2467 vel
903 2442 954 2466 ex
985 2428 1123 2466 eodem
1143 2430 1250 2467 fonte
1273 2441 1349 2480 quo
1367 2429 1437 2466 ille
1454 2427 1643 2476 hausisse,

220 2507 319 2546 lIbro
357 2507 563 2546 undecimo
602 2509 843 2560 praesertim.
901 2520 953 2545 ex
981 2506 1220 2544 calendariis
1247 2508 1343 2544 item
1370 2505 1578 2552 Romanis,
1620 2516 1644 2540 a

220 2586 360 2624 Iacobo
379 2586 579 2625 Mazochio
592 2616 602 2636 ‚
631 2585 733 2625 Aldo
754 2587 941 2635 Manutio,
971 2585 1108 2623 Carolo
1130 2585 1302 2634 Sigonio,
1330 2582 1528 2634 Raphaele
1549 2581 1644 2633 Gyl-

73 2679 107 2713 p.
134 2675 199 2700 xvt
222 2665 348 2714 lenio,
379 2666 564 2714 Grutero‚
595 2663 810 2702 Blanchino
837 2663 969 2712 editis,
999 2661 1104 2716 quod
1131 2662 1317 2700 nonnulla
1336 2660 1518 2698 videntur
1535 2659 1643 2698 vela

219 2749 349 2781 nostro
368 2741 521 2782 Claudii
538 2743 660 2782 Tusci
678 2743 743 2782 vel
760 2740 935 2780 indidem
953 2752 1030 2796 quo
1051 2739 1150 2778 illud
1167 2752 1358 2789 manasse,
1387 2751 1522 2778 eorum
1543 2749 1642 2790 quo-
