<?xml version="1.0" encoding="UTF-8"?>
<!DOCTYPE html PUBLIC "-//W3C//DTD XHTML 1.0 Transitional//EN"
    "http://www.w3.org/TR/xhtml1/DTD/xhtml1-transitional.dtd">
<html xmlns="http://www.w3.org/1999/xhtml" xml:lang="en" lang="en">
 <head>
  <title>
</title>
<meta http-equiv="Content-Type" content="text/html;charset=utf-8" />
  <meta name='ocr-system' content='tesseract 3.04.00' />
  <meta name='ocr-capabilities' content='ocr_page ocr_carea ocr_par ocr_line ocrx_word'/>
</head>
<body>
  <div class='ocr_page' id='page_1' title='image "./corpusscriptorum27niebuoft_0416.png"; bbox 0 0 1748 3210; ppageno 0'>
   <div class='ocr_carea' id='block_1_1' title="bbox 239 170 1133 217">
    <p class='ocr_par' dir='ltr' id='par_1_1' title="bbox 239 170 1133 217">
     <span class='ocr_line' id='line_1_1' title="bbox 239 170 1133 217; baseline 0 -1"><span class='ocrx_word' id='word_1_1' title='bbox 239 170 336 217; x_wconf 86' lang='lat'><strong><em>346</em></strong></span> <span class='ocrx_word' id='word_1_2' title='bbox 751 170 969 217; x_wconf 86' lang='lat' dir='ltr'><strong>IOANNIS</strong></span> <span class='ocrx_word' id='word_1_3' title='bbox 1003 173 1133 217; x_wconf 88' lang='lat' dir='ltr'>LYDI</span> 
     </span>
    </p>
   </div>
   <div class='ocr_carea' id='block_1_2' title="bbox 211 279 1694 1736">
    <p class='ocr_par' dir='ltr' id='par_1_2' title="bbox 233 279 1643 407">
     <span class='ocr_line' id='line_1_2' title="bbox 236 279 1643 345; baseline 0.006 -20"><span class='ocrx_word' id='word_1_4' title='bbox 236 280 367 334; x_wconf 78' lang='grc' dir='ltr'><strong><em>δόλοις</em></strong></span> <span class='ocrx_word' id='word_1_5' title='bbox 395 284 459 326; x_wconf 78' lang='grc' dir='ltr'><strong><em>καὶ</em></strong></span> <span class='ocrx_word' id='word_1_6' title='bbox 488 284 712 338; x_wconf 70' lang='grc' dir='ltr'><strong><em>ἐπιβουλαῖς</em></strong></span> <span class='ocrx_word' id='word_1_7' title='bbox 735 279 982 338; x_wconf 73' lang='grc' dir='ltr'><strong><em>γενήσονται,</em></strong></span> <span class='ocrx_word' id='word_1_8' title='bbox 1016 284 1153 337; x_wconf 64' lang='grc' dir='ltr'><strong><em>ἕψεται</em></strong></span> <span class='ocrx_word' id='word_1_9' title='bbox 1174 285 1217 328; x_wconf 76' lang='grc' dir='ltr'><strong><em>δὲ</em></strong></span> <span class='ocrx_word' id='word_1_10' title='bbox 1235 288 1299 329; x_wconf 74' lang='grc' dir='ltr'><strong><em>καὶ</em></strong></span> <span class='ocrx_word' id='word_1_11' title='bbox 1321 283 1488 344; x_wconf 75' lang='grc' dir='ltr'><strong><em>πόλεμος</em></strong></span> <span class='ocrx_word' id='word_1_12' title='bbox 1508 287 1554 332; x_wconf 77' lang='grc' dir='ltr'><strong><em>οὗ</em></strong></span> <span class='ocrx_word' id='word_1_13' title='bbox 1575 283 1643 345; x_wconf 67' lang='grc' dir='ltr'><strong><em>μῖ-</em></strong></span> 
     </span>
     <span class='ocr_line' id='line_1_3' title="bbox 233 348 1081 407; baseline 0 -15"><span class='ocrx_word' id='word_1_14' title='bbox 233 349 346 407; x_wconf 81' lang='grc' dir='ltr'><strong><em>κρός,</em></strong></span> <span class='ocrx_word' id='word_1_15' title='bbox 379 354 445 392; x_wconf 86' lang='grc' dir='ltr'><strong><em>καὶ</em></strong></span> <span class='ocrx_word' id='word_1_16' title='bbox 464 350 595 404; x_wconf 75' lang='grc' dir='ltr'><strong><em>βλάβη</em></strong></span> <span class='ocrx_word' id='word_1_17' title='bbox 617 348 815 403; x_wconf 74' lang='grc' dir='ltr'><strong><em>γενήσεται</em></strong></span> <span class='ocrx_word' id='word_1_18' title='bbox 836 357 917 398; x_wconf 77' lang='grc' dir='ltr'><strong><em>τοῖς</em></strong></span> <span class='ocrx_word' id='word_1_19' title='bbox 935 349 1081 399; x_wconf 79' lang='grc' dir='ltr'><strong><em>τόποις.</em></strong></span> 
     </span>
    </p>

    <p class='ocr_par' dir='ltr' id='par_1_3' title="bbox 223 415 1694 1071">
     <span class='ocr_line' id='line_1_4' title="bbox 365 415 1640 476; baseline 0.006 -19"><span class='ocrx_word' id='word_1_20' title='bbox 365 418 440 460; x_wconf 90' lang='grc'><strong><em>50.</em></strong></span> <span class='ocrx_word' id='word_1_21' title='bbox 499 415 562 455; x_wconf 80' lang='lat' dir='ltr'><strong><em>‘H</em></strong></span> <span class='ocrx_word' id='word_1_22' title='bbox 569 420 591 456; x_wconf 96' lang='grc' dir='ltr'><strong><em>λ</em></strong></span> <span class='ocrx_word' id='word_1_23' title='bbox 607 434 619 456; x_wconf 93' lang='grc' dir='ltr'><strong><em>ι</em></strong></span> <span class='ocrx_word' id='word_1_24' title='bbox 633 432 652 456; x_wconf 95' lang='grc' dir='ltr'><strong><em>ο</em></strong></span> <span class='ocrx_word' id='word_1_25' title='bbox 669 434 689 464; x_wconf 88' lang='grc' dir='ltr'><em>ς</em></span> <span class='ocrx_word' id='word_1_26' title='bbox 721 420 744 456; x_wconf 88' lang='grc' dir='ltr'><strong><em>λ</em></strong></span> <span class='ocrx_word' id='word_1_27' title='bbox 757 417 778 457; x_wconf 85' lang='grc' dir='ltr'><strong><em>ε’</em></strong></span> <span class='ocrx_word' id='word_1_28' title='bbox 789 432 808 457; x_wconf 93' lang='grc' dir='ltr'><strong><em>ο</em></strong></span> <span class='ocrx_word' id='word_1_29' title='bbox 821 434 844 458; x_wconf 88' lang='grc' dir='ltr'><strong><em>ν</em></strong></span> <span class='ocrx_word' id='word_1_30' title='bbox 855 433 878 458; x_wconf 89' lang='grc' dir='ltr'><strong><em>τ</em></strong></span> <span class='ocrx_word' id='word_1_31' title='bbox 893 435 918 457; x_wconf 91' lang='grc' dir='ltr'><strong><em>ι.</em></strong></span> <span class='ocrx_word' id='word_1_32' title='bbox 964 417 1064 459; x_wconf 77' lang='grc' dir='ltr'><strong><em>κατὰ</em></strong></span> <span class='ocrx_word' id='word_1_33' title='bbox 1083 421 1220 460; x_wconf 81' lang='grc' dir='ltr'><strong><em>τοῦτον</em></strong></span> <span class='ocrx_word' id='word_1_34' title='bbox 1239 418 1307 460; x_wconf 80' lang='grc' dir='ltr'><strong><em>τὸν</em></strong></span> <span class='ocrx_word' id='word_1_35' title='bbox 1326 421 1459 476; x_wconf 79' lang='grc' dir='ltr'><strong><em>καιρὸν</em></strong></span> <span class='ocrx_word' id='word_1_36' title='bbox 1477 425 1511 464; x_wconf 76' lang='grc' dir='ltr'><strong><em>εἷ</em></strong></span> <span class='ocrx_word' id='word_1_37' title='bbox 1525 440 1640 465; x_wconf 84' lang='grc' dir='ltr'><strong><em>κατε-</em></strong></span> 
     </span>
     <span class='ocr_line' id='line_1_5' title="bbox 230 483 1640 542; baseline 0.006 -19"><span class='ocrx_word' id='word_1_38' title='bbox 230 483 385 535; x_wconf 79' lang='grc' dir='ltr'><strong><em>νεχθείη</em></strong></span> <span class='ocrx_word' id='word_1_39' title='bbox 416 483 600 537; x_wconf 85' lang='grc' dir='ltr'><strong><em>κεραυνὸς</em></strong></span> <span class='ocrx_word' id='word_1_40' title='bbox 621 483 719 524; x_wconf 75' lang='grc' dir='ltr'><strong><em>καθ’</em></strong></span> <span class='ocrx_word' id='word_1_41' title='bbox 746 485 830 524; x_wconf 68' lang='grc' dir='ltr'><strong><em>οἵου</em></strong></span> <span class='ocrx_word' id='word_1_42' title='bbox 858 483 999 536; x_wconf 80' lang='grc' dir='ltr'><strong><em>δήποτε</em></strong></span> <span class='ocrx_word' id='word_1_43' title='bbox 1021 483 1142 526; x_wconf 83' lang='grc' dir='ltr'>τόπου</span> <span class='ocrx_word' id='word_1_44' title='bbox 1164 484 1190 538; x_wconf 81' lang='grc' dir='ltr'>ἢ</span> <span class='ocrx_word' id='word_1_45' title='bbox 1208 485 1352 541; x_wconf 74' lang='grc' dir='ltr'><strong><em>μέρους</em></strong></span> <span class='ocrx_word' id='word_1_46' title='bbox 1373 485 1399 539; x_wconf 81' lang='grc' dir='ltr'>ἢ</span> <span class='ocrx_word' id='word_1_47' title='bbox 1420 494 1595 542; x_wconf 79' lang='grc' dir='ltr'><strong><em>ποταμοῦ</em></strong></span> <span class='ocrx_word' id='word_1_48' title='bbox 1614 489 1640 542; x_wconf 76' lang='grc' dir='ltr'><em>ἢ</em></span> 
     </span>
     <span class='ocr_line' id='line_1_6' title="bbox 227 547 1672 608; baseline 0.006 -19"><span class='ocrx_word' id='word_1_49' title='bbox 227 547 458 602; x_wconf 77' lang='grc' dir='ltr'><em>θαλάσσης,</em></span> <span class='ocrx_word' id='word_1_50' title='bbox 486 547 653 605; x_wconf 73' lang='grc' dir='ltr'><strong><em>ὄλεθρον</em></strong></span> <span class='ocrx_word' id='word_1_51' title='bbox 673 555 755 599; x_wconf 77' lang='grc' dir='ltr'><strong><em>τοῖς</em></strong></span> <span class='ocrx_word' id='word_1_52' title='bbox 771 553 974 603; x_wconf 83' lang='grc' dir='ltr'><strong><em>βασιλεῦσι</em></strong></span> <span class='ocrx_word' id='word_1_53' title='bbox 995 553 1058 591; x_wconf 80' lang='grc' dir='ltr'><strong><em>καὶ</em></strong></span> <span class='ocrx_word' id='word_1_54' title='bbox 1079 558 1159 600; x_wconf 81' lang='grc' dir='ltr'><strong><em>τοῖς</em></strong></span> <span class='ocrx_word' id='word_1_55' title='bbox 1181 552 1221 592; x_wconf 74' lang='grc' dir='ltr'><strong><em>ἐν</em></strong></span> <span class='ocrx_word' id='word_1_56' title='bbox 1242 553 1482 602; x_wconf 72' lang='grc' dir='ltr'><strong><em>δυναστείαις</em></strong></span> <span class='ocrx_word' id='word_1_57' title='bbox 1499 558 1672 608; x_wconf 86' lang='grc' dir='ltr'><strong><em>σημαί-5</em></strong></span> 
     </span>
     <span class='ocr_line' id='line_1_7' title="bbox 226 614 1641 673; baseline 0.005 -17"><span class='ocrx_word' id='word_1_58' title='bbox 226 627 303 656; x_wconf 69' lang='lat' dir='ltr'><strong><em>ru·</em></strong></span> <span class='ocrx_word' id='word_1_59' title='bbox 339 617 403 654; x_wconf 81' lang='grc' dir='ltr'><strong><em>καὶ</em></strong></span> <span class='ocrx_word' id='word_1_60' title='bbox 435 614 505 657; x_wconf 75' lang='grc' dir='ltr'><strong><em>οὒκ</em></strong></span> <span class='ocrx_word' id='word_1_61' title='bbox 537 614 645 657; x_wconf 76' lang='grc' dir='ltr'><strong><em>ἴσται</em></strong></span> <span class='ocrx_word' id='word_1_62' title='bbox 671 634 731 666; x_wconf 88' lang='grc' dir='ltr'><strong><em>τις</em></strong></span> <span class='ocrx_word' id='word_1_63' title='bbox 761 618 936 672; x_wconf 77' lang='grc' dir='ltr'><strong><em>διαφορὰ</em></strong></span> <span class='ocrx_word' id='word_1_64' title='bbox 957 619 1044 673; x_wconf 82' lang='grc' dir='ltr'><strong><em>περὶ</em></strong></span> <span class='ocrx_word' id='word_1_65' title='bbox 1064 617 1217 659; x_wconf 76' lang='grc' dir='ltr'><strong><em>τούτου.</em></strong></span> <span class='ocrx_word' id='word_1_66' title='bbox 1285 617 1442 667; x_wconf 76' lang='grc' dir='ltr'><strong><em>εἰκότως</em></strong></span> <span class='ocrx_word' id='word_1_67' title='bbox 1458 636 1499 662; x_wconf 82' lang='grc' dir='ltr'><strong><em>τε</em></strong></span> <span class='ocrx_word' id='word_1_68' title='bbox 1517 624 1641 663; x_wconf 84' lang='grc' dir='ltr'><strong><em>κοιναὶ</em></strong></span> 
     </span>
     <span class='ocr_line' id='line_1_8' title="bbox 224 682 1641 742; baseline 0.007 -22"><span class='ocrx_word' id='word_1_69' title='bbox 224 683 430 736; x_wconf 75' lang='grc' dir='ltr'><strong><em>συμφοραὶ</em></strong></span> <span class='ocrx_word' id='word_1_70' title='bbox 450 688 532 730; x_wconf 80' lang='grc' dir='ltr'><strong><em>τοῖς</em></strong></span> <span class='ocrx_word' id='word_1_71' title='bbox 551 684 754 735; x_wconf 81' lang='grc' dir='ltr'><strong><em>δημοσίοις</em></strong></span> <span class='ocrx_word' id='word_1_72' title='bbox 768 682 1054 736; x_wconf 82' lang='grc' dir='ltr'><strong><em>βλαστήσονται</em></strong></span> <span class='ocrx_word' id='word_1_73' title='bbox 1067 698 1078 709; x_wconf 89' lang='grc'><em>·</em></span> <span class='ocrx_word' id='word_1_74' title='bbox 1108 683 1436 738; x_wconf 76' lang='grc' dir='ltr'><strong><em>συγκινδυνεύσειν</em></strong></span> <span class='ocrx_word' id='word_1_75' title='bbox 1450 685 1526 742; x_wconf 75' lang='grc' dir='ltr'><strong><em>γὰρ</em></strong></span> <span class='ocrx_word' id='word_1_76' title='bbox 1542 688 1641 738; x_wconf 71' lang='grc' dir='ltr'><strong><em>εῗκὸς</em></strong></span> 
     </span>
     <span class='ocr_line' id='line_1_9' title="bbox 226 746 1640 805; baseline 0.006 -18"><span class='ocrx_word' id='word_1_77' title='bbox 226 746 370 796; x_wconf 73' lang='grc' dir='ltr'><strong><em>αὐτοὺς</em></strong></span> <span class='ocrx_word' id='word_1_78' title='bbox 386 755 468 797; x_wconf 79' lang='grc' dir='ltr'><strong><em>τοῖς</em></strong></span> <span class='ocrx_word' id='word_1_79' title='bbox 485 753 704 801; x_wconf 80' lang='grc' dir='ltr'><strong><em>βασιλεῦσι.</em></strong></span> <span class='ocrx_word' id='word_1_80' title='bbox 771 753 835 791; x_wconf 84' lang='grc' dir='ltr'><strong><em>καὶ</em></strong></span> <span class='ocrx_word' id='word_1_81' title='bbox 855 750 924 791; x_wconf 75' lang='grc' dir='ltr'><strong><em>οὐκ</em></strong></span> <span class='ocrx_word' id='word_1_82' title='bbox 943 749 1050 792; x_wconf 67' lang='grc' dir='ltr'><strong><em>ἔσται</em></strong></span> <span class='ocrx_word' id='word_1_83' title='bbox 1069 749 1089 791; x_wconf 84' lang='grc' dir='ltr'><strong>ὅ</strong></span> <span class='ocrx_word' id='word_1_84' title='bbox 1108 755 1223 792; x_wconf 79' lang='grc' dir='ltr'><strong><em>νικῶν</em></strong></span> <span class='ocrx_word' id='word_1_85' title='bbox 1239 753 1279 792; x_wconf 73' lang='grc' dir='ltr'><strong><em>ἓν</em></strong></span> <span class='ocrx_word' id='word_1_86' title='bbox 1297 758 1379 800; x_wconf 77' lang='grc' dir='ltr'><strong><em>τοῖς</em></strong></span> <span class='ocrx_word' id='word_1_87' title='bbox 1394 754 1640 805; x_wconf 79' lang='grc' dir='ltr'><strong><em>μαχομένοις,</em></strong></span> 
     </span>
     <span class='ocr_line' id='line_1_10' title="bbox 225 813 1643 871; baseline 0.005 -18"><span class='ocrx_word' id='word_1_88' title='bbox 225 813 330 853; x_wconf 78' lang='grc' dir='ltr'><strong><em>ἀλλὰ</em></strong></span> <span class='ocrx_word' id='word_1_89' title='bbox 358 816 552 868; x_wconf 83' lang='grc' dir='ltr'><strong><em>καθολικὴ</em></strong></span> <span class='ocrx_word' id='word_1_90' title='bbox 586 815 724 871; x_wconf 74' lang='grc' dir='ltr'><strong><em>φθορὰ</em></strong></span> <span class='ocrx_word' id='word_1_91' title='bbox 753 817 880 858; x_wconf 78' lang='grc' dir='ltr'><strong><em>αὐτῶν</em></strong></span> <span class='ocrx_word' id='word_1_92' title='bbox 909 833 950 858; x_wconf 85' lang='grc' dir='ltr'><strong><em>τε</em></strong></span> <span class='ocrx_word' id='word_1_93' title='bbox 975 821 1052 858; x_wconf 81' lang='grc' dir='ltr'><strong><em>τῶν</em></strong></span> <span class='ocrx_word' id='word_1_94' title='bbox 1083 819 1125 858; x_wconf 74' lang='grc' dir='ltr'><strong><em>ἐν</em></strong></span> <span class='ocrx_word' id='word_1_95' title='bbox 1153 816 1312 871; x_wconf 78' lang='grc' dir='ltr'><strong><em>δυνάμει</em></strong></span> <span class='ocrx_word' id='word_1_96' title='bbox 1331 819 1396 858; x_wconf 80' lang='grc' dir='ltr'><strong><em>καὶ</em></strong></span> <span class='ocrx_word' id='word_1_97' title='bbox 1413 819 1485 871; x_wconf 75' lang='grc' dir='ltr'><strong><em>οὐχ</em></strong></span> <span class='ocrx_word' id='word_1_98' title='bbox 1503 818 1643 871; x_wconf 76' lang='grc' dir='ltr'><strong><em>ἥκιστα</em></strong></span> 
     </span>
     <span class='ocr_line' id='line_1_11' title="bbox 225 878 1694 938; baseline 0.005 -18"><span class='ocrx_word' id='word_1_99' title='bbox 225 884 305 920; x_wconf 81' lang='grc' dir='ltr'><strong><em>τῶν</em></strong></span> <span class='ocrx_word' id='word_1_100' title='bbox 335 878 431 936; x_wconf 70' lang='grc' dir='ltr'><strong><em>ὑπὲρ</em></strong></span> <span class='ocrx_word' id='word_1_101' title='bbox 459 882 589 922; x_wconf 81' lang='grc' dir='ltr'><strong><em>αὐτῶν</em></strong></span> <span class='ocrx_word' id='word_1_102' title='bbox 629 883 883 936; x_wconf 73' lang='grc' dir='ltr'><strong><em>ἐνισταμένων</em></strong></span> <span class='ocrx_word' id='word_1_103' title='bbox 909 889 994 932; x_wconf 79' lang='grc' dir='ltr'><strong><em>ταῖς</em></strong></span> <span class='ocrx_word' id='word_1_104' title='bbox 1017 882 1176 937; x_wconf 79' lang='grc' dir='ltr'><strong><em>μάχαις.</em></strong></span> <span class='ocrx_word' id='word_1_105' title='bbox 1242 885 1306 925; x_wconf 82' lang='grc' dir='ltr'><strong><em>καὶ</em></strong></span> <span class='ocrx_word' id='word_1_106' title='bbox 1335 884 1379 926; x_wconf 81' lang='grc' dir='ltr'><strong><em>τὸ</em></strong></span> <span class='ocrx_word' id='word_1_107' title='bbox 1410 886 1460 938; x_wconf 79' lang='grc' dir='ltr'><strong><em>δὴ</em></strong></span> <span class='ocrx_word' id='word_1_108' title='bbox 1487 884 1641 928; x_wconf 81' lang='grc' dir='ltr'><strong><em>πάντων</em></strong></span> <span class='ocrx_word' id='word_1_109' title='bbox 1653 897 1694 930; x_wconf 85' lang='grc'><strong><em>10</em></strong></span> 
     </span>
     <span class='ocr_line' id='line_1_12' title="bbox 223 944 1641 1007; baseline 0.005 -19"><span class='ocrx_word' id='word_1_110' title='bbox 223 945 521 1003; x_wconf 77' lang='grc' dir='ltr'><strong><em>σχετλιώτερον,</em></strong></span> <span class='ocrx_word' id='word_1_111' title='bbox 556 948 938 1005; x_wconf 71' lang='grc' dir='ltr'><strong><em>καταφθαρήσονται</em></strong></span> <span class='ocrx_word' id='word_1_112' title='bbox 965 952 1030 991; x_wconf 85' lang='grc' dir='ltr'><strong><em>καὶ</em></strong></span> <span class='ocrx_word' id='word_1_113' title='bbox 1059 951 1101 992; x_wconf 77' lang='grc' dir='ltr'><strong><em>αἱ</em></strong></span> <span class='ocrx_word' id='word_1_114' title='bbox 1126 952 1343 1007; x_wconf 81' lang='grc' dir='ltr'><strong><em>περιουσιάι</em></strong></span> <span class='ocrx_word' id='word_1_115' title='bbox 1371 955 1448 993; x_wconf 84' lang='grc' dir='ltr'><strong><em>τῶν</em></strong></span> <span class='ocrx_word' id='word_1_116' title='bbox 1474 944 1641 1004; x_wconf 77' lang='grc' dir='ltr'><strong><em>πολλῶν,</em></strong></span> 
     </span>
     <span class='ocr_line' id='line_1_13' title="bbox 224 1013 967 1071; baseline 0.008 -19"><span class='ocrx_word' id='word_1_117' title='bbox 224 1014 290 1053; x_wconf 80' lang='grc' dir='ltr'><strong><em>καὶ</em></strong></span> <span class='ocrx_word' id='word_1_118' title='bbox 313 1014 355 1053; x_wconf 82' lang='grc' dir='ltr'><strong><em>αἶ</em></strong></span> <span class='ocrx_word' id='word_1_119' title='bbox 376 1013 506 1064; x_wconf 82' lang='grc' dir='ltr'><strong><em>πόλεις</em></strong></span> <span class='ocrx_word' id='word_1_120' title='bbox 527 1016 778 1071; x_wconf 79' lang='grc' dir='ltr'><strong><em>πυρίφλεκτοι</em></strong></span> <span class='ocrx_word' id='word_1_121' title='bbox 802 1015 967 1058; x_wconf 62' lang='grc' dir='ltr'><strong><em>ἔσονται.</em></strong></span> 
     </span>
    </p>

    <p class='ocr_par' dir='ltr' id='par_1_4' title="bbox 215 1079 1692 1452">
     <span class='ocr_line' id='line_1_14' title="bbox 349 1079 1642 1139; baseline 0.004 -19"><span class='ocrx_word' id='word_1_122' title='bbox 349 1079 492 1122; x_wconf 62' lang='grc' dir='ltr'><strong><em>αΗλιο</em></strong></span> <span class='ocrx_word' id='word_1_123' title='bbox 506 1099 526 1130; x_wconf 92' lang='grc' dir='ltr'><strong><em>ς</em></strong></span> <span class='ocrx_word' id='word_1_124' title='bbox 556 1099 583 1122; x_wconf 86' lang='grc' dir='ltr'><strong><em>π</em></strong></span> <span class='ocrx_word' id='word_1_125' title='bbox 596 1100 621 1122; x_wconf 90' lang='grc' dir='ltr'><strong><em>α</em></strong></span> <span class='ocrx_word' id='word_1_126' title='bbox 634 1099 657 1138; x_wconf 88' lang='grc' dir='ltr'><strong><em>ρ</em></strong></span> <span class='ocrx_word' id='word_1_127' title='bbox 669 1083 733 1124; x_wconf 76' lang='grc' dir='ltr'><strong><em>θέ</em></strong></span> <span class='ocrx_word' id='word_1_128' title='bbox 738 1101 759 1124; x_wconf 90' lang='grc' dir='ltr'><strong><em>ν</em></strong></span> <span class='ocrx_word' id='word_1_129' title='bbox 767 1099 811 1139; x_wconf 83' lang='grc' dir='ltr'><strong><em>ῳ.</em></strong></span> <span class='ocrx_word' id='word_1_130' title='bbox 857 1081 968 1136; x_wconf 68' lang='grc' dir='ltr'><strong><em>ἡλίου</em></strong></span> <span class='ocrx_word' id='word_1_131' title='bbox 997 1084 1040 1124; x_wconf 75' lang='grc' dir='ltr'><strong><em>δὲ</em></strong></span> <span class='ocrx_word' id='word_1_132' title='bbox 1070 1083 1130 1124; x_wconf 71' lang='grc' dir='ltr'><strong><em>ἐπὶ</em></strong></span> <span class='ocrx_word' id='word_1_133' title='bbox 1150 1083 1221 1136; x_wconf 82' lang='grc' dir='ltr'><strong><em>τὴν</em></strong></span> <span class='ocrx_word' id='word_1_134' title='bbox 1243 1082 1442 1139; x_wconf 68' lang='grc' dir='ltr'><strong><em>παρθένον</em></strong></span> <span class='ocrx_word' id='word_1_135' title='bbox 1461 1082 1588 1136; x_wconf 75' lang='grc' dir='ltr'><strong><em>ἰόντος</em></strong></span> <span class='ocrx_word' id='word_1_136' title='bbox 1607 1087 1642 1126; x_wconf 76' lang='grc' dir='ltr'><strong><em>εἶ</em></strong></span> 
     </span>
     <span class='ocr_line' id='line_1_15' title="bbox 222 1146 1640 1206; baseline 0.005 -20"><span class='ocrx_word' id='word_1_137' title='bbox 222 1149 473 1200; x_wconf 73' lang='grc' dir='ltr'><strong><em>κατενεχθείη</em></strong></span> <span class='ocrx_word' id='word_1_138' title='bbox 496 1146 694 1202; x_wconf 80' lang='grc' dir='ltr'><strong><em>κεραυνός,</em></strong></span> <span class='ocrx_word' id='word_1_139' title='bbox 724 1148 886 1204; x_wconf 78' lang='grc' dir='ltr'><strong><em>φθορὰν</em></strong></span> <span class='ocrx_word' id='word_1_140' title='bbox 904 1153 1093 1203; x_wconf 81' lang='grc' dir='ltr'><strong><em>γυναικῶν</em></strong></span> <span class='ocrx_word' id='word_1_141' title='bbox 1109 1149 1258 1191; x_wconf 79' lang='grc' dir='ltr'><strong><em>ἀπειλεῖ</em></strong></span> <span class='ocrx_word' id='word_1_142' title='bbox 1273 1148 1499 1206; x_wconf 80' lang='grc' dir='ltr'><strong><em>σωφρόνων,</em></strong></span> <span class='ocrx_word' id='word_1_143' title='bbox 1533 1155 1640 1193; x_wconf 78' lang='grc' dir='ltr'><strong><em>πτῶ-</em></strong></span> 
     </span>
     <span class='ocr_line' id='line_1_16' title="bbox 219 1213 1692 1269; baseline 0.004 -18"><span class='ocrx_word' id='word_1_144' title='bbox 219 1227 286 1252; x_wconf 84' lang='grc' dir='ltr'><strong><em>σιν</em></strong></span> <span class='ocrx_word' id='word_1_145' title='bbox 304 1213 346 1252; x_wconf 78' lang='grc' dir='ltr'><strong><em>δὲ</em></strong></span> <span class='ocrx_word' id='word_1_146' title='bbox 365 1214 429 1253; x_wconf 84' lang='grc' dir='ltr'><strong><em>καὶ</em></strong></span> <span class='ocrx_word' id='word_1_147' title='bbox 449 1213 550 1268; x_wconf 78' lang='grc' dir='ltr'><strong><em>αὐτῇ</em></strong></span> <span class='ocrx_word' id='word_1_148' title='bbox 566 1218 614 1269; x_wconf 86' lang='grc' dir='ltr'><strong><em>τῇ</em></strong></span> <span class='ocrx_word' id='word_1_149' title='bbox 631 1216 807 1266; x_wconf 73' lang='grc' dir='ltr'><strong><em>βασιλίδι</em></strong></span> <span class='ocrx_word' id='word_1_150' title='bbox 824 1216 889 1255; x_wconf 83' lang='grc' dir='ltr'><strong><em>καὶ</em></strong></span> <span class='ocrx_word' id='word_1_151' title='bbox 907 1221 988 1263; x_wconf 76' lang='grc' dir='ltr'><strong><em>τοῖς</em></strong></span> <span class='ocrx_word' id='word_1_152' title='bbox 1006 1215 1126 1268; x_wconf 75' lang='grc' dir='ltr'><strong><em>αὐτῆς</em></strong></span> <span class='ocrx_word' id='word_1_153' title='bbox 1145 1215 1303 1264; x_wconf 72' lang='grc' dir='ltr'><strong><em>τέκνοις.</em></strong></span> <span class='ocrx_word' id='word_1_154' title='bbox 1369 1214 1577 1266; x_wconf 71' lang='grc' dir='ltr'><strong><em>ἐλάττωσις</em></strong></span> <span class='ocrx_word' id='word_1_155' title='bbox 1597 1218 1640 1259; x_wconf 77' lang='grc' dir='ltr'><strong><em>δὲ</em></strong></span> <span class='ocrx_word' id='word_1_156' title='bbox 1650 1223 1692 1257; x_wconf 86' lang='grc'><strong><em>15</em></strong></span> 
     </span>
     <span class='ocr_line' id='line_1_17' title="bbox 219 1274 1639 1339; baseline 0.004 -21"><span class='ocrx_word' id='word_1_157' title='bbox 219 1274 330 1318; x_wconf 62' lang='lat' dir='ltr'><strong><em>{forat</em></strong></span> <span class='ocrx_word' id='word_1_158' title='bbox 358 1283 436 1320; x_wconf 80' lang='grc' dir='ltr'><strong><em>τῶν</em></strong></span> <span class='ocrx_word' id='word_1_159' title='bbox 465 1278 623 1333; x_wconf 82' lang='grc' dir='ltr'><strong><em>δήμων,</em></strong></span> <span class='ocrx_word' id='word_1_160' title='bbox 659 1279 908 1331; x_wconf 72' lang='grc' dir='ltr'><strong><em>ἀποτεύξεται</em></strong></span> <span class='ocrx_word' id='word_1_161' title='bbox 941 1282 985 1322; x_wconf 78' lang='grc' dir='ltr'><strong><em>δὲ</em></strong></span> <span class='ocrx_word' id='word_1_162' title='bbox 1010 1283 1075 1322; x_wconf 81' lang='grc' dir='ltr'><strong><em>καὶ</em></strong></span> <span class='ocrx_word' id='word_1_163' title='bbox 1099 1279 1124 1334; x_wconf 75' lang='grc' dir='ltr'>ἢ</span> <span class='ocrx_word' id='word_1_164' title='bbox 1153 1281 1345 1334; x_wconf 75' lang='grc' dir='ltr'><strong><em>ἄμπελος·</em></strong></span> <span class='ocrx_word' id='word_1_165' title='bbox 1373 1289 1460 1331; x_wconf 78' lang='grc' dir='ltr'><strong><em>ταῖς</em></strong></span> <span class='ocrx_word' id='word_1_166' title='bbox 1477 1285 1520 1324; x_wconf 75' lang='grc' dir='ltr'><strong><em>δὲ</em></strong></span> <span class='ocrx_word' id='word_1_167' title='bbox 1535 1301 1639 1339; x_wconf 84' lang='grc' dir='ltr'><strong><em>παρ-</em></strong></span> 
     </span>
     <span class='ocr_line' id='line_1_18' title="bbox 216 1344 1638 1404; baseline 0.006 -21"><span class='ocrx_word' id='word_1_168' title='bbox 216 1344 351 1393; x_wconf 81' lang='grc' dir='ltr'><strong><em>θείὀις</em></strong></span> <span class='ocrx_word' id='word_1_169' title='bbox 379 1347 444 1386; x_wconf 80' lang='grc' dir='ltr'><strong><em>καὶ</em></strong></span> <span class='ocrx_word' id='word_1_170' title='bbox 474 1349 625 1401; x_wconf 78' lang='grc' dir='ltr'><strong><em>γυναιξὶ</em></strong></span> <span class='ocrx_word' id='word_1_171' title='bbox 660 1346 884 1402; x_wconf 76' lang='grc' dir='ltr'><strong><em>γενήσονται</em></strong></span> <span class='ocrx_word' id='word_1_172' title='bbox 924 1349 1125 1404; x_wconf 64' lang='grc' dir='ltr'><strong><em>συμφοραὶ</em></strong></span> <span class='ocrx_word' id='word_1_173' title='bbox 1156 1346 1210 1397; x_wconf 77' lang='grc' dir='ltr'><strong><em>ὥς</em></strong></span> <span class='ocrx_word' id='word_1_174' title='bbox 1239 1349 1304 1389; x_wconf 81' lang='grc' dir='ltr'><strong><em>καὶ</em></strong></span> <span class='ocrx_word' id='word_1_175' title='bbox 1337 1346 1414 1390; x_wconf 73' lang='grc' dir='ltr'><strong><em>ὕπὸ</em></strong></span> <span class='ocrx_word' id='word_1_176' title='bbox 1445 1351 1638 1403; x_wconf 75' lang='grc' dir='ltr'><strong><em>πολεμίων</em></strong></span> 
     </span>
     <span class='ocr_line' id='line_1_19' title="bbox 215 1408 378 1452; baseline 0.025 -3"><span class='ocrx_word' id='word_1_177' title='bbox 215 1408 378 1452; x_wconf 77' lang='grc' dir='ltr'><strong><em>ἁλῶναι.</em></strong></span> 
     </span>
    </p>

    <p class='ocr_par' dir='ltr' id='par_1_5' title="bbox 211 1478 1692 1736">
     <span class='ocr_line' id='line_1_20' title="bbox 341 1478 1637 1538; baseline 0.004 -20"><span class='ocrx_word' id='word_1_178' title='bbox 341 1478 523 1529; x_wconf 66' lang='grc' dir='ltr'><strong><em>’Ἠλιος</em></strong></span> <span class='ocrx_word' id='word_1_179' title='bbox 557 1482 699 1538; x_wconf 73' lang='grc' dir='ltr'><strong><em>ζυγῷ.</em></strong></span> <span class='ocrx_word' id='word_1_180' title='bbox 747 1480 814 1523; x_wconf 70' lang='grc' dir='ltr'><strong><em>ἐὰν</em></strong></span> <span class='ocrx_word' id='word_1_181' title='bbox 846 1482 890 1522; x_wconf 75' lang='grc' dir='ltr'><strong><em>δὲ</em></strong></span> <span class='ocrx_word' id='word_1_182' title='bbox 919 1483 1019 1537; x_wconf 71' lang='grc' dir='ltr'><strong><em>ζυγῷ</em></strong></span> <span class='ocrx_word' id='word_1_183' title='bbox 1050 1479 1070 1521; x_wconf 83' lang='grc' dir='ltr'><strong>ὅ</strong></span> <span class='ocrx_word' id='word_1_184' title='bbox 1103 1478 1213 1533; x_wconf 71' lang='grc' dir='ltr'><strong><em>ἥλιος</em></strong></span> <span class='ocrx_word' id='word_1_185' title='bbox 1239 1479 1413 1534; x_wconf 71' lang='grc' dir='ltr'><strong><em>γένηται,</em></strong></span> <span class='ocrx_word' id='word_1_186' title='bbox 1448 1484 1483 1523; x_wconf 81' lang='grc' dir='ltr'><strong><em>εἶ</em></strong></span> <span class='ocrx_word' id='word_1_187' title='bbox 1504 1486 1637 1537; x_wconf 75' lang='grc' dir='ltr'><strong><em>συμβῇ</em></strong></span> 
     </span>
     <span class='ocr_line' id='line_1_21' title="bbox 214 1545 1692 1604; baseline 0.004 -20"><span class='ocrx_word' id='word_1_188' title='bbox 214 1545 402 1598; x_wconf 79' lang='grc' dir='ltr'><strong><em>κεραυνὸν</em></strong></span> <span class='ocrx_word' id='word_1_189' title='bbox 419 1551 722 1601; x_wconf 76' lang='grc' dir='ltr'><strong><em>καταβληθῆναι</em></strong></span> <span class='ocrx_word' id='word_1_190' title='bbox 732 1578 746 1598; x_wconf 82' lang='grc'>,</span> <span class='ocrx_word' id='word_1_191' title='bbox 780 1553 890 1590; x_wconf 80' lang='grc' dir='ltr'><strong><em>πᾶσα</em></strong></span> <span class='ocrx_word' id='word_1_192' title='bbox 911 1548 1042 1588; x_wconf 82' lang='grc' dir='ltr'><strong><em>ἀδικία</em></strong></span> <span class='ocrx_word' id='word_1_193' title='bbox 1065 1549 1129 1588; x_wconf 83' lang='grc' dir='ltr'><strong><em>καὶ</em></strong></span> <span class='ocrx_word' id='word_1_194' title='bbox 1147 1547 1341 1600; x_wconf 79' lang='grc' dir='ltr'><strong><em>ἀπληστία</em></strong></span> <span class='ocrx_word' id='word_1_195' title='bbox 1361 1549 1425 1588; x_wconf 81' lang='grc' dir='ltr'><strong><em>καὶ</em></strong></span> <span class='ocrx_word' id='word_1_196' title='bbox 1446 1551 1636 1604; x_wconf 82' lang='grc' dir='ltr'><strong><em>φιλαρχία</em></strong></span> <span class='ocrx_word' id='word_1_197' title='bbox 1645 1561 1692 1594; x_wconf 77' lang='grc'><strong><em>20</em></strong></span> 
     </span>
     <span class='ocr_line' id='line_1_22' title="bbox 213 1611 1638 1669; baseline 0.005 -20"><span class='ocrx_word' id='word_1_198' title='bbox 213 1611 498 1665; x_wconf 79' lang='grc' dir='ltr'><strong><em>κατακρατήσει</em></strong></span> <span class='ocrx_word' id='word_1_199' title='bbox 527 1618 605 1655; x_wconf 78' lang='grc' dir='ltr'><strong><em>τῶν</em></strong></span> <span class='ocrx_word' id='word_1_200' title='bbox 632 1613 874 1669; x_wconf 74' lang='grc' dir='ltr'><strong><em>πραγμάτων</em></strong></span> <span class='ocrx_word' id='word_1_201' title='bbox 885 1646 899 1665; x_wconf 86' lang='grc'>,</span> <span class='ocrx_word' id='word_1_202' title='bbox 934 1612 988 1662; x_wconf 76' lang='grc' dir='ltr'><strong><em>ὥς</em></strong></span> <span class='ocrx_word' id='word_1_203' title='bbox 1011 1615 1076 1654; x_wconf 83' lang='grc' dir='ltr'><strong><em>καὶ</em></strong></span> <span class='ocrx_word' id='word_1_204' title='bbox 1096 1615 1182 1669; x_wconf 76' lang='grc' dir='ltr'><strong><em>περὶ</em></strong></span> <span class='ocrx_word' id='word_1_205' title='bbox 1203 1614 1253 1654; x_wconf 80' lang='grc' dir='ltr'><strong><em>τὰ</em></strong></span> <span class='ocrx_word' id='word_1_206' title='bbox 1272 1618 1367 1655; x_wconf 77' lang='grc' dir='ltr'><strong><em>θεῖα</em></strong></span> <span class='ocrx_word' id='word_1_207' title='bbox 1385 1614 1485 1656; x_wconf 69' lang='grc' dir='ltr'><strong><em>αὐτὰ</em></strong></span> <span class='ocrx_word' id='word_1_208' title='bbox 1501 1615 1551 1656; x_wconf 79' lang='grc' dir='ltr'><strong><em>τὰ</em></strong></span> <span class='ocrx_word' id='word_1_209' title='bbox 1567 1619 1638 1669; x_wconf 78' lang='grc' dir='ltr'><strong><em>τῆς</em></strong></span> 
     </span>
     <span class='ocr_line' id='line_1_23' title="bbox 211 1674 1638 1736; baseline 0.005 -20"><span class='ocrx_word' id='word_1_210' title='bbox 211 1674 364 1732; x_wconf 58' lang='grc' dir='ltr'><strong><em>ὕβρεως</em></strong></span> <span class='ocrx_word' id='word_1_211' title='bbox 393 1678 660 1732; x_wconf 72' lang='grc' dir='ltr'><strong><em>ἄιένεχθῆναι.</em></strong></span> <span class='ocrx_word' id='word_1_212' title='bbox 728 1678 1066 1736; x_wconf 73' lang='grc' dir='ltr'><strong><em>ἄπορριφήσονται</em></strong></span> <span class='ocrx_word' id='word_1_213' title='bbox 1096 1681 1139 1720; x_wconf 76' lang='grc' dir='ltr'><strong><em>δὲ</em></strong></span> <span class='ocrx_word' id='word_1_214' title='bbox 1168 1678 1244 1721; x_wconf 71' lang='grc' dir='ltr'><strong><em>ὑπὸ</em></strong></span> <span class='ocrx_word' id='word_1_215' title='bbox 1275 1685 1354 1722; x_wconf 81' lang='grc' dir='ltr'><strong><em>τῶν</em></strong></span> <span class='ocrx_word' id='word_1_216' title='bbox 1378 1682 1572 1733; x_wconf 74' lang='grc' dir='ltr'><strong><em>βασιλέων</em></strong></span> <span class='ocrx_word' id='word_1_217' title='bbox 1599 1683 1638 1723; x_wconf 76' lang='grc' dir='ltr'><strong><em>οἱ</em></strong></span> 
     </span>
    </p>
   </div>
   <div class='ocr_carea' id='block_1_3' title="bbox 299 1754 1643 1904">
    <p class='ocr_par' dir='ltr' id='par_1_6' title="bbox 299 1754 1643 1904">
     <span class='ocr_line' id='line_1_24' title="bbox 302 1754 1635 1805; baseline 0.004 -13"><span class='ocrx_word' id='word_1_218' title='bbox 302 1760 323 1792; x_wconf 97' lang='grc'>1</span> <span class='ocrx_word' id='word_1_219' title='bbox 348 1757 471 1799; x_wconf 82' lang='grc' dir='ltr'><strong><em>δόλοις</em></strong></span> <span class='ocrx_word' id='word_1_220' title='bbox 489 1757 528 1793; x_wconf 76' lang='grc' dir='ltr'><strong><em>δὲ</em></strong></span> <span class='ocrx_word' id='word_1_221' title='bbox 547 1754 650 1794; x_wconf 76' lang='grc' dir='ltr'><strong><em>οὗτοι</em></strong></span> <span class='ocrx_word' id='word_1_222' title='bbox 667 1760 728 1794; x_wconf 83' lang='grc' dir='ltr'><strong><em>καὶ</em></strong></span> <span class='ocrx_word' id='word_1_223' title='bbox 746 1762 791 1795; x_wconf 88' lang='lat' dir='ltr'><strong><em>R.</em></strong></span> <span class='ocrx_word' id='word_1_224' title='bbox 927 1763 948 1795; x_wconf 89' lang='lat'>6</span> <span class='ocrx_word' id='word_1_225' title='bbox 972 1760 1065 1795; x_wconf 75' lang='grc' dir='ltr'><strong><em>ἔστιν</em></strong></span> <span class='ocrx_word' id='word_1_226' title='bbox 1087 1762 1129 1795; x_wconf 85' lang='lat' dir='ltr'><strong><em>C.</em></strong></span> <span class='ocrx_word' id='word_1_227' title='bbox 1263 1764 1287 1798; x_wconf 88' lang='lat'>7</span> <span class='ocrx_word' id='word_1_228' title='bbox 1310 1762 1451 1805; x_wconf 82' lang='grc' dir='ltr'><strong><em>δημίοις</em></strong></span> <span class='ocrx_word' id='word_1_229' title='bbox 1469 1763 1512 1797; x_wconf 85' lang='lat' dir='ltr'><strong><em>C.</em></strong></span> <span class='ocrx_word' id='word_1_230' title='bbox 1557 1775 1635 1797; x_wconf 87' lang='lat' dir='ltr'><strong><em>num</em></strong></span> 
     </span>
     <span class='ocr_line' id='line_1_25' title="bbox 299 1802 1634 1850; baseline 0.004 -14"><span class='ocrx_word' id='word_1_231' title='bbox 299 1802 458 1846; x_wconf 64' lang='grc' dir='ltr'><strong><em>δήμοιςῒ</em></strong></span> <span class='ocrx_word' id='word_1_232' title='bbox 634 1805 904 1850; x_wconf 82' lang='grc' dir='ltr'><strong><em>βλασθήσονται</em></strong></span> <span class='ocrx_word' id='word_1_233' title='bbox 929 1808 1076 1840; x_wconf 84' lang='lat' dir='ltr'><strong>codices.</strong></span> <span class='ocrx_word' id='word_1_234' title='bbox 1255 1808 1297 1841; x_wconf 85' lang='lat'><strong><em>11</em></strong></span> <span class='ocrx_word' id='word_1_235' title='bbox 1322 1805 1567 1850; x_wconf 79' lang='grc' dir='ltr'><strong><em>σχεταιότερον</em></strong></span> <span class='ocrx_word' id='word_1_236' title='bbox 1590 1810 1634 1842; x_wconf 84' lang='lat' dir='ltr'><strong><em>C.</em></strong></span> 
     </span>
     <span class='ocr_line' id='line_1_26' title="bbox 301 1846 1643 1904; baseline 0.003 -22"><span class='ocrx_word' id='word_1_237' title='bbox 301 1849 344 1882; x_wconf 86' lang='lat'><strong><em>15</em></strong></span> <span class='ocrx_word' id='word_1_238' title='bbox 369 1846 507 1901; x_wconf 69' lang='grc' dir='ltr'><strong><em>αὐτῆς]</em></strong></span> <span class='ocrx_word' id='word_1_239' title='bbox 521 1846 658 1904; x_wconf 57' lang='grc' dir='ltr'><strong><em>ἱαὐτοῖς</em></strong></span> <span class='ocrx_word' id='word_1_240' title='bbox 676 1851 719 1884; x_wconf 91' lang='lat' dir='ltr'><strong><em>C.</em></strong></span> <span class='ocrx_word' id='word_1_241' title='bbox 890 1853 933 1886; x_wconf 76' lang='lat'><strong><em>21</em></strong></span> <span class='ocrx_word' id='word_1_242' title='bbox 958 1851 1067 1895; x_wconf 81' lang='grc' dir='ltr'><strong><em>περὶ]</em></strong></span> <span class='ocrx_word' id='word_1_243' title='bbox 1085 1849 1179 1894; x_wconf 78' lang='grc' dir='ltr'><strong><em>πρὸς</em></strong></span> <span class='ocrx_word' id='word_1_244' title='bbox 1199 1851 1247 1884; x_wconf 89' lang='grc' dir='ltr'><strong><em>Η.</em></strong></span> <span class='ocrx_word' id='word_1_245' title='bbox 1418 1852 1464 1885; x_wconf 74' lang='lat'><strong><em>22</em></strong></span> <span class='ocrx_word' id='word_1_246' title='bbox 1485 1849 1559 1886; x_wconf 72' lang='grc' dir='ltr'><strong><em>ὑπὸ</em></strong></span> <span class='ocrx_word' id='word_1_247' title='bbox 1581 1853 1616 1886; x_wconf 91' lang='grc' dir='ltr'><strong>Η</strong></span> <span class='ocrx_word' id='word_1_248' title='bbox 1634 1865 1643 1886; x_wconf 89' lang='lat'>:</span> 
     </span>
    </p>
   </div>
   <div class='ocr_carea' id='block_1_4' title="bbox 302 1894 548 1928">
    <p class='ocr_par' dir='ltr' id='par_1_7' title="bbox 302 1894 548 1928">
     <span class='ocr_line' id='line_1_27' title="bbox 302 1894 548 1928; baseline 0.012 -3"><span class='ocrx_word' id='word_1_249' title='bbox 302 1894 437 1927; x_wconf 88' lang='lat' dir='ltr'><strong>codices</strong></span> <span class='ocrx_word' id='word_1_250' title='bbox 459 1906 548 1928; x_wconf 82' lang='grc' dir='ltr'><strong><em>απο.</em></strong></span> 
     </span>
    </p>
   </div>
   <div class='ocr_carea' id='block_1_5' title="bbox 198 1959 1630 2810">
    <p class='ocr_par' dir='ltr' id='par_1_8' title="bbox 207 1959 1630 2039">
     <span class='ocr_line' id='line_1_28' title="bbox 210 1959 1630 2007; baseline 0.004 -15"><span class='ocrx_word' id='word_1_251' title='bbox 210 1959 462 1994; x_wconf 83' lang='lat' dir='ltr'><strong>excitabuntur.</strong></span> <span class='ocrx_word' id='word_1_252' title='bbox 509 1962 736 2005; x_wconf 79' lang='lat' dir='ltr'>subsequetur</span> <span class='ocrx_word' id='word_1_253' title='bbox 756 1962 881 1995; x_wconf 86' lang='lat' dir='ltr'><strong>bellum</strong></span> <span class='ocrx_word' id='word_1_254' title='bbox 900 1961 989 1995; x_wconf 79' lang='lat' dir='ltr'><strong>haud</strong></span> <span class='ocrx_word' id='word_1_255' title='bbox 1013 1962 1189 2006; x_wconf 80' lang='lat' dir='ltr'><strong>exiguum,</strong></span> <span class='ocrx_word' id='word_1_256' title='bbox 1213 1965 1247 1995; x_wconf 85' lang='lat' dir='ltr'><strong>et</strong></span> <span class='ocrx_word' id='word_1_257' title='bbox 1265 1961 1499 1996; x_wconf 82' lang='lat' dir='ltr'>detrimentum</span> <span class='ocrx_word' id='word_1_258' title='bbox 1517 1963 1630 2007; x_wconf 87' lang='lat' dir='ltr'><strong>regio-</strong></span> 
     </span>
     <span class='ocr_line' id='line_1_29' title="bbox 207 2005 510 2039; baseline 0.007 -2"><span class='ocrx_word' id='word_1_259' title='bbox 207 2005 309 2038; x_wconf 87' lang='lat' dir='ltr'>nibus</span> <span class='ocrx_word' id='word_1_260' title='bbox 330 2005 510 2039; x_wconf 80' lang='lat' dir='ltr'><strong>inferetur.</strong></span> 
     </span>
    </p>

    <p class='ocr_par' dir='ltr' id='par_1_9' title="bbox 201 2050 1630 2449">
     <span class='ocr_line' id='line_1_30' title="bbox 298 2050 1630 2096; baseline 0.003 -14"><span class='ocrx_word' id='word_1_261' title='bbox 298 2050 354 2083; x_wconf 89' lang='lat'><strong><em>50.</em></strong></span> <span class='ocrx_word' id='word_1_262' title='bbox 402 2051 427 2082; x_wconf 91' lang='lat' dir='ltr'>S</span> <span class='ocrx_word' id='word_1_263' title='bbox 439 2050 480 2082; x_wconf 93' lang='lat' dir='ltr'><strong><em>ol</em></strong></span> <span class='ocrx_word' id='word_1_264' title='bbox 502 2050 542 2083; x_wconf 91' lang='lat' dir='ltr'><strong>le</strong></span> <span class='ocrx_word' id='word_1_265' title='bbox 556 2062 649 2084; x_wconf 86' lang='lat' dir='ltr'><strong>one.</strong></span> <span class='ocrx_word' id='word_1_266' title='bbox 695 2052 758 2084; x_wconf 89' lang='lat' dir='ltr'><strong>sub</strong></span> <span class='ocrx_word' id='word_1_267' title='bbox 775 2051 812 2086; x_wconf 85' lang='lat' dir='ltr'><strong>id</strong></span> <span class='ocrx_word' id='word_1_268' title='bbox 829 2054 960 2095; x_wconf 84' lang='lat' dir='ltr'><strong>tempus</strong></span> <span class='ocrx_word' id='word_1_269' title='bbox 982 2050 1012 2083; x_wconf 82' lang='lat' dir='ltr'><strong><em>si</em></strong></span> <span class='ocrx_word' id='word_1_270' title='bbox 1032 2051 1157 2085; x_wconf 86' lang='lat' dir='ltr'><strong>fulmen</strong></span> <span class='ocrx_word' id='word_1_271' title='bbox 1174 2052 1209 2084; x_wconf 93' lang='lat' dir='ltr'><strong><em>in</em></strong></span> <span class='ocrx_word' id='word_1_272' title='bbox 1227 2051 1410 2095; x_wconf 75' lang='lat' dir='ltr'><strong>quemlibet</strong></span> <span class='ocrx_word' id='word_1_273' title='bbox 1424 2051 1534 2085; x_wconf 87' lang='lat' dir='ltr'><strong>locum</strong></span> <span class='ocrx_word' id='word_1_274' title='bbox 1550 2063 1630 2096; x_wconf 82' lang='lat' dir='ltr'><strong>par—</strong></span> 
     </span>
     <span class='ocr_line' id='line_1_31' title="bbox 207 2094 1630 2140; baseline 0.003 -15"><span class='ocrx_word' id='word_1_275' title='bbox 207 2098 320 2126; x_wconf 83' lang='lat' dir='ltr'><strong>temve</strong></span> <span class='ocrx_word' id='word_1_276' title='bbox 339 2094 413 2127; x_wconf 89' lang='lat' dir='ltr'><strong>sive</strong></span> <span class='ocrx_word' id='word_1_277' title='bbox 434 2095 581 2127; x_wconf 89' lang='lat' dir='ltr'><strong>fluminis</strong></span> <span class='ocrx_word' id='word_1_278' title='bbox 602 2094 677 2127; x_wconf 85' lang='lat' dir='ltr'><strong>sive</strong></span> <span class='ocrx_word' id='word_1_279' title='bbox 700 2095 800 2128; x_wconf 81' lang='lat' dir='ltr'><strong>maris</strong></span> <span class='ocrx_word' id='word_1_280' title='bbox 825 2095 912 2138; x_wconf 85' lang='lat' dir='ltr'><strong>ruit,</strong></span> <span class='ocrx_word' id='word_1_281' title='bbox 936 2095 1074 2129; x_wconf 83' lang='lat' dir='ltr'><strong>exitium</strong></span> <span class='ocrx_word' id='word_1_282' title='bbox 1092 2097 1262 2139; x_wconf 83' lang='lat' dir='ltr'><strong>significat</strong></span> <span class='ocrx_word' id='word_1_283' title='bbox 1282 2096 1420 2140; x_wconf 82' lang='lat' dir='ltr'><strong>regibus</strong></span> <span class='ocrx_word' id='word_1_284' title='bbox 1436 2096 1548 2139; x_wconf 85' lang='lat' dir='ltr'><strong>iisque</strong></span> <span class='ocrx_word' id='word_1_285' title='bbox 1571 2097 1630 2140; x_wconf 92' lang='lat' dir='ltr'><strong><em>qui</em></strong></span> 
     </span>
     <span class='ocr_line' id='line_1_32' title="bbox 204 2139 1630 2182; baseline 0.003 -12"><span class='ocrx_word' id='word_1_286' title='bbox 204 2143 409 2180; x_wconf 79' lang='lat' dir='ltr'><strong>potestatem</strong></span> <span class='ocrx_word' id='word_1_287' title='bbox 433 2139 578 2179; x_wconf 81' lang='lat' dir='ltr'><strong>habent3</strong></span> <span class='ocrx_word' id='word_1_288' title='bbox 610 2151 673 2172; x_wconf 85' lang='lat' dir='ltr'><strong><em>nec</em></strong></span> <span class='ocrx_word' id='word_1_289' title='bbox 695 2139 824 2182; x_wconf 89' lang='lat' dir='ltr'><strong>poterit</strong></span> <span class='ocrx_word' id='word_1_290' title='bbox 844 2139 879 2172; x_wconf 86' lang='lat' dir='ltr'><strong><em>id</em></strong></span> <span class='ocrx_word' id='word_1_291' title='bbox 903 2140 938 2172; x_wconf 91' lang='lat' dir='ltr'><strong><em>in</em></strong></span> <span class='ocrx_word' id='word_1_292' title='bbox 965 2141 1229 2174; x_wconf 81' lang='lat' dir='ltr'><strong>controversiam</strong></span> <span class='ocrx_word' id='word_1_293' title='bbox 1252 2141 1383 2174; x_wconf 79' lang='lat' dir='ltr'><strong>vocari.</strong></span> <span class='ocrx_word' id='word_1_294' title='bbox 1425 2151 1488 2174; x_wconf 86' lang='lat' dir='ltr'><strong><em>nec</em></strong></span> <span class='ocrx_word' id='word_1_295' title='bbox 1511 2141 1630 2174; x_wconf 87' lang='lat' dir='ltr'><strong>mirum</strong></span> 
     </span>
     <span class='ocr_line' id='line_1_33' title="bbox 203 2181 1630 2228; baseline 0.002 -13"><span class='ocrx_word' id='word_1_296' title='bbox 203 2181 236 2215; x_wconf 81' lang='lat' dir='ltr'><strong>si</strong></span> <span class='ocrx_word' id='word_1_297' title='bbox 263 2182 443 2216; x_wconf 87' lang='lat' dir='ltr'><strong>universae</strong></span> <span class='ocrx_word' id='word_1_298' title='bbox 470 2183 678 2216; x_wconf 78' lang='lat' dir='ltr'><strong>calamitates</strong></span> <span class='ocrx_word' id='word_1_299' title='bbox 702 2184 846 2228; x_wconf 87' lang='lat' dir='ltr'><strong>publicis</strong></span> <span class='ocrx_word' id='word_1_300' title='bbox 877 2184 1066 2218; x_wconf 87' lang='lat' dir='ltr'><strong>hominibus</strong></span> <span class='ocrx_word' id='word_1_301' title='bbox 1090 2186 1352 2219; x_wconf 83' lang='lat' dir='ltr'><strong>subnascentur:</strong></span> <span class='ocrx_word' id='word_1_302' title='bbox 1386 2196 1482 2228; x_wconf 80' lang='lat' dir='ltr'><strong>nam,</strong></span> <span class='ocrx_word' id='word_1_303' title='bbox 1517 2191 1555 2218; x_wconf 83' lang='lat' dir='ltr'><strong><em>ut</em></strong></span> <span class='ocrx_word' id='word_1_304' title='bbox 1577 2186 1630 2228; x_wconf 83' lang='lat' dir='ltr'><strong><em>fit,</em></strong></span> 
     </span>
     <span class='ocr_line' id='line_1_34' title="bbox 203 2226 1630 2270; baseline 0.002 -11"><span class='ocrx_word' id='word_1_305' title='bbox 203 2226 386 2260; x_wconf 77' lang='lat' dir='ltr'><strong>discrimen</strong></span> <span class='ocrx_word' id='word_1_306' title='bbox 411 2239 478 2260; x_wconf 86' lang='lat' dir='ltr'><strong><em>una</em></strong></span> <span class='ocrx_word' id='word_1_307' title='bbox 502 2239 574 2260; x_wconf 90' lang='lat' dir='ltr'><strong><em>cum</em></strong></span> <span class='ocrx_word' id='word_1_308' title='bbox 598 2228 841 2270; x_wconf 85' lang='lat' dir='ltr'><strong>imperantibus</strong></span> <span class='ocrx_word' id='word_1_309' title='bbox 871 2229 1043 2263; x_wconf 85' lang='lat' dir='ltr'><strong>subibunt.</strong></span> <span class='ocrx_word' id='word_1_310' title='bbox 1091 2242 1154 2263; x_wconf 88' lang='lat' dir='ltr'><strong><em>nec</em></strong></span> <span class='ocrx_word' id='word_1_311' title='bbox 1184 2235 1295 2263; x_wconf 87' lang='lat' dir='ltr'><strong>tamen</strong></span> <span class='ocrx_word' id='word_1_312' title='bbox 1319 2229 1430 2263; x_wconf 80' lang='lat' dir='ltr'><strong>victor</strong></span> <span class='ocrx_word' id='word_1_313' title='bbox 1453 2229 1518 2263; x_wconf 85' lang='lat' dir='ltr'><strong>erit</strong></span> <span class='ocrx_word' id='word_1_314' title='bbox 1537 2229 1630 2264; x_wconf 71' lang='lat' dir='ltr'><strong>Inter</strong></span> 
     </span>
     <span class='ocr_line' id='line_1_35' title="bbox 203 2271 1628 2318; baseline 0.002 -14"><span class='ocrx_word' id='word_1_315' title='bbox 203 2271 422 2315; x_wconf 78' lang='lat' dir='ltr'><strong>dimicantes,</strong></span> <span class='ocrx_word' id='word_1_316' title='bbox 447 2273 508 2305; x_wconf 82' lang='lat' dir='ltr'><strong>sed</strong></span> <span class='ocrx_word' id='word_1_317' title='bbox 530 2273 590 2305; x_wconf 79' lang='lat' dir='ltr'><strong>fiet</strong></span> <span class='ocrx_word' id='word_1_318' title='bbox 614 2272 772 2305; x_wconf 84' lang='lat' dir='ltr'><strong>interitus</strong></span> <span class='ocrx_word' id='word_1_319' title='bbox 794 2273 971 2306; x_wconf 83' lang='lat' dir='ltr'><strong>universus</strong></span> <span class='ocrx_word' id='word_1_320' title='bbox 995 2285 1068 2307; x_wconf 89' lang='lat' dir='ltr'><strong><em>cum</em></strong></span> <span class='ocrx_word' id='word_1_321' title='bbox 1087 2274 1235 2317; x_wconf 87' lang='lat' dir='ltr'><strong>ipsarum</strong></span> <span class='ocrx_word' id='word_1_322' title='bbox 1259 2278 1480 2318; x_wconf 79' lang='lat' dir='ltr'><strong>potestatum,</strong></span> <span class='ocrx_word' id='word_1_323' title='bbox 1503 2286 1544 2307; x_wconf 82' lang='lat' dir='ltr'><strong><em>ac</em></strong></span> <span class='ocrx_word' id='word_1_324' title='bbox 1560 2285 1628 2307; x_wconf 91' lang='lat' dir='ltr'><strong><em>non</em></strong></span> 
     </span>
     <span class='ocr_line' id='line_1_36' title="bbox 202 2316 1627 2362; baseline 0.001 -13"><span class='ocrx_word' id='word_1_325' title='bbox 202 2316 337 2350; x_wconf 86' lang='lat' dir='ltr'><strong>minime</strong></span> <span class='ocrx_word' id='word_1_326' title='bbox 361 2328 475 2350; x_wconf 86' lang='lat' dir='ltr'><strong>eorum</strong></span> <span class='ocrx_word' id='word_1_327' title='bbox 499 2317 557 2360; x_wconf 88' lang='lat' dir='ltr'><strong><em>qui</em></strong></span> <span class='ocrx_word' id='word_1_328' title='bbox 578 2328 640 2360; x_wconf 90' lang='lat' dir='ltr'><strong><em>pro</em></strong></span> <span class='ocrx_word' id='word_1_329' title='bbox 665 2316 732 2348; x_wconf 83' lang='lat' dir='ltr'><strong>illis</strong></span> <span class='ocrx_word' id='word_1_330' title='bbox 754 2318 1037 2361; x_wconf 83' lang='lat' dir='ltr'><strong>depugnaverint.</strong></span> <span class='ocrx_word' id='word_1_331' title='bbox 1085 2324 1120 2352; x_wconf 83' lang='lat' dir='ltr'><strong>et</strong></span> <span class='ocrx_word' id='word_1_332' title='bbox 1142 2319 1177 2352; x_wconf 89' lang='lat' dir='ltr'><strong>id</strong></span> <span class='ocrx_word' id='word_1_333' title='bbox 1201 2321 1290 2362; x_wconf 85' lang='lat' dir='ltr'><strong>quod</strong></span> <span class='ocrx_word' id='word_1_334' title='bbox 1309 2319 1452 2352; x_wconf 87' lang='lat' dir='ltr'><strong>omnium</strong></span> <span class='ocrx_word' id='word_1_335' title='bbox 1475 2318 1627 2352; x_wconf 81' lang='lat' dir='ltr'><strong>miserri-</strong></span> 
     </span>
     <span class='ocr_line' id='line_1_37' title="bbox 202 2361 1624 2408; baseline 0.001 -14"><span class='ocrx_word' id='word_1_336' title='bbox 202 2372 311 2403; x_wconf 80' lang='lat' dir='ltr'><strong>mum,</strong></span> <span class='ocrx_word' id='word_1_337' title='bbox 342 2361 452 2406; x_wconf 87' lang='lat' dir='ltr'><strong>plebis</strong></span> <span class='ocrx_word' id='word_1_338' title='bbox 484 2372 604 2395; x_wconf 85' lang='lat' dir='ltr'><strong>census</strong></span> <span class='ocrx_word' id='word_1_339' title='bbox 635 2361 834 2405; x_wconf 79' lang='lat' dir='ltr'><strong>diruentur,</strong></span> <span class='ocrx_word' id='word_1_340' title='bbox 867 2362 1094 2408; x_wconf 85' lang='lat' dir='ltr'><strong>civitatesque</strong></span> <span class='ocrx_word' id='word_1_341' title='bbox 1117 2364 1297 2397; x_wconf 86' lang='lat' dir='ltr'><strong>concident</strong></span> <span class='ocrx_word' id='word_1_342' title='bbox 1318 2362 1474 2396; x_wconf 82' lang='lat' dir='ltr'><strong>incendio</strong></span> <span class='ocrx_word' id='word_1_343' title='bbox 1495 2363 1624 2396; x_wconf 76' lang='lat' dir='ltr'><strong>confla-</strong></span> 
     </span>
     <span class='ocr_line' id='line_1_38' title="bbox 201 2411 334 2449; baseline 0.008 -11"><span class='ocrx_word' id='word_1_344' title='bbox 201 2411 334 2449; x_wconf 81' lang='lat' dir='ltr'><strong>gratae.</strong></span> 
     </span>
    </p>

    <p class='ocr_par' dir='ltr' id='par_1_10' title="bbox 198 2449 1624 2663">
     <span class='ocr_line' id='line_1_39' title="bbox 291 2449 1623 2496; baseline 0 -12"><span class='ocrx_word' id='word_1_345' title='bbox 291 2451 367 2484; x_wconf 87' lang='lat' dir='ltr'><strong><em>Sol</em></strong></span> <span class='ocrx_word' id='word_1_346' title='bbox 400 2449 595 2494; x_wconf 85' lang='lat' dir='ltr'><strong>virgine.</strong></span> <span class='ocrx_word' id='word_1_347' title='bbox 641 2450 691 2483; x_wconf 82' lang='lat' dir='ltr'><strong><em>sol</em></strong></span> <span class='ocrx_word' id='word_1_348' title='bbox 719 2450 777 2484; x_wconf 87' lang='lat' dir='ltr'><strong><em>ubi</em></strong></span> <span class='ocrx_word' id='word_1_349' title='bbox 803 2452 845 2485; x_wconf 84' lang='lat' dir='ltr'><strong><em>ad</em></strong></span> <span class='ocrx_word' id='word_1_350' title='bbox 866 2451 1032 2496; x_wconf 84' lang='lat' dir='ltr'><strong>virginem</strong></span> <span class='ocrx_word' id='word_1_351' title='bbox 1056 2453 1221 2496; x_wconf 78' lang='lat' dir='ltr'><strong>accessit,</strong></span> <span class='ocrx_word' id='word_1_352' title='bbox 1252 2453 1282 2486; x_wconf 83' lang='lat' dir='ltr'><strong>si</strong></span> <span class='ocrx_word' id='word_1_353' title='bbox 1310 2453 1464 2486; x_wconf 84' lang='lat' dir='ltr'><strong>defertur</strong></span> <span class='ocrx_word' id='word_1_354' title='bbox 1486 2452 1623 2495; x_wconf 87' lang='lat' dir='ltr'><strong>fulmen,</strong></span> 
     </span>
     <span class='ocr_line' id='line_1_40' title="bbox 199 2494 1624 2541; baseline 0.001 -13"><span class='ocrx_word' id='word_1_355' title='bbox 199 2495 347 2528; x_wconf 78' lang='lat' dir='ltr'><strong>minatur</strong></span> <span class='ocrx_word' id='word_1_356' title='bbox 370 2495 508 2528; x_wconf 87' lang='lat' dir='ltr'><strong>exitium</strong></span> <span class='ocrx_word' id='word_1_357' title='bbox 530 2494 726 2539; x_wconf 83' lang='lat' dir='ltr'><strong>pudicarum</strong></span> <span class='ocrx_word' id='word_1_358' title='bbox 749 2496 941 2539; x_wconf 84' lang='lat' dir='ltr'><strong>mulierum,</strong></span> <span class='ocrx_word' id='word_1_359' title='bbox 976 2509 1154 2541; x_wconf 84' lang='lat' dir='ltr'><strong>casumque</strong></span> <span class='ocrx_word' id='word_1_360' title='bbox 1185 2498 1195 2529; x_wconf 90' lang='lat' dir='ltr'><strong>i</strong></span> <span class='ocrx_word' id='word_1_361' title='bbox 1222 2497 1251 2530; x_wconf 90' lang='lat' dir='ltr'><strong>si</strong></span> <span class='ocrx_word' id='word_1_362' title='bbox 1283 2497 1457 2540; x_wconf 80' lang='lat' dir='ltr'><strong>Augustae</strong></span> <span class='ocrx_word' id='word_1_363' title='bbox 1483 2496 1624 2540; x_wconf 77' lang='lat' dir='ltr'><strong>eiusque</strong></span> 
     </span>
     <span class='ocr_line' id='line_1_41' title="bbox 198 2510 1621 2587; baseline 0 -15"><span class='ocrx_word' id='word_1_364' title='bbox 198 2540 331 2573; x_wconf 83' lang='lat' dir='ltr'><strong>liberis.</strong></span> <span class='ocrx_word' id='word_1_365' title='bbox 379 2541 512 2584; x_wconf 84' lang='lat' dir='ltr'><strong>eritque</strong></span> <span class='ocrx_word' id='word_1_366' title='bbox 535 2539 718 2573; x_wconf 85' lang='lat' dir='ltr'><strong>deminutio</strong></span> <span class='ocrx_word' id='word_1_367' title='bbox 741 2541 910 2581; x_wconf 78' lang='lat' dir='ltr'><strong>tribuum3</strong></span> <span class='ocrx_word' id='word_1_368' title='bbox 933 2542 1014 2575; x_wconf 80' lang='lat' dir='ltr'><strong>vitis</strong></span> <span class='ocrx_word' id='word_1_369' title='bbox 1044 2554 1137 2587; x_wconf 83' lang='lat' dir='ltr'><strong>spem</strong></span> <span class='ocrx_word' id='word_1_370' title='bbox 1166 2510 1277 2582; x_wconf 77' lang='lat' dir='ltr'><strong>sailet3</strong></span> <span class='ocrx_word' id='word_1_371' title='bbox 1301 2540 1508 2574; x_wconf 72' lang='lat' dir='ltr'><strong>calamitates</strong></span> <span class='ocrx_word' id='word_1_372' title='bbox 1530 2541 1621 2573; x_wconf 76' lang='lat' dir='ltr'><strong>affli-</strong></span> 
     </span>
     <span class='ocr_line' id='line_1_42' title="bbox 199 2585 1622 2631; baseline 0.001 -14"><span class='ocrx_word' id='word_1_373' title='bbox 199 2590 283 2628; x_wconf 81' lang='lat' dir='ltr'><strong>gent</strong></span> <span class='ocrx_word' id='word_1_374' title='bbox 304 2585 456 2628; x_wconf 85' lang='lat' dir='ltr'><strong>virgines</strong></span> <span class='ocrx_word' id='word_1_375' title='bbox 479 2597 520 2619; x_wconf 82' lang='lat' dir='ltr'><strong><em>ac</em></strong></span> <span class='ocrx_word' id='word_1_376' title='bbox 542 2591 733 2629; x_wconf 73' lang='lat' dir='ltr'><strong>matronas,</strong></span> <span class='ocrx_word' id='word_1_377' title='bbox 764 2586 849 2619; x_wconf 79' lang='lat' dir='ltr'><strong>adeo</strong></span> <span class='ocrx_word' id='word_1_378' title='bbox 873 2591 911 2619; x_wconf 90' lang='lat' dir='ltr'><strong><em>ut</em></strong></span> <span class='ocrx_word' id='word_1_379' title='bbox 934 2587 987 2620; x_wconf 79' lang='lat' dir='ltr'><strong>vel</strong></span> <span class='ocrx_word' id='word_1_380' title='bbox 1008 2587 1044 2620; x_wconf 88' lang='lat' dir='ltr'><strong><em>in</em></strong></span> <span class='ocrx_word' id='word_1_381' title='bbox 1068 2591 1271 2631; x_wconf 81' lang='lat' dir='ltr'><strong>potestatem</strong></span> <span class='ocrx_word' id='word_1_382' title='bbox 1293 2586 1439 2619; x_wconf 88' lang='lat' dir='ltr'><strong>hostium</strong></span> <span class='ocrx_word' id='word_1_383' title='bbox 1457 2590 1622 2619; x_wconf 75' lang='lat' dir='ltr'><strong>venturae</strong></span> 
     </span>
     <span class='ocr_line' id='line_1_43' title="bbox 202 2629 284 2663; baseline 0.012 -1"><span class='ocrx_word' id='word_1_384' title='bbox 202 2629 284 2663; x_wconf 82' lang='lat' dir='ltr'><strong>sint.</strong></span> 
     </span>
    </p>

    <p class='ocr_par' dir='ltr' id='par_1_11' title="bbox 201 2674 1621 2810">
     <span class='ocr_line' id='line_1_44' title="bbox 292 2674 1621 2718; baseline 0.001 -11"><span class='ocrx_word' id='word_1_385' title='bbox 292 2675 373 2707; x_wconf 90' lang='lat' dir='ltr'><strong><em>Sol</em></strong></span> <span class='ocrx_word' id='word_1_386' title='bbox 403 2674 532 2708; x_wconf 89' lang='lat' dir='ltr'><strong>libra.</strong></span> <span class='ocrx_word' id='word_1_387' title='bbox 578 2674 650 2708; x_wconf 78' lang='lat' dir='ltr'><strong>sole</strong></span> <span class='ocrx_word' id='word_1_388' title='bbox 677 2674 798 2707; x_wconf 78' lang='lat' dir='ltr'><strong>libram</strong></span> <span class='ocrx_word' id='word_1_389' title='bbox 827 2674 981 2718; x_wconf 80' lang='lat' dir='ltr'><strong>ingresso</strong></span> <span class='ocrx_word' id='word_1_390' title='bbox 1010 2675 1040 2709; x_wconf 85' lang='lat' dir='ltr'><strong>si</strong></span> <span class='ocrx_word' id='word_1_391' title='bbox 1067 2675 1192 2709; x_wconf 77' lang='lat' dir='ltr'><strong>accidit</strong></span> <span class='ocrx_word' id='word_1_392' title='bbox 1219 2680 1257 2708; x_wconf 90' lang='lat' dir='ltr'><strong><em>ut</em></strong></span> <span class='ocrx_word' id='word_1_393' title='bbox 1287 2675 1412 2708; x_wconf 86' lang='lat' dir='ltr'><strong>fulmen</strong></span> <span class='ocrx_word' id='word_1_394' title='bbox 1435 2674 1621 2717; x_wconf 76' lang='lat' dir='ltr'><strong>delabatur,</strong></span> 
     </span>
     <span class='ocr_line' id='line_1_45' title="bbox 202 2718 1621 2765; baseline 0 -14"><span class='ocrx_word' id='word_1_395' title='bbox 202 2719 382 2762; x_wconf 82' lang='lat' dir='ltr'><strong>iniquitas,</strong></span> <span class='ocrx_word' id='word_1_396' title='bbox 407 2719 571 2762; x_wconf 82' lang='lat' dir='ltr'><strong>avaritia,</strong></span> <span class='ocrx_word' id='word_1_397' title='bbox 600 2719 744 2752; x_wconf 79' lang='lat' dir='ltr'><strong>ambitus</strong></span> <span class='ocrx_word' id='word_1_398' title='bbox 768 2718 1021 2763; x_wconf 80' lang='lat' dir='ltr'><strong>cuiusquemodi</strong></span> <span class='ocrx_word' id='word_1_399' title='bbox 1048 2720 1211 2754; x_wconf 84' lang='lat' dir='ltr'><strong>invadent</strong></span> <span class='ocrx_word' id='word_1_400' title='bbox 1231 2731 1302 2753; x_wconf 87' lang='lat' dir='ltr'><strong>rem</strong></span> <span class='ocrx_word' id='word_1_401' title='bbox 1325 2719 1510 2765; x_wconf 78' lang='lat' dir='ltr'><strong>publicam,</strong></span> <span class='ocrx_word' id='word_1_402' title='bbox 1537 2720 1621 2752; x_wconf 78' lang='lat' dir='ltr'><strong>adeo</strong></span> 
     </span>
     <span class='ocr_line' id='line_1_46' title="bbox 201 2763 1621 2810; baseline -0.001 -14"><span class='ocrx_word' id='word_1_403' title='bbox 201 2770 239 2797; x_wconf 87' lang='lat' dir='ltr'><strong><em>ut</em></strong></span> <span class='ocrx_word' id='word_1_404' title='bbox 269 2765 312 2798; x_wconf 86' lang='lat' dir='ltr'><strong><em>ad</em></strong></span> <span class='ocrx_word' id='word_1_405' title='bbox 341 2764 434 2810; x_wconf 84' lang='lat' dir='ltr'><strong>ipsas</strong></span> <span class='ocrx_word' id='word_1_406' title='bbox 457 2764 641 2808; x_wconf 76' lang='lat' dir='ltr'><strong>religiones</strong></span> <span class='ocrx_word' id='word_1_407' title='bbox 663 2764 788 2798; x_wconf 82' lang='lat' dir='ltr'><strong>iniuria</strong></span> <span class='ocrx_word' id='word_1_408' title='bbox 809 2770 1017 2809; x_wconf 77' lang='lat' dir='ltr'><strong>perventura</strong></span> <span class='ocrx_word' id='word_1_409' title='bbox 1037 2764 1096 2799; x_wconf 86' lang='lat' dir='ltr'><strong>sit.</strong></span> <span class='ocrx_word' id='word_1_410' title='bbox 1143 2765 1237 2799; x_wconf 74' lang='lat' dir='ltr'><strong>cives</strong></span> <span class='ocrx_word' id='word_1_411' title='bbox 1262 2765 1344 2799; x_wconf 90' lang='lat' dir='ltr'><strong>boni</strong></span> <span class='ocrx_word' id='word_1_412' title='bbox 1367 2775 1389 2798; x_wconf 78' lang='lat' dir='ltr'><strong>a</strong></span> <span class='ocrx_word' id='word_1_413' title='bbox 1411 2763 1621 2808; x_wconf 73' lang='lat' dir='ltr'><strong>principibus</strong></span> 
     </span>
    </p>
   </div>
  </div>
 </body>
</html>
