1748 3210
261 208 355 256 160
667 222 672 227 ·
775 206 995 255 IOANNIS
1028 207 1159 250 LYm
1177 219 1179 221 ’
1195 218 1198 225 ·

257 319 407 372 θόντα,
440 316 561 373 νόμον
581 317 807 373 Ἀθηναίοις
832 317 989 375 γράψαι
1015 323 1192 361 τοιοῦτον
1217 318 1316 363 ὥστε
1337 320 1392 371 εἷς
1411 327 1515 379 τρεῖς
1528 323 1673 380 μοίρας

256 390 330 442 τὴν
358 389 554 429 πολιτείαν
577 386 881 436 διατάττεσθαι,
916 389 970 436 εἷς
989 386 1244 442 εὐπατρίδας,
1278 387 1322 429 οἳ
1337 391 1423 446 περὶ
1442 392 1585 446 σοφίαν
1606 393 1672 432 καὶ

262 454 403 510 λόγους
424 453 631 508 ἐσχόλαζον
639 484 652 504 ,
687 453 870 510 δευτέραν
894 454 936 494 δὲ
955 453 1026 507 τὴν
1043 452 1253 509 γεωργικὴν
1271 452 1354 508 ἅμα
1369 457 1434 497 καὶ
1453 456 1672 512 πρόμαχον,

262 521 485 578 τρίτηντὴν
504 519 706 573 βάναυσον
725 522 791 561 καὶ
808 520 1056 576 τεχνουργόν·
1090 520 1161 574 τὴν
1183 520 1225 561 δὲ
1241 521 1339 573 μετὰ
1358 520 1503 572 ταύτας
1520 523 1672 577 ἄτιμον,

261 590 304 638 ἐξ
320 583 368 641 ἧς
388 588 424 628 οἳ
443 589 566 640 δῆθεν
580 588 875 644 χρειωδέστεροι
893 590 936 630 ’ἐν
958 595 1038 638 τοῖς
1059 594 1280 644 γεωργικοῖς
1301 586 1385 640 ἅμα
1404 591 1468 632 καὶ
1489 592 1704 644 μαχίμοις5

261 653 553 710 προσήδρευον,
588 652 837 703 δουλεύοντες
868 656 1000 705 αὐτοῖς
1028 657 1093 696 καὶ
1125 655 1170 697 τὸ
1204 659 1383 708 πολεμεῖν
1400 657 1476 697 καὶ
1498 664 1676 713 γεωργεῖν

262 719 552 774 διδασκόμενοι.
619 720 943 774 τούτουςἾταλοὶ
971 725 1136 778 τίρωνας
1158 720 1345 763 ἐκάλεσαν
1366 721 1535 765 ἀπὸ-τοῦ
1557 725 1678 779 τείρε-

262 792 363 830 σθαι
386 790 451 829 καὶ
470 793 731 844 ταλαιπωρεῖν
754 791 793 830 ἐν
816 794 872 846 τῷ
897 789 1104 831 δουλεύειν.
1165 789 1496 844 Ἀθηναίουςὲγὰρ
1515 789 1555 831 ἓν
1575 788 1679 831 ἅπα-

262 872 325 896 σιν
346 856 384 896 οἳ
401 853 594 908 “Ρωμαῖοι
618 854 860 909 ζηλώσαντες
889 856 992 898 οὕτω
1020 859 1087 898 καὶ
1111 856 1222 898 αὐτοὶ
1243 856 1311 898 τὸν
1334 858 1460 909 δῆμον
1481 857 1681 910 διέθηκαν.

262 920 386 977 ταύτῃ
419 921 495 978 γὰρ
530 923 602 978 καὶΙ
627 924 787 978 τρίβους
818 924 889 973 τὰς
921 924 1050 980 φυλὰς
1073 922 1332 977 ἐπωνόμασαν
1351 924 1393 965 ἐκ
1413 925 1680 979 τῆςεῖςτρεῖς
1691 928 1734 964 10

261 989 407 1046 μοίρας
425 993 496 1042 τῆς
513 992 708 1039 πολιτείας
724 993 926 1046 διανομῆς.
962 1003 964 1005 ’

397 1085 477 1148 48.
544 1089 628 1129 Καὶ
654 1084 761 1132 οὗτοι
790 1092 861 1144 μὲν
890 1091 931 1131 ἔκ
961 1087 1194 1145 προσθήκης
1222 1086 1472 1142 ἐτάχθησαν,
1506 1086 1560 1137 ὥς
1585 1104 1686 1137 τινες
1715 1125 1718 1129 .

262 1158 342 1197 τῶν
358 1155 580 1209 ’ἱστορικῶν
609 1159 752 1212 φασίν,
785 1156 861 1197 ὑπὸ
888 1158 1055 1211 Μαρίου
1081 1161 1152 1198 τοῦ
1177 1156 1341 1211 ὕστερον
1359 1153 1685 1210 τυραννήσαντος.

265 1223 302 1263 οἳ
334 1222 377 1263 δὲ
410 1221 602 1262 ἀνέκαθεν
635 1227 691 1280 τῷ
728 1223 909 1279 ἶππάρχῳ
944 1221 1124 1276 ἑπόμενοι
1156 1226 1361 1278 προμῶται
1393 1222 1494 1263 καθ’
1522 1219 1685 1275 ’ὁμαλοῦ

255 1286 643 1343 ’προσηγορεύθησαν
651 1321 664 1340 ,
700 1294 935 1338 συνεστῶτες
965 1292 1019 1338 εἷς
1047 1287 1231 1343 τάγματα
1254 1289 1448 1344 τέσσαρα,
1480 1287 1683 1344 βιάρχους,
1698 1294 1740 1330 15

266 1355 572 1410 δουκηναριόυς,
606 1358 887 1412 κεντουρίωνας
1572 1348 1574 1351 ‚

265 1421 337 1475 μὲν
354 1420 510 1462 πάντων
530 1423 624 1478 δέκα
644 1423 715 1476 μὲν
737 1422 953 1479 δήμαρχοι,
989 1420 1061 1464 δύο
1082 1422 1124 1464 δὲ
1143 1420 1286 1463 ὕπατοι
1309 1421 1375 1463 καὶ
1396 1419 1497 1463 ὂκτὼ
1514 1419 1690 1477 πραίτω-

266 1505 332 1543 ρες
353 1489 418 1529 καὶ
437 1486 481 1536 ’ἐξ
504 1489 743 1546 ἀγορανόμοι
761 1492 821 1533 ἐπὶ
841 1494 910 1544 τῆς
929 1487 1078 1538 πόλεως
1098 1489 1306 1542 ἆπέμειναν
1322 1490 1387 1530 καὶ
1404 1486 1531 1541 μόνοι.
1556 1490 1690 1529 ’ταῦτα

265 1553 287 1595 ὅ
306 1553 562 1607 Πομπώνιος,
586 1555 640 1606 ὡς
657 1557 768 1607 ἔοικε,
791 1557 835 1598 τὸ
858 1560 1014 1609 πλῆθος
1033 1558 1098 1597 καὶ
1120 1558 1293 1609 ποικίλον
1315 1559 1387 1609 τῆς
1407 1548 1580 1610 ἱστορίας
1594 1555 1690 1595 δια-

267 1619 415 1676 φυγών.
484 1619 505 1661 ὅ
525 1639 566 1677 γε
583 1624 663 1676 μὴν
686 1623 908 1672 Οὐλπιανὸς
926 1625 965 1664 ἓν
980 1630 1062 1672 τοῖς
1080 1622 1419 1678 προγραφομένοις
1429 1623 1744 1677 ’Προτριβου-Ξο

266 1689 415 1737 ναλιόις
444 1691 683 1747 λεπτοτέρως
710 1691 802 1740 τοὺς
833 1692 922 1746 περὶ
953 1695 1032 1732 τῶν
1061 1690 1294 1746 πραιτώριον
1329 1691 1509 1746 διεξῆλθε
1538 1687 1691 1746 λόγους,

355 1819 400 1854 14
421 1815 607 1862 ἀνέθηκαν
626 1818 667 1851 C.
792 1818 833 1852 15
851 1814 1174 1861 προηγορεύθησαν
1198 1817 1239 1850 C.
1358 1816 1400 1850 16
1423 1817 1469 1850 ef.
1487 1816 1510 1850 3
1531 1816 1555 1850 2
1576 1818 1612 1849 et
1632 1816 1691 1851 21.

354 1865 567 1898 desideratur
600 1863 698 1896 huius
730 1862 854 1907 capitis
887 1869 1037 1896 extrema
1071 1869 1106 1896 et
1137 1861 1311 1906 sequentis
1351 1862 1418 1904 (de
1450 1861 1691 1906 praetoribus)

355 1909 464 1943 maior
481 1920 574 1953 pars.
619 1909 656 1942 in
679 1909 808 1951 codice,
836 1912 873 1942 ut
893 1908 1013 1942 videre
1035 1908 1136 1951 licet,
1172 1908 1238 1940 duo
1261 1906 1346 1941 folia
1368 1910 1503 1940 resecta
1523 1910 1614 1940 sunt.
1646 1905 1678 1939 F

358 1955 400 1989 19
423 1965 535 1987 nonne
557 1951 788 1996 ὃιωφεύγωνῒ

269 2064 363 2099 sibus
384 2064 540 2107 dedisse,
564 2069 604 2098 ut
627 2069 698 2098 tres
717 2067 832 2108 partes
853 2062 1003 2096 civitatis
1032 2062 1296 2104 constituerent,
1318 2072 1417 2095 unam
1442 2072 1695 2106 generosorum,

269 2110 330 2153 qui
349 2109 538 2153 sapientiae
557 2109 735 2152 literisque
759 2109 925 2141 vacabant
938 2134 947 2150 ,
981 2107 1119 2140 alteram
1143 2118 1256 2140 eorum
1276 2107 1335 2150 qui
1353 2106 1522 2150 agricolae
1543 2106 1640 2140 simul
1660 2110 1696 2140 et

267 2153 411 2196 milites,
445 2154 582 2186 tertiam
602 2154 760 2197 opificum
780 2159 882 2196 atque
902 2153 1067 2185 artificum
1080 2179 1089 2195 ,
1121 2151 1244 2186 ceteris
1268 2153 1310 2185 ab
1331 2151 1459 2184 honore
1476 2151 1640 2193 exclusis3
1675 2163 1696 2184 e

271 2197 394 2242 quibus
414 2198 445 2230 si
469 2198 527 2240 qui
551 2204 649 2231 erant
668 2198 841 2239 utiliores,
865 2197 1022 2240 agricolis
1043 2198 1232 2241 iisdemque
1253 2196 1412 2230 militibus
1434 2196 1542 2229 iuncti
1563 2196 1696 2230 servie-

270 2244 376 2285 bant,
410 2241 599 2286 bellumque
634 2248 669 2276 et
700 2242 937 2286 agriculturam
966 2243 1187 2276 docebantur.
1233 2243 1295 2275 hos
1317 2241 1395 2274 Itali
1415 2241 1565 2285 tirones,
1599 2240 1696 2285 quasi

270 2298 471 2321 aerumnosa
498 2287 534 2319 in
562 2288 730 2320 servitute
755 2288 877 2329 tritos,
911 2287 1082 2321 dixerunt.
1128 2287 1353 2321 Athenienses
1376 2286 1464 2319 enim
1486 2286 1523 2318 in
1543 2286 1697 2319 omnibus

270 2331 395 2366 imitati
424 2332 567 2365 Romani
600 2338 636 2365 et
665 2332 733 2376 ipsi
763 2332 935 2365 civitatem
967 2332 1016 2365 ita
1046 2333 1264 2366 constituere.
1311 2330 1436 2364 etenim
1459 2330 1538 2363 hinc
1561 2340 1697 2374 quoque

270 2377 381 2430 uzibus
408 2376 525 2422 populi
549 2382 664 2421 partes
698 2376 939 2421 appellavere,
973 2377 1104 2411 scilicet
1133 2389 1154 2411 a
1185 2375 1334 2411 civitatis
1355 2375 1392 2410 in
1411 2380 1483 2409 tres
1505 2379 1621 2420 partes
1642 2373 1696 2408 di-

273 2433 421 2456 vlsmne.

361 2498 418 2533 48.
464 2499 514 2533 Et
543 2499 584 2536 *hi
619 2499 755 2543 quidem
789 2502 947 2543 tanquam
980 2499 1262 2541 additamentum,
1300 2501 1339 2531 ut
1369 2496 1520 2531 nonnulli
1542 2495 1698 2531 historici

268 2545 444 2587 referunt,
483 2556 503 2578 a
537 2544 667 2588 Mario,
707 2544 765 2588 qui
798 2549 961 2587 tyrannus
995 2550 1115 2588 postea
1146 2543 1274 2587 evasit,
1311 2542 1499 2576 constituti.
1561 2541 1589 2575 ii
1613 2552 1697 2576 vero

273 2589 334 2633 qui
352 2589 432 2622 inde
469 2589 512 2622 ab
550 2589 649 2623 initio
684 2589 880 2633 magistrum
916 2589 1065 2633 equitum
1096 2587 1224 2630 secuti,
1261 2587 1427 2621 communi
1454 2586 1588 2621 nomine
1615 2597 1705 2630 pro-7

273 2634 358 2668 moti
382 2633 543 2677 appellati
567 2639 665 2676 sunt3
695 2646 836 2680 quorum
857 2640 955 2668 erant
973 2639 1134 2678 quattuor
1151 2633 1304 2678 ordines,
1333 2631 1487 2677 biarchi,
1511 2630 1700 2674 ducenarii,

274 2679 492 2712 centuriones
641 2700 667 2718 ,,,

274 2724 392 2757 decem
421 2723 570 2767 tribuni,
601 2725 669 2758 duo
702 2724 877 2767 consules,
911 2727 986 2757 octo
1009 2726 1186 2767 praetores
1213 2726 1248 2757 et
1273 2734 1335 2756 sex
1358 2721 1485 2756 aediles
1509 2723 1639 2755 tantum
1661 2718 1697 2752 in

273 2770 359 2802 urbe
382 2769 574 2803 manebant.
619 2769 705 2802 haec
725 2768 949 2813 Pomponius,
982 2768 1131 2811 evitata,
1164 2772 1202 2802 ut
1220 2768 1378 2810 videtur,
1408 2766 1506 2812 copia
1528 2769 1564 2800 et
1582 2765 1698 2798 varie-

272 2816 346 2847 tate
374 2812 551 2848 historiae.
595 2814 764 2859 Ulpianus
792 2820 924 2858 autem,
955 2813 991 2847 in
1014 2812 1058 2847 iis
1081 2825 1169 2858 quae
1190 2811 1443 2848 Protribunalia
1457 2809 1698 2852 imcfibmtur,
