1748 3210
237 179 331 223 350
753 179 971 223 lomus
1004 178 1135 243 mm

233 289 406 344 νημένων
439 288 707 348 ἐργαζόμενοι,
742 291 938 345 ἶζηματίαι
963 291 1007 332 δὲ
1029 289 1072 332 οἳ
1087 295 1169 339 τοῖς
1189 287 1402 345 κοιλώμασι
1425 292 1498 348 τὴν
1521 291 1644 349 ὕπερ·

235 359 410 412 κειμένην
439 360 703 407 εἴσκαθιζουσι
728 362 822 412 γῆν,
855 357 994 413 ῥῆκται
1023 358 1066 399 δὲ
1091 357 1128 398 οἶ
1156 357 1228 407 τὰς
1250 358 1479 409 καταπόσεις
1504 361 1570 401 καὶ
1593 359 1644 400 τὰ

230 423 419 478 χάσματα
452 422 703 477 ὁιαπηδώσης
726 428 796 478 τῆς
820 429 891 479 γῆς
916 425 1196 477 ἀποσχίζοντες.
1263 422 1318 464 ἔτι
1338 429 1414 467 τῶν
1432 425 1582 482 ῥηκτῶν
1606 425 1645 466 οἳ

235 492 306 543 μὲν
327 489 526 542 πνιύματα
550 490 838 543 ἀναβάλλουσιν
844 522 857 542 ,
892 491 928 532 οἱ
950 492 992 532 δὲ
1014 489 1116 546 ὑγρὰ
1139 491 1204 531 καὶ
1223 487 1366 543 πηλόν,
1399 491 1438 532 οἶ
1456 493 1499 533 δὲ
1515 489 1644 545 μυκή-

231 573 359 610 ματα,
393 557 510 598 ἐνίοτε
533 557 604 610 μὲν
628 557 699 599 σὺν
721 562 881 614 σεισμῷ.
947 558 1064 600 ἐνίοτε
1086 557 1128 598 δὲ
1147 558 1212 598 καὶ
1235 555 1325 598 ἄνευ
1347 555 1487 598 τούτου
1507 555 1675 599 καλου-5

228 639 345 675 μενον
368 622 414 663 τὸ
438 628 590 676 πνεῦμα
619 626 685 665 καὶ
707 630 966 678 μετεμπῖπτον
986 622 1137 679 βρόμον
1157 640 1197 664 τε
1218 625 1284 664 καὶ
1302 621 1439 679 ψόφον
1457 622 1646 679 ῥηγνυμέ-

227 705 306 730 νων
336 693 451 730 τινῶν
484 688 569 743 (ὥς
593 691 722 744 εἰκὸς)
755 689 832 732 ὑπὸ
859 695 931 744 γῆν
955 695 1104 744 πετρῶν
1131 696 1244 731 ποιεῖ’.
1311 691 1570 743 συμβαίνουσι
1598 690 1644 731 δ’

228 754 285 803 ὥς
312 755 354 796 ἐκ
386 757 560 806 πλείονος
590 758 631 798 ἓν
662 757 748 813 ἴαρι
778 756 804 811 ἢ
836 758 875 798 ἓν
906 755 1144 812 μετοπώρῳ,
1178 757 1243 798 καὶ
1272 757 1434 815 νηνεμία
1452 754 1647 810 μᾶλλονῆ

230 821 383 875 ἀνέμων
409 827 538 881 φορᾷ,
571 825 658 878 περὶ
681 823 864 872 πλειάδος
886 825 951 864 καὶ
973 821 1191 879 ἀρκτούρου
1212 821 1403 876 ἐπιτολήν.

365 893 506 930 Ταῦτα
535 891 607 943 μὲν
635 889 683 931 ἄν
706 907 766 939 τις
787 891 885 946 πρὸς
908 890 980 939 τὰς
1002 890 1170 946 φυσικὰς
1191 890 1338 938 ἐννοίας
1359 889 1522 946 ἀφορῶν
1543 888 1645 930 elato-
1658 893 1699 927 10

230 955 338 1010 νίσῃ·
371 957 534 1014 προνοίᾳ
558 958 600 998 δὲ
619 956 726 1009 ὅμως
747 959 812 998 καὶ
834 958 1023 1013 ἐπισκοπῇ
1040 962 1111 1010 τῆς
1130 958 1239 1010 δίκης
1254 953 1382 998 πάντα
1398 957 1553 1010 γίνεται.
1599 954 1646 996 οὗ

229 1022 306 1076 γὰρ
343 1023 446 1078 εἲκῇ,
490 1024 569 1064 ἐπεὶ
604 1023 694 1065 τόδε
723 1023 767 1065 τὸ
795 1028 873 1064 πᾶν
898 1022 1031 1076 νόμοις
1059 1024 1131 1076 μὲν
1158 1028 1338 1079 φυσικοῖς
1366 1027 1646 1077 συγκροτεῖται,

231 1090 396 1145 προνοίᾳ
418 1089 461 1129 δὲ
477 1092 576 1130 θεοῦ
597 1092 661 1131 καὶ
682 1089 783 1146 λόγῳ
801 1094 911 1143 σιγῆς
927 1091 1098 1131 ἐπέκεινα
1117 1091 1327 1130 διοικεῖται.
1391 1087 1487 1130 ὅθεν
1505 1087 1551 1128 οὗ
1567 1085 1646 1140 μό-

228 1170 296 1195 νον
319 1155 428 1195 αὗτοὶ
452 1155 554 1195 καθ’
580 1154 744 1204 ἑαυτοὺς
763 1157 800 1195 οἱ
819 1157 971 1207 σεισμοὶ
985 1154 1204 1207 βλάπτουσι
1225 1155 1318 1204 τοὺς
1336 1154 1436 1196 καθ’
1461 1148 1514 1195 ὧν
1541 1170 1646 1206 συμ-

226 1222 453 1273 βαίνουσιν,
483 1221 586 1261 aaz&
612 1221 692 1274 μὴν
721 1224 784 1262 καὶ
815 1221 943 1262 ἄλλων
973 1219 1108 1277 πόρρω
1135 1237 1210 1262 που
1235 1218 1342 1277 τόπῳ
1369 1237 1411 1261 τε
1430 1222 1495 1261 καὶ
1511 1218 1642 1277 χρόνῳ
1657 1229 1698 1263 15

227 1287 487 1342 μεριζομένων
514 1289 682 1342 γίνονται
710 1290 877 1341 μηνυταὶ
908 1288 954 1329 οὐ
981 1289 1148 1342 μετρίων
1172 1291 1314 1328 κακῶν.
1380 1285 1439 1327 ὅτι
1467 1286 1512 1327 δὲ
1544 1284 1646 1328 οὕτω

226 1355 292 1394 καὶ
315 1354 386 1394 οὐκ
409 1353 536 1402 ἄλλως
557 1354 628 1407 τὴν
646 1355 820 1409 τυχηρὰν
848 1352 867 1395 ὁ
897 1356 982 1408 περὶ
1005 1355 1133 1396 αὐτῶν
1153 1352 1266 1408 λόγος
1286 1350 1467 1408 φεύξεται
1487 1350 1646 1404 aiffa--

225 1437 309 1469 σιν,
344 1421 386 1460 ἐκ
407 1425 484 1461 τῶν
503 1418 763 1474 ὑποκειμένων
784 1426 926 1475 γνῶναι
947 1419 1124 1462 δυνατόν.
1191 1419 1309 1468 αὐτὸς
1339 1418 1414 1474 γὰρ
1444 1419 1646 1468 Βικέλλιος

224 1485 245 1527 ὃ
260 1485 453 1541 Ῥωμαῖος
468 1487 510 1529 ἐκ
531 1492 608 1530 τῶν
630 1487 811 1543 Τάγητος
829 1489 970 1541 στίχων
1003 1489 1118 1543 (περὶ
1139 1481 1185 1528 οὗ
1204 1488 1268 1528 καὶ
1282 1483 1512 1539 Ἀπουλήιος
1529 1483 1645 1526 ἕστε-

313 1647 333 1680 1
357 1642 561 1688 κυκλώμασι
585 1646 629 1680 C.
798 1647 822 1680 2
844 1645 1063 1688 εἰκαθίζουσι
1085 1646 1127 1682 C.
1296 1644 1318 1680 5
1342 1640 1577 1687 πηλούμενον
1598 1643 1642 1678 C.

311 1691 334 1724 6
355 1690 580 1732 μεταπίπτον
602 1691 647 1723 R.
801 1692 823 1724 9
847 1692 974 1736 φθορᾷ
1001 1692 1043 1725 C.
1190 1691 1233 1725 10
1255 1689 1463 1730 εἰκονίζεται
1484 1689 1523 1722 S.
1568 1689 1643 1722 for-

309 1739 403 1768 tasse
425 1735 639 1768 scribendum
661 1732 844 1768 εἰκονίσαι.
868 1736 915 1769 Η.
1062 1736 1105 1769 12
1127 1733 1253 1778 μόνοις
1273 1735 1343 1768 CS.
1388 1733 1564 1777 legendum
1584 1738 1644 1766 aut

309 1776 437 1820 νόμοις
459 1784 537 1822 aut,
560 1784 599 1812 ut
619 1779 722 1813 habet
741 1779 791 1822 R,
817 1776 947 1822 λόγοις.
978 1779 1026 1814 Η.
1206 1780 1248 1814 13
1270 1778 1392 1821 σιγῆς]
1412 1789 1490 1811 num
1507 1775 1643 1820 τύχηςῖ

311 1822 440 1866 diune?
477 1823 524 1856 H.
705 1823 746 1859 15
782 1821 906 1858 τόπων
940 1835 979 1859 τε
1015 1822 1077 1858 καὶ
1112 1820 1252 1868 χρόνων
1291 1822 1442 1858 codices:
1485 1833 1562 1856 corr
1592 1822 1640 1856 Η.

313 1869 356 1903 17
379 1865 498 1911 αὐτήν
516 1868 607 1913 apud
623 1869 663 1903 S.

221 2010 466 2054 concutientes,
488 2010 547 2055 qui
567 2014 744 2045 tremorem
767 2014 882 2046 terrae
900 2012 1075 2046 ruinamve
1092 2022 1203 2045 rerum
1222 2013 1452 2054 quassatamm
1469 2008 1642 2051 efficiunt;

219 2057 455 2098 subsidentes,
477 2056 535 2099 qui
558 2056 593 2088 in
611 2068 696 2089 cava
714 2057 846 2090 humum
863 2063 1104 2100 superstratam
1122 2057 1324 2097 ‹letrudunt3
1347 2061 1559 2099 rumpentes,
1582 2054 1641 2098 qui

218 2101 400 2143 voragines
432 2105 466 2133 et
495 2100 607 2133 hiatus
631 2100 821 2134 dissiliente
844 2106 938 2134 terra
964 2103 1101 2134 ducunt.
1173 2111 1250 2133 orro
1268 2111 1311 2133 ex
1329 2099 1560 2144 rumpentibus
1582 2098 1642 2132 alii

219 2144 375 2189 spiritum
407 2150 581 2186 eructant,
610 2145 667 2178 alii
697 2146 853 2179 humores
876 2151 911 2178 et
930 2157 1091 2188 coenum,
1125 2145 1183 2179 aii
1204 2144 1370 2188 mugitus,
1402 2155 1475 2178 cum
1497 2154 1640 2188 quassa-

217 2190 311 2223 tione
330 2199 579 2232 nonnunquam.
624 2189 792 2222 interdum
810 2201 944 2233 quoque
956 2216 965 2232 ,
986 2192 1115 2234 absque
1134 2190 1215 2231 hac,
1241 2200 1451 2233 compressus
1474 2188 1639 2240 agitatus·

217 2245 284 2278 que
308 2234 372 2266 huc
396 2238 431 2267 et
453 2233 532 2266 illuc
555 2233 613 2266 aer
636 2234 805 2267 fremitum
825 2235 1060 2279 fragoremque
1079 2236 1262 2268 fractorum
1280 2234 1378 2278 quasi
1401 2234 1462 2276 (ut
1479 2234 1639 2274 Videtur)

217 2280 280 2312 sub
305 2284 398 2311 terra
422 2278 569 2322 lapidum
593 2278 676 2311 edit.
723 2285 901 2312 moventur
924 2285 1037 2313 terrae
1060 2280 1255 2324 plerumque
1277 2290 1360 2311 vere
1386 2278 1443 2311 vel
1469 2283 1639 2318 autumno,

216 2329 252 2356 et
274 2323 367 2356 caelo
392 2321 572 2366 tranquillo
594 2322 709 2367 potius
729 2333 828 2366 quam
846 2323 1054 2368 spirantibus
1079 2324 1212 2367 ventis,
1234 2323 1326 2357 circa
1347 2329 1456 2357 ortum
1477 2321 1638 2365 vergilia-

215 2378 288 2401 rum
307 2372 342 2400 et
361 2367 501 2401 arcturi.

303 2413 414 2456 Atque
446 2412 574 2455 istaec,
606 2411 756 2445 rationes
789 2412 949 2455 physicas
978 2413 1187 2458 respiciens,
1215 2411 1376 2445 coniiciat
1397 2409 1539 2454 aliquis:
1576 2409 1638 2443 sed

214 2460 327 2490 tamen
357 2456 573 2500 providentia
604 2461 706 2500 atque
738 2467 818 2490 cura
849 2468 995 2491 summae
1027 2458 1179 2491 iustitiae
1214 2457 1325 2490 omnia
1353 2460 1528 2499 geruntur.
1574 2465 1639 2488 nec

213 2513 296 2534 sane
320 2501 485 2543 fortuitu,
521 2500 789 2545 quandoquidem
813 2501 877 2534 hoc
903 2502 1096 2536 universum
1118 2502 1249 2546 legibus
1270 2499 1478 2534 naturalibus
1501 2510 1639 2542 compo-

213 2546 315 2579 situm
338 2549 390 2579 est
412 2546 566 2589 quidem,
604 2551 642 2578 at
670 2545 811 2579 consilio
838 2547 981 2580 numinis
1009 2553 1188 2591 menteque
1208 2545 1322 2579 silenti
1348 2544 1471 2578 dehinc
1492 2543 1638 2577 admini-

214 2596 355 2624 stratur.
402 2590 561 2634 quocirca
582 2601 649 2623 non
672 2590 777 2624 solum
797 2596 1020 2625 terraemotus
1044 2592 1111 2635 ipsi
1134 2602 1196 2634 per
1217 2601 1256 2624 se
1277 2591 1398 2623 damno
1421 2593 1501 2623 sunt
1515 2587 1560 2621 iis
1578 2587 1638 2622 ubi

213 2635 413 2678 contingunt
425 2661 434 2677 ‚
458 2636 519 2668 sed
537 2634 612 2667 aliis
632 2646 767 2679 quoque
787 2634 965 2669 intervallo
987 2636 1136 2669 locorum
1161 2640 1197 2668 et
1218 2641 1405 2679 temporum
1425 2632 1542 2677 procul
1564 2632 1636 2665 dis-

213 2679 338 2712 iunctis
370 2679 497 2713 indicia
520 2679 605 2712 fiunt
633 2691 699 2713 non
721 2679 937 2714 mediocrium
961 2680 1197 2714 calamitatum.
1242 2678 1571 2723 disputationemque
1592 2677 1637 2710 de

214 2724 258 2756 iis
281 2723 345 2757 hoc
369 2723 488 2766 modo,
517 2734 628 2767 neque
650 2724 769 2765 aliter,
793 2724 924 2759 evitare
946 2737 1047 2770 posse
1066 2736 1108 2758 ne
1127 2735 1227 2758 caeco
1251 2734 1331 2757 casu
1350 2722 1428 2768 rapi
1448 2722 1558 2756 omnia
1580 2721 1635 2754 di-

215 2773 352 2814 cantur,
385 2779 428 2803 ex
447 2768 636 2804 subiunctis
658 2768 803 2814 intelligi
825 2769 916 2804 licet.
962 2770 1038 2816 ipse
1062 2769 1150 2804 euim
1174 2768 1336 2804 vicellius
1359 2767 1446 2802 civis
1464 2767 1635 2802 Romanus
