<?xml version="1.0" encoding="UTF-8"?>
<!DOCTYPE html PUBLIC "-//W3C//DTD XHTML 1.0 Transitional//EN"
    "http://www.w3.org/TR/xhtml1/DTD/xhtml1-transitional.dtd">
<html xmlns="http://www.w3.org/1999/xhtml" xml:lang="en" lang="en">
 <head>
  <title>
</title>
<meta http-equiv="Content-Type" content="text/html;charset=utf-8" />
  <meta name='ocr-system' content='tesseract 3.04.00' />
  <meta name='ocr-capabilities' content='ocr_page ocr_carea ocr_par ocr_line ocrx_word'/>
</head>
<body>
  <div class='ocr_page' id='page_1' title='image "./corpusscriptorum27niebuoft/corpusscriptorum27niebuoft_0262.png"; bbox 0 0 1748 3210; ppageno 0'>
   <div class='ocr_carea' id='block_1_1' title="bbox 200 192 1104 241">
    <p class='ocr_par' dir='ltr' id='par_1_1' title="bbox 200 192 1104 241">
     <span class='ocr_line' id='line_1_1' title="bbox 200 192 1104 241; baseline 0 -1"><span class='ocrx_word' id='word_1_1' title='bbox 200 195 292 241; x_wconf 83' lang='lat'><strong>192</strong></span> <span class='ocrx_word' id='word_1_2' title='bbox 468 192 472 194; x_wconf 55' lang='grc'><strong>’</strong></span> <span class='ocrx_word' id='word_1_3' title='bbox 721 196 940 240; x_wconf 85' lang='lat' dir='ltr'><strong>IOANNIS</strong></span> <span class='ocrx_word' id='word_1_4' title='bbox 973 196 1104 240; x_wconf 88' lang='lat' dir='ltr'>LYDI</span> 
     </span>
    </p>
   </div>
   <div class='ocr_carea' id='block_1_2' title="bbox 195 305 1680 1762">
    <p class='ocr_par' dir='ltr' id='par_1_2' title="bbox 195 305 1680 1762">
     <span class='ocr_line' id='line_1_2' title="bbox 331 305 1619 365; baseline -0.002 -14"><span class='ocrx_word' id='word_1_5' title='bbox 331 307 409 352; x_wconf 81' lang='lat'><strong>28.</strong></span> <span class='ocrx_word' id='word_1_6' title='bbox 474 305 585 350; x_wconf 76' lang='grc' dir='ltr'><strong><em>Μετ’</em></strong></span> <span class='ocrx_word' id='word_1_7' title='bbox 613 307 756 348; x_wconf 71' lang='grc' dir='ltr'><strong><em>ἐκεῖνον</em></strong></span> <span class='ocrx_word' id='word_1_8' title='bbox 787 307 830 348; x_wconf 75' lang='grc' dir='ltr'><strong>δὲ</strong></span> <span class='ocrx_word' id='word_1_9' title='bbox 855 306 1064 349; x_wconf 84' lang='grc' dir='ltr'><strong><em>Ἰουστίνου</em></strong></span> <span class='ocrx_word' id='word_1_10' title='bbox 1097 307 1138 348; x_wconf 77' lang='grc' dir='ltr'><strong>ἓν</strong></span> <span class='ocrx_word' id='word_1_11' title='bbox 1166 305 1307 365; x_wconf 71' lang='grc' dir='ltr'><strong><em>ἦσυχίᾳ</em></strong></span> <span class='ocrx_word' id='word_1_12' title='bbox 1339 309 1522 361; x_wconf 73' lang='grc' dir='ltr'><em>βιοῦντος</em></span> <span class='ocrx_word' id='word_1_13' title='bbox 1551 308 1619 350; x_wconf 76' lang='grc' dir='ltr'><strong><em>καὶ</em></strong></span> 
     </span>
     <span class='ocr_line' id='line_1_3' title="bbox 196 371 1619 431; baseline 0.001 -16"><span class='ocrx_word' id='word_1_14' title='bbox 196 374 320 428; x_wconf 68' lang='grc' dir='ltr'><strong><em>μηδὲν</em></strong></span> <span class='ocrx_word' id='word_1_15' title='bbox 344 373 530 430; x_wconf 81' lang='grc' dir='ltr'><strong><em>νεώτερον</em></strong></span> <span class='ocrx_word' id='word_1_16' title='bbox 550 372 771 428; x_wconf 71' lang='grc' dir='ltr'><strong><em>ἐξευρόντος</em></strong></span> <span class='ocrx_word' id='word_1_17' title='bbox 778 405 791 424; x_wconf 86' lang='lat'><em>,</em></span> <span class='ocrx_word' id='word_1_18' title='bbox 826 371 847 415; x_wconf 84' lang='grc' dir='ltr'><em>ὃ</em></span> <span class='ocrx_word' id='word_1_19' title='bbox 870 374 970 426; x_wconf 86' lang='grc' dir='ltr'><strong><em>μετὰ</em></strong></span> <span class='ocrx_word' id='word_1_20' title='bbox 989 378 1132 424; x_wconf 79' lang='grc' dir='ltr'><strong><em>ταῦτα,</em></strong></span> <span class='ocrx_word' id='word_1_21' title='bbox 1166 374 1402 429; x_wconf 77' lang='grc' dir='ltr'><strong><em>ἀδελφιδοῦς</em></strong></span> <span class='ocrx_word' id='word_1_22' title='bbox 1424 374 1530 431; x_wconf 73' lang='grc' dir='ltr'><strong><em>αὐτῷ</em></strong></span> <span class='ocrx_word' id='word_1_23' title='bbox 1551 391 1619 428; x_wconf 84' lang='grc' dir='ltr'><strong><em>γε-</em></strong></span> 
     </span>
     <span class='ocr_line' id='line_1_4' title="bbox 197 439 1617 496; baseline 0 -14"><span class='ocrx_word' id='word_1_24' title='bbox 197 440 380 493; x_wconf 85' lang='grc' dir='ltr'><strong><em>νόμενος,</em></strong></span> <span class='ocrx_word' id='word_1_25' title='bbox 414 445 492 481; x_wconf 79' lang='grc' dir='ltr'><strong>πᾶν</strong></span> <span class='ocrx_word' id='word_1_26' title='bbox 525 439 546 480; x_wconf 83' lang='grc' dir='ltr'>ὅ</span> <span class='ocrx_word' id='word_1_27' title='bbox 577 458 615 481; x_wconf 85' lang='grc' dir='ltr'><strong>τι</strong></span> <span class='ocrx_word' id='word_1_28' title='bbox 641 439 839 496; x_wconf 81' lang='grc' dir='ltr'><strong><em>χρήσιμον</em></strong></span> <span class='ocrx_word' id='word_1_29' title='bbox 867 447 1076 496; x_wconf 75' lang='grc' dir='ltr'><em>περιποιεῖν</em></span> <span class='ocrx_word' id='word_1_30' title='bbox 1100 446 1181 489; x_wconf 77' lang='grc' dir='ltr'><strong><em>τοῖς</em></strong></span> <span class='ocrx_word' id='word_1_31' title='bbox 1203 447 1345 490; x_wconf 82' lang='grc' dir='ltr'><strong><em>κοινοῖς</em></strong></span> <span class='ocrx_word' id='word_1_32' title='bbox 1363 439 1617 496; x_wconf 70' lang='grc' dir='ltr'><strong><em>ἐπειγόμενος,</em></strong></span> 
     </span>
     <span class='ocr_line' id='line_1_5' title="bbox 196 505 1618 563; baseline 0 -15"><span class='ocrx_word' id='word_1_33' title='bbox 196 507 292 561; x_wconf 79' lang='grc' dir='ltr'><strong><em>ὅλην</em></strong></span> <span class='ocrx_word' id='word_1_34' title='bbox 321 525 361 548; x_wconf 84' lang='grc' dir='ltr'><strong><em>τε</em></strong></span> <span class='ocrx_word' id='word_1_35' title='bbox 392 507 462 560; x_wconf 80' lang='grc' dir='ltr'><strong>τὴν</strong></span> <span class='ocrx_word' id='word_1_36' title='bbox 495 506 623 561; x_wconf 77' lang='grc' dir='ltr'><strong><em>ὀφρὺν</em></strong></span> <span class='ocrx_word' id='word_1_37' title='bbox 651 511 721 560; x_wconf 81' lang='grc' dir='ltr'><strong><em>τῆς</em></strong></span> <span class='ocrx_word' id='word_1_38' title='bbox 752 508 919 563; x_wconf 77' lang='grc' dir='ltr'><strong><em>ἀρχαίας</em></strong></span> <span class='ocrx_word' id='word_1_39' title='bbox 942 506 1073 561; x_wconf 73' lang='grc' dir='ltr'><strong><em>ὅψεως</em></strong></span> <span class='ocrx_word' id='word_1_40' title='bbox 1095 505 1409 560; x_wconf 76' lang='grc' dir='ltr'><strong><em>ἀνακαλούμενος</em></strong></span> <span class='ocrx_word' id='word_1_41' title='bbox 1415 539 1429 559; x_wconf 99' lang='grc'><strong><em>,</em></strong></span> <span class='ocrx_word' id='word_1_42' title='bbox 1463 512 1618 563; x_wconf 85' lang='grc' dir='ltr'><strong><em>πρῶτον</em></strong></span> 
     </span>
     <span class='ocr_line' id='line_1_6' title="bbox 196 571 1651 631; baseline -0.001 -16"><span class='ocrx_word' id='word_1_43' title='bbox 196 575 267 628; x_wconf 76' lang='grc' dir='ltr'><strong>μὲν</strong></span> <span class='ocrx_word' id='word_1_44' title='bbox 282 575 410 628; x_wconf 70' lang='grc' dir='ltr'><strong><em>ἐξεῦρε</em></strong></span> <span class='ocrx_word' id='word_1_45' title='bbox 432 574 500 615; x_wconf 83' lang='grc' dir='ltr'><strong>τὸν</strong></span> <span class='ocrx_word' id='word_1_46' title='bbox 522 571 726 628; x_wconf 82' lang='grc' dir='ltr'><strong><em>λεγόμενον</em></strong></span> <span class='ocrx_word' id='word_1_47' title='bbox 750 579 820 628; x_wconf 84' lang='grc' dir='ltr'><strong><em>τῆς</em></strong></span> <span class='ocrx_word' id='word_1_48' title='bbox 837 576 1014 623; x_wconf 77' lang='grc' dir='ltr'><strong><em>Σκυθίας</em></strong></span> <span class='ocrx_word' id='word_1_49' title='bbox 1035 573 1226 630; x_wconf 70' lang='grc' dir='ltr'><strong><em>ὕπαρχον.</em></strong></span> <span class='ocrx_word' id='word_1_50' title='bbox 1293 574 1418 631; x_wconf 80' lang='grc' dir='ltr'><strong><em>σοφὸς</em></strong></span> <span class='ocrx_word' id='word_1_51' title='bbox 1443 575 1519 630; x_wconf 82' lang='grc' dir='ltr'><strong>γὰρ</strong></span> <span class='ocrx_word' id='word_1_52' title='bbox 1547 573 1613 624; x_wconf 78' lang='grc' dir='ltr'><strong>ὤν,</strong></span> <span class='ocrx_word' id='word_1_53' title='bbox 1627 586 1651 620; x_wconf 82' lang='grc'>5</span> 
     </span>
     <span class='ocr_line' id='line_1_7' title="bbox 198 638 1618 697; baseline -0.001 -15"><span class='ocrx_word' id='word_1_54' title='bbox 198 642 263 682; x_wconf 87' lang='grc' dir='ltr'><strong>καὶ</strong></span> <span class='ocrx_word' id='word_1_55' title='bbox 281 640 348 682; x_wconf 80' lang='grc' dir='ltr'><strong>διὰ</strong></span> <span class='ocrx_word' id='word_1_56' title='bbox 367 645 444 681; x_wconf 83' lang='grc' dir='ltr'><strong>τῶν</strong></span> <span class='ocrx_word' id='word_1_57' title='bbox 463 642 630 693; x_wconf 72' lang='grc' dir='ltr'><strong><em>βιβλίων</em></strong></span> <span class='ocrx_word' id='word_1_58' title='bbox 650 639 773 697; x_wconf 75' lang='grc' dir='ltr'><strong><em>εὖρὼν</em></strong></span> <span class='ocrx_word' id='word_1_59' title='bbox 794 639 848 690; x_wconf 79' lang='grc' dir='ltr'><strong><em>ὥς</em></strong></span> <span class='ocrx_word' id='word_1_60' title='bbox 875 641 1070 694; x_wconf 69' lang='grc' dir='ltr'><strong><em>εὐδαίμων</em></strong></span> <span class='ocrx_word' id='word_1_61' title='bbox 1088 642 1160 695; x_wconf 76' lang='grc' dir='ltr'><strong>μὲν</strong></span> <span class='ocrx_word' id='word_1_62' title='bbox 1180 639 1206 695; x_wconf 81' lang='grc' dir='ltr'><em>ἦ</em></span> <span class='ocrx_word' id='word_1_63' title='bbox 1222 638 1340 697; x_wconf 82' lang='grc' dir='ltr'><strong><em>χώρα</em></strong></span> <span class='ocrx_word' id='word_1_64' title='bbox 1359 647 1441 690; x_wconf 80' lang='grc' dir='ltr'><strong><em>τοῖς</em></strong></span> <span class='ocrx_word' id='word_1_65' title='bbox 1457 638 1618 696; x_wconf 80' lang='grc' dir='ltr'><strong><em>χρήμα-</em></strong></span> 
     </span>
     <span class='ocr_line' id='line_1_8' title="bbox 197 706 1620 763; baseline 0 -15"><span class='ocrx_word' id='word_1_66' title='bbox 197 724 259 748; x_wconf 89' lang='grc' dir='ltr'><strong>σιν</strong></span> <span class='ocrx_word' id='word_1_67' title='bbox 286 707 429 763; x_wconf 76' lang='grc' dir='ltr'><strong><em>ι’σχυρὰ</em></strong></span> <span class='ocrx_word' id='word_1_68' title='bbox 451 708 494 748; x_wconf 77' lang='grc' dir='ltr'><strong>δὲ</strong></span> <span class='ocrx_word' id='word_1_69' title='bbox 512 714 593 756; x_wconf 80' lang='grc' dir='ltr'><strong><em>τοῖς</em></strong></span> <span class='ocrx_word' id='word_1_70' title='bbox 613 706 747 757; x_wconf 84' lang='grc' dir='ltr'><strong><em>ὅπλοις</em></strong></span> <span class='ocrx_word' id='word_1_71' title='bbox 762 707 841 749; x_wconf 63' lang='grc' dir='ltr'><strong><em>ἔστι</em></strong></span> <span class='ocrx_word' id='word_1_72' title='bbox 861 725 902 749; x_wconf 81' lang='grc' dir='ltr'><strong><em>τε</em></strong></span> <span class='ocrx_word' id='word_1_73' title='bbox 922 713 991 748; x_wconf 83' lang='grc' dir='ltr'><strong>νῦν</strong></span> <span class='ocrx_word' id='word_1_74' title='bbox 1007 710 1071 749; x_wconf 84' lang='grc' dir='ltr'><strong>καὶ</strong></span> <span class='ocrx_word' id='word_1_75' title='bbox 1092 707 1213 749; x_wconf 88' lang='grc' dir='ltr'><strong><em>πάλαι</em></strong></span> <span class='ocrx_word' id='word_1_76' title='bbox 1233 708 1404 762; x_wconf 75' lang='grc' dir='ltr'><strong><em>γέγονεν,</em></strong></span> <span class='ocrx_word' id='word_1_77' title='bbox 1437 707 1486 761; x_wconf 78' lang='grc' dir='ltr'><strong>ἢν</strong></span> <span class='ocrx_word' id='word_1_78' title='bbox 1508 710 1620 762; x_wconf 78' lang='grc' dir='ltr'><strong><em>πρῶ-</em></strong></span> 
     </span>
     <span class='ocr_line' id='line_1_9' title="bbox 196 771 1621 831; baseline -0.001 -16"><span class='ocrx_word' id='word_1_79' title='bbox 196 790 264 822; x_wconf 89' lang='grc' dir='ltr'><strong><em>τος</em></strong></span> <span class='ocrx_word' id='word_1_80' title='bbox 289 773 387 815; x_wconf 73' lang='grc' dir='ltr'><strong><em>ἑλὼν</em></strong></span> <span class='ocrx_word' id='word_1_81' title='bbox 415 774 487 816; x_wconf 75' lang='grc' dir='ltr'><strong>σὺν</strong></span> <span class='ocrx_word' id='word_1_82' title='bbox 515 773 730 831; x_wconf 78' lang='grc' dir='ltr'><strong><em>Δεκεβάλῳ</em></strong></span> <span class='ocrx_word' id='word_1_83' title='bbox 758 779 816 831; x_wconf 77' lang='grc' dir='ltr'><strong>τῷ</strong></span> <span class='ocrx_word' id='word_1_84' title='bbox 836 776 967 816; x_wconf 84' lang='grc' dir='ltr'><strong><em>Γετῶν</em></strong></span> <span class='ocrx_word' id='word_1_85' title='bbox 988 773 1220 830; x_wconf 75' lang='grc' dir='ltr'><strong><em>ἡγησαμένῳ</em></strong></span> <span class='ocrx_word' id='word_1_86' title='bbox 1240 773 1440 830; x_wconf 81' lang='grc' dir='ltr'><strong><em>Τραϊανὸς</em></strong></span> <span class='ocrx_word' id='word_1_87' title='bbox 1458 771 1479 814; x_wconf 82' lang='grc' dir='ltr'><strong><em>ὃ</em></strong></span> <span class='ocrx_word' id='word_1_88' title='bbox 1498 772 1621 822; x_wconf 70' lang='grc' dir='ltr'><strong><em>πολὺς</em></strong></span> 
     </span>
     <span class='ocr_line' id='line_1_10' title="bbox 196 837 1620 897; baseline -0.001 -15"><span class='ocrx_word' id='word_1_89' title='bbox 196 842 452 890; x_wconf 78' lang='grc' dir='ltr'><strong><em>πεντακοσίας</em></strong></span> <span class='ocrx_word' id='word_1_90' title='bbox 482 840 682 897; x_wconf 78' lang='grc' dir='ltr'><strong><em>μυριάδας</em></strong></span> <span class='ocrx_word' id='word_1_91' title='bbox 706 842 873 896; x_wconf 81' lang='grc' dir='ltr'><strong><em>χρυσίου</em></strong></span> <span class='ocrx_word' id='word_1_92' title='bbox 906 845 1073 897; x_wconf 76' lang='grc' dir='ltr'><strong><em>λιτρῶν,</em></strong></span> <span class='ocrx_word' id='word_1_93' title='bbox 1119 843 1329 889; x_wconf 75' lang='grc' dir='ltr'><strong><em>διπλασίας</em></strong></span> <span class='ocrx_word' id='word_1_94' title='bbox 1357 841 1400 881; x_wconf 79' lang='grc' dir='ltr'><strong>δὲ</strong></span> <span class='ocrx_word' id='word_1_95' title='bbox 1433 837 1620 894; x_wconf 78' lang='grc' dir='ltr'><strong><em>ἀργύρου,</em></strong></span> 
     </span>
     <span class='ocr_line' id='line_1_11' title="bbox 196 905 1674 963; baseline 0 -15"><span class='ocrx_word' id='word_1_96' title='bbox 196 906 437 960; x_wconf 69' lang='grc' dir='ltr'><strong><em>ἐκπωμάτων</em></strong></span> <span class='ocrx_word' id='word_1_97' title='bbox 463 907 554 949; x_wconf 77' lang='grc' dir='ltr'><strong><em>ἄνευ</em></strong></span> <span class='ocrx_word' id='word_1_98' title='bbox 581 910 646 949; x_wconf 84' lang='grc' dir='ltr'><strong>καὶ</strong></span> <span class='ocrx_word' id='word_1_99' title='bbox 672 912 820 950; x_wconf 79' lang='grc' dir='ltr'><strong><em>σκευῶν</em></strong></span> <span class='ocrx_word' id='word_1_100' title='bbox 848 912 964 962; x_wconf 80' lang='grc' dir='ltr'><strong><em>τιμῆς</em></strong></span> <span class='ocrx_word' id='word_1_101' title='bbox 992 906 1084 963; x_wconf 82' lang='grc' dir='ltr'><strong><em>ὅρον</em></strong></span> <span class='ocrx_word' id='word_1_102' title='bbox 1114 906 1381 960; x_wconf 74' lang='grc' dir='ltr'><strong><em>ε’κβεβηκότων</em></strong></span> <span class='ocrx_word' id='word_1_103' title='bbox 1409 905 1557 960; x_wconf 76' lang='grc' dir='ltr'><strong><em>ἆγελῶν</em></strong></span> <span class='ocrx_word' id='word_1_104' title='bbox 1578 922 1618 948; x_wconf 77' lang='grc' dir='ltr'><strong><em>τε</em></strong></span> <span class='ocrx_word' id='word_1_105' title='bbox 1631 915 1674 950; x_wconf 91' lang='grc'><strong>10</strong></span> 
     </span>
     <span class='ocr_line' id='line_1_12' title="bbox 197 971 1622 1030; baseline -0.002 -14"><span class='ocrx_word' id='word_1_106' title='bbox 197 976 263 1016; x_wconf 80' lang='grc' dir='ltr'><strong><em>καὶ</em></strong></span> <span class='ocrx_word' id='word_1_107' title='bbox 291 974 440 1024; x_wconf 82' lang='grc' dir='ltr'><strong><em>ὅπλων,</em></strong></span> <span class='ocrx_word' id='word_1_108' title='bbox 474 976 539 1015; x_wconf 83' lang='grc' dir='ltr'><strong>καὶ</strong></span> <span class='ocrx_word' id='word_1_109' title='bbox 568 974 722 1030; x_wconf 76' lang='grc' dir='ltr'><strong><em>ἀνδρῶν</em></strong></span> <span class='ocrx_word' id='word_1_110' title='bbox 739 973 1030 1028; x_wconf 82' lang='grc' dir='ltr'><strong><em>μαχιμωτάτων</em></strong></span> <span class='ocrx_word' id='word_1_111' title='bbox 1048 973 1145 1030; x_wconf 73' lang='grc' dir='ltr'><strong><em>ὑπὲρ</em></strong></span> <span class='ocrx_word' id='word_1_112' title='bbox 1166 972 1404 1027; x_wconf 83' lang='grc' dir='ltr'><strong><em>πεντήκοντα</em></strong></span> <span class='ocrx_word' id='word_1_113' title='bbox 1421 971 1622 1028; x_wconf 82' lang='grc' dir='ltr'><strong><em>μυριάδας</em></strong></span> 
     </span>
     <span class='ocr_line' id='line_1_13' title="bbox 198 1039 1621 1096; baseline -0.001 -14"><span class='ocrx_word' id='word_1_114' title='bbox 198 1042 272 1082; x_wconf 78' lang='grc' dir='ltr'><strong>σὺν</strong></span> <span class='ocrx_word' id='word_1_115' title='bbox 298 1047 378 1089; x_wconf 77' lang='grc' dir='ltr'><strong><em>τοῖς</em></strong></span> <span class='ocrx_word' id='word_1_116' title='bbox 405 1040 539 1090; x_wconf 80' lang='grc' dir='ltr'><strong><em>ὅπλοις</em></strong></span> <span class='ocrx_word' id='word_1_117' title='bbox 554 1039 770 1095; x_wconf 59' lang='grc' dir='ltr'><strong><em>(Ρωμαιόις</em></strong></span> <span class='ocrx_word' id='word_1_118' title='bbox 789 1040 1008 1095; x_wconf 79' lang='grc' dir='ltr'><strong><em>εἰσήγαγεν,</em></strong></span> <span class='ocrx_word' id='word_1_119' title='bbox 1039 1039 1093 1090; x_wconf 81' lang='grc' dir='ltr'><strong><em>ὡς</em></strong></span> <span class='ocrx_word' id='word_1_120' title='bbox 1110 1041 1294 1096; x_wconf 82' lang='grc' dir='ltr'><strong><em>Ἀκρίτων</em></strong></span> <span class='ocrx_word' id='word_1_121' title='bbox 1313 1039 1451 1096; x_wconf 79' lang='grc' dir='ltr'><strong><em>παρὼν</em></strong></span> <span class='ocrx_word' id='word_1_122' title='bbox 1471 1043 1528 1095; x_wconf 77' lang='grc' dir='ltr'><strong>τῷ</strong></span> <span class='ocrx_word' id='word_1_123' title='bbox 1546 1055 1621 1080; x_wconf 88' lang='grc' dir='ltr'><strong><em>πο-</em></strong></span> 
     </span>
     <span class='ocr_line' id='line_1_14' title="bbox 197 1107 1620 1164; baseline -0.001 -16"><span class='ocrx_word' id='word_1_124' title='bbox 197 1108 303 1164; x_wconf 75' lang='grc' dir='ltr'><strong><em>λέμῳ</em></strong></span> <span class='ocrx_word' id='word_1_125' title='bbox 324 1109 613 1163; x_wconf 87' lang='grc' dir='ltr'><strong><em>διισχυρίσατο,</em></strong></span> <span class='ocrx_word' id='word_1_126' title='bbox 647 1110 817 1150; x_wconf 74' lang='grc' dir='ltr'><strong><em>συνεῖδεν</em></strong></span> <span class='ocrx_word' id='word_1_127' title='bbox 838 1107 977 1158; x_wconf 81' lang='grc' dir='ltr'><strong><em>αὐτός,</em></strong></span> <span class='ocrx_word' id='word_1_128' title='bbox 1011 1109 1110 1148; x_wconf 82' lang='grc' dir='ltr'><strong><em>κατὰ</em></strong></span> <span class='ocrx_word' id='word_1_129' title='bbox 1129 1109 1251 1160; x_wconf 77' lang='grc' dir='ltr'><strong><em>μηδὲν</em></strong></span> <span class='ocrx_word' id='word_1_130' title='bbox 1271 1110 1470 1162; x_wconf 79' lang='grc' dir='ltr'><strong><em>Τραϊανοῦ</em></strong></span> <span class='ocrx_word' id='word_1_131' title='bbox 1487 1122 1620 1161; x_wconf 79' lang='grc' dir='ltr'><strong><em>παρα-</em></strong></span> 
     </span>
     <span class='ocr_line' id='line_1_15' title="bbox 198 1171 1622 1229; baseline -0.001 -14"><span class='ocrx_word' id='word_1_132' title='bbox 198 1178 350 1229; x_wconf 77' lang='grc' dir='ltr'><strong><em>χωρῶν,</em></strong></span> <span class='ocrx_word' id='word_1_133' title='bbox 375 1178 590 1229; x_wconf 79' lang='grc' dir='ltr'><strong><em>περισῶσαι</em></strong></span> <span class='ocrx_word' id='word_1_134' title='bbox 606 1171 823 1226; x_wconf 64' lang='grc' dir='ltr'><strong>εΡωμαίως</strong></span> <span class='ocrx_word' id='word_1_135' title='bbox 841 1173 918 1227; x_wconf 75' lang='grc' dir='ltr'><strong>ἤδη</strong></span> <span class='ocrx_word' id='word_1_136' title='bbox 939 1174 1031 1214; x_wconf 78' lang='grc' dir='ltr'><strong><em>ποτὲ</em></strong></span> <span class='ocrx_word' id='word_1_137' title='bbox 1053 1173 1346 1229; x_wconf 76' lang='grc' dir='ltr'><strong><em>ἀφηνιάζουσαν</em></strong></span> <span class='ocrx_word' id='word_1_138' title='bbox 1363 1173 1434 1226; x_wconf 85' lang='grc' dir='ltr'><strong>τὴν</strong></span> <span class='ocrx_word' id='word_1_139' title='bbox 1448 1173 1622 1228; x_wconf 78' lang='grc' dir='ltr'><strong><em>βορείαν.</em></strong></span> 
     </span>
     <span class='ocr_line' id='line_1_16' title="bbox 197 1238 1675 1294; baseline 0 -14"><span class='ocrx_word' id='word_1_140' title='bbox 197 1242 263 1281; x_wconf 82' lang='grc' dir='ltr'><strong>καὶ</strong></span> <span class='ocrx_word' id='word_1_141' title='bbox 286 1239 524 1292; x_wconf 75' lang='grc' dir='ltr'><strong><em>θαυμαστὸν</em></strong></span> <span class='ocrx_word' id='word_1_142' title='bbox 546 1239 657 1281; x_wconf 72' lang='grc' dir='ltr'><strong><em>οὐδὲν</em></strong></span> <span class='ocrx_word' id='word_1_143' title='bbox 679 1242 713 1280; x_wconf 77' lang='grc' dir='ltr'><strong><em>εἶ</em></strong></span> <span class='ocrx_word' id='word_1_144' title='bbox 733 1238 862 1280; x_wconf 87' lang='grc' dir='ltr'><strong><em>πάντα</em></strong></span> <span class='ocrx_word' id='word_1_145' title='bbox 887 1239 978 1280; x_wconf 76' lang='grc' dir='ltr'><strong><em>κατ’</em></strong></span> <span class='ocrx_word' id='word_1_146' title='bbox 1005 1239 1121 1291; x_wconf 77' lang='grc' dir='ltr'><strong><em>εὐχὰς</em></strong></span> <span class='ocrx_word' id='word_1_147' title='bbox 1145 1243 1346 1294; x_wconf 80' lang='grc' dir='ltr'><strong><em>προῆλθεν</em></strong></span> <span class='ocrx_word' id='word_1_148' title='bbox 1370 1239 1500 1294; x_wconf 75' lang='grc' dir='ltr'><strong><em>αὐτῷ·</em></strong></span> <span class='ocrx_word' id='word_1_149' title='bbox 1530 1239 1620 1280; x_wconf 71' lang='grc' dir='ltr'><strong><em>οὐδὲ</em></strong></span> <span class='ocrx_word' id='word_1_150' title='bbox 1634 1247 1675 1283; x_wconf 85' lang='grc'><strong>15</strong></span> 
     </span>
     <span class='ocr_line' id='line_1_17' title="bbox 196 1303 1623 1361; baseline -0.001 -15"><span class='ocrx_word' id='word_1_151' title='bbox 196 1306 272 1361; x_wconf 81' lang='grc' dir='ltr'><strong>γὰρ</strong></span> <span class='ocrx_word' id='word_1_152' title='bbox 298 1305 496 1361; x_wconf 83' lang='grc' dir='ltr'><strong><em>Τραϊανὸν</em></strong></span> <span class='ocrx_word' id='word_1_153' title='bbox 516 1313 599 1355; x_wconf 80' lang='grc' dir='ltr'><strong><em>τοῖς</em></strong></span> <span class='ocrx_word' id='word_1_154' title='bbox 619 1305 754 1355; x_wconf 81' lang='grc' dir='ltr'><strong><em>ὅπλοις</em></strong></span> <span class='ocrx_word' id='word_1_155' title='bbox 775 1305 941 1359; x_wconf 72' lang='grc' dir='ltr'><strong><em>ἐζήλωσε</em></strong></span> <span class='ocrx_word' id='word_1_156' title='bbox 960 1303 1081 1358; x_wconf 83' lang='grc' dir='ltr'><strong><em>μόνον</em></strong></span> <span class='ocrx_word' id='word_1_157' title='bbox 1088 1336 1100 1354; x_wconf 91' lang='grc'><strong><em>,</em></strong></span> <span class='ocrx_word' id='word_1_158' title='bbox 1136 1305 1227 1345; x_wconf 77' lang='grc' dir='ltr'><strong><em>ἀλλ’</em></strong></span> <span class='ocrx_word' id='word_1_159' title='bbox 1249 1305 1370 1346; x_wconf 77' lang='grc' dir='ltr'><strong><em>αὐτὸν</em></strong></span> <span class='ocrx_word' id='word_1_160' title='bbox 1389 1304 1623 1358; x_wconf 75' lang='grc' dir='ltr'><strong><em>Αὔγουστον</em></strong></span> 
     </span>
     <span class='ocr_line' id='line_1_18' title="bbox 195 1370 1624 1431; baseline -0.003 -17"><span class='ocrx_word' id='word_1_161' title='bbox 195 1378 245 1427; x_wconf 88' lang='grc' dir='ltr'><strong>τῇ</strong></span> <span class='ocrx_word' id='word_1_162' title='bbox 262 1375 347 1428; x_wconf 80' lang='grc' dir='ltr'><strong><em>περὶ</em></strong></span> <span class='ocrx_word' id='word_1_163' title='bbox 368 1373 464 1414; x_wconf 73' lang='grc' dir='ltr'><strong><em>θεὸν</em></strong></span> <span class='ocrx_word' id='word_1_164' title='bbox 483 1373 658 1431; x_wconf 66' lang='grc' dir='ltr'><strong><em>εὐσεβείᾳ</em></strong></span> <span class='ocrx_word' id='word_1_165' title='bbox 677 1375 743 1414; x_wconf 84' lang='grc' dir='ltr'><strong>καὶ</strong></span> <span class='ocrx_word' id='word_1_166' title='bbox 763 1371 918 1428; x_wconf 85' lang='grc' dir='ltr'><strong><em>τρόπων</em></strong></span> <span class='ocrx_word' id='word_1_167' title='bbox 937 1370 1159 1427; x_wconf 78' lang='grc' dir='ltr'><strong><em>μετριότητι</em></strong></span> <span class='ocrx_word' id='word_1_168' title='bbox 1173 1373 1238 1413; x_wconf 85' lang='grc' dir='ltr'><strong>καὶ</strong></span> <span class='ocrx_word' id='word_1_169' title='bbox 1254 1373 1373 1412; x_wconf 89' lang='grc' dir='ltr'><strong><em>Τίτον</em></strong></span> <span class='ocrx_word' id='word_1_170' title='bbox 1385 1374 1434 1426; x_wconf 83' lang='grc' dir='ltr'><strong>τῇ</strong></span> <span class='ocrx_word' id='word_1_171' title='bbox 1451 1370 1624 1411; x_wconf 77' lang='grc' dir='ltr'><strong><em>καλοκά-</em></strong></span> 
     </span>
     <span class='ocr_line' id='line_1_19' title="bbox 195 1435 1624 1497; baseline -0.002 -17"><span class='ocrx_word' id='word_1_172' title='bbox 195 1441 343 1497; x_wconf 69' lang='grc' dir='ltr'><strong><em>γαθίᾳ,</em></strong></span> <span class='ocrx_word' id='word_1_173' title='bbox 396 1438 572 1494; x_wconf 59' lang='grc' dir='ltr'><strong><em>ῌΜάρκον</em></strong></span> <span class='ocrx_word' id='word_1_174' title='bbox 606 1441 648 1481; x_wconf 80' lang='grc' dir='ltr'><strong>δὲ</strong></span> <span class='ocrx_word' id='word_1_175' title='bbox 678 1444 727 1495; x_wconf 82' lang='grc' dir='ltr'><strong>τῇ</strong></span> <span class='ocrx_word' id='word_1_176' title='bbox 754 1442 903 1481; x_wconf 80' lang='grc' dir='ltr'><strong><em>συνέσει</em></strong></span> <span class='ocrx_word' id='word_1_177' title='bbox 936 1437 1188 1495; x_wconf 74' lang='grc' dir='ltr'><strong><em>παρώθησεν.</em></strong></span> <span class='ocrx_word' id='word_1_178' title='bbox 1255 1435 1373 1491; x_wconf 77' lang='lat'>(29)</span> <span class='ocrx_word' id='word_1_179' title='bbox 1408 1435 1462 1486; x_wconf 82' lang='grc' dir='ltr'><strong><em>ὥς</em></strong></span> <span class='ocrx_word' id='word_1_180' title='bbox 1492 1435 1624 1493; x_wconf 60' lang='grc' dir='ltr'><strong><em>ἔφθην</em></strong></span> 
     </span>
     <span class='ocr_line' id='line_1_20' title="bbox 197 1502 1623 1562; baseline -0.001 -15"><span class='ocrx_word' id='word_1_181' title='bbox 197 1505 326 1556; x_wconf 73' lang='grc' dir='ltr'><strong><em>εἰπών,</em></strong></span> <span class='ocrx_word' id='word_1_182' title='bbox 360 1505 522 1562; x_wconf 76' lang='grc' dir='ltr'><strong><em>προάγει</em></strong></span> <span class='ocrx_word' id='word_1_183' title='bbox 541 1509 670 1548; x_wconf 90' lang='grc' dir='ltr'><strong><em>τοίνυν</em></strong></span> <span class='ocrx_word' id='word_1_184' title='bbox 691 1506 861 1562; x_wconf 66' lang='grc' dir='ltr'><strong><em>ἔπαρχον</em></strong></span> <span class='ocrx_word' id='word_1_185' title='bbox 885 1504 1055 1559; x_wconf 76' lang='grc' dir='ltr'><strong><em>ε’πόπτην</em></strong></span> <span class='ocrx_word' id='word_1_186' title='bbox 1075 1510 1153 1546; x_wconf 78' lang='grc' dir='ltr'><strong>τῶν</strong></span> <span class='ocrx_word' id='word_1_187' title='bbox 1176 1508 1387 1546; x_wconf 73' lang='grc' dir='ltr'><strong><em>Σκυθικῶν</em></strong></span> <span class='ocrx_word' id='word_1_188' title='bbox 1407 1502 1623 1556; x_wconf 80' lang='grc' dir='ltr'><strong><em>δυνάμεων,</em></strong></span> 
     </span>
     <span class='ocr_line' id='line_1_21' title="bbox 197 1569 1680 1629; baseline -0.001 -16"><span class='ocrx_word' id='word_1_189' title='bbox 197 1572 395 1628; x_wconf 75' lang='grc' dir='ltr'><strong><em>ἀφορίσας</em></strong></span> <span class='ocrx_word' id='word_1_190' title='bbox 427 1573 535 1629; x_wconf 75' lang='grc' dir='ltr'><strong><em>αὐτῷ</em></strong></span> <span class='ocrx_word' id='word_1_191' title='bbox 564 1574 754 1627; x_wconf 72' lang='grc' dir='ltr'><strong><em>ἐπαρχίας</em></strong></span> <span class='ocrx_word' id='word_1_192' title='bbox 782 1579 884 1628; x_wconf 79' lang='grc' dir='ltr'><strong><em>τρεῖς</em></strong></span> <span class='ocrx_word' id='word_1_193' title='bbox 917 1572 989 1621; x_wconf 79' lang='grc' dir='ltr'><strong><em>τὰς</em></strong></span> <span class='ocrx_word' id='word_1_194' title='bbox 1023 1576 1160 1613; x_wconf 80' lang='grc' dir='ltr'><strong><em>πασῶν</em></strong></span> <span class='ocrx_word' id='word_1_195' title='bbox 1196 1571 1307 1626; x_wconf 74' lang='grc' dir='ltr'><strong><em>ἔγγὺς</em></strong></span> <span class='ocrx_word' id='word_1_196' title='bbox 1333 1569 1680 1626; x_wconf 67' lang='grc' dir='ltr'><strong><em>εὖπορωτάτας,&lt;ω</em></strong></span> 
     </span>
     <span class='ocr_line' id='line_1_22' title="bbox 197 1637 1625 1694; baseline -0.002 -14"><span class='ocrx_word' id='word_1_197' title='bbox 197 1641 426 1694; x_wconf 87' lang='grc' dir='ltr'><strong><em>Κεραστίδα</em></strong></span> <span class='ocrx_word' id='word_1_198' title='bbox 466 1639 537 1692; x_wconf 79' lang='grc' dir='ltr'><strong>τὴν</strong></span> <span class='ocrx_word' id='word_1_199' title='bbox 578 1640 679 1681; x_wconf 70' lang='grc' dir='ltr'><strong><em>καθ’</em></strong></span> <span class='ocrx_word' id='word_1_200' title='bbox 720 1638 825 1692; x_wconf 73' lang='grc' dir='ltr'><strong><em>ἡμᾶς</em></strong></span> <span class='ocrx_word' id='word_1_201' title='bbox 854 1638 1040 1694; x_wconf 81' lang='grc' dir='ltr'><strong><em>Κύπρον,</em></strong></span> <span class='ocrx_word' id='word_1_202' title='bbox 1081 1638 1157 1679; x_wconf 79' lang='grc' dir='ltr'><strong><em>ἀπὸ</em></strong></span> <span class='ocrx_word' id='word_1_203' title='bbox 1188 1637 1394 1693; x_wconf 81' lang='grc' dir='ltr'><strong><em>Κύπριδος</em></strong></span> <span class='ocrx_word' id='word_1_204' title='bbox 1425 1637 1527 1678; x_wconf 83' lang='grc' dir='ltr'><strong><em>κατὰ</em></strong></span> <span class='ocrx_word' id='word_1_205' title='bbox 1557 1638 1625 1678; x_wconf 83' lang='grc' dir='ltr'><strong>τὸν</strong></span> 
     </span>
     <span class='ocr_line' id='line_1_23' title="bbox 195 1705 1626 1762; baseline -0.001 -15"><span class='ocrx_word' id='word_1_206' title='bbox 195 1710 330 1759; x_wconf 74' lang='grc' dir='ltr'><strong><em>μῦθον</em></strong></span> <span class='ocrx_word' id='word_1_207' title='bbox 358 1707 592 1760; x_wconf 72' lang='grc' dir='ltr'><strong><em>τιμηθείσης</em></strong></span> <span class='ocrx_word' id='word_1_208' title='bbox 626 1707 665 1747; x_wconf 75' lang='grc' dir='ltr'><strong>ἓν</strong></span> <span class='ocrx_word' id='word_1_209' title='bbox 686 1706 786 1762; x_wconf 79' lang='grc' dir='ltr'><strong><em>αὐτῇ</em></strong></span> <span class='ocrx_word' id='word_1_210' title='bbox 807 1709 1110 1759; x_wconf 77' lang='grc' dir='ltr'><strong><em>μεταβαλοῦσαν</em></strong></span> <span class='ocrx_word' id='word_1_211' title='bbox 1130 1705 1200 1759; x_wconf 81' lang='grc' dir='ltr'><strong>τὴν</strong></span> <span class='ocrx_word' id='word_1_212' title='bbox 1219 1705 1506 1762; x_wconf 79' lang='grc' dir='ltr'><strong><em>προσηγορίαν,</em></strong></span> <span class='ocrx_word' id='word_1_213' title='bbox 1535 1705 1626 1745; x_wconf 85' lang='grc' dir='ltr'><strong>Κα-</strong></span> 
     </span>
    </p>
   </div>
   <div class='ocr_carea' id='block_1_3' title="bbox 286 1805 1625 1935">
    <p class='ocr_par' dir='ltr' id='par_1_3' title="bbox 286 1805 1625 1935">
     <span class='ocr_line' id='line_1_24' title="bbox 287 1805 1625 1864; baseline -0.001 -19"><span class='ocrx_word' id='word_1_214' title='bbox 287 1811 307 1845; x_wconf 89' lang='grc'>1</span> <span class='ocrx_word' id='word_1_215' title='bbox 339 1810 584 1844; x_wconf 83' lang='grc' dir='ltr'><strong><em>ἰουστινιανοῦ</em></strong></span> <span class='ocrx_word' id='word_1_216' title='bbox 617 1811 660 1844; x_wconf 86' lang='lat' dir='ltr'><strong>C.</strong></span> <span class='ocrx_word' id='word_1_217' title='bbox 839 1811 861 1845; x_wconf 90' lang='lat'>7</span> <span class='ocrx_word' id='word_1_218' title='bbox 889 1805 939 1851; x_wconf 60' lang='grc' dir='ltr'><strong><em>’ἣν</em></strong></span> <span class='ocrx_word' id='word_1_219' title='bbox 967 1810 1032 1843; x_wconf 85' lang='lat' dir='ltr'><strong>add</strong></span> <span class='ocrx_word' id='word_1_220' title='bbox 1055 1811 1100 1843; x_wconf 82' lang='lat' dir='ltr'><strong>F.</strong></span> <span class='ocrx_word' id='word_1_221' title='bbox 1280 1810 1302 1844; x_wconf 89' lang='lat'>8</span> <span class='ocrx_word' id='word_1_222' title='bbox 1325 1810 1375 1854; x_wconf 82' lang='grc' dir='ltr'><strong>τῷ</strong></span> <span class='ocrx_word' id='word_1_223' title='bbox 1398 1811 1446 1864; x_wconf 72' lang='lat' dir='ltr'><strong>F?</strong></span> <span class='ocrx_word' id='word_1_224' title='bbox 1478 1809 1554 1843; x_wconf 73' lang='grc' dir='ltr'><strong><em>τῶν</em></strong></span> <span class='ocrx_word' id='word_1_225' title='bbox 1581 1811 1625 1844; x_wconf 89' lang='lat' dir='ltr'><strong>C.</strong></span> 
     </span>
     <span class='ocr_line' id='line_1_25' title="bbox 286 1835 1624 1935; baseline 0 -47"><span class='ocrx_word' id='word_1_226' title='bbox 286 1857 332 1935; x_wconf 47' lang='grc' dir='ltr'><strong>ἐξ</strong></span> <span class='ocrx_word' id='word_1_227' title='bbox 351 1852 535 1934; x_wconf 34' lang='lat' dir='ltr'><strong>523&amp;qu</strong></span> <span class='ocrx_word' id='word_1_228' title='bbox 556 1855 600 1890; x_wconf 90' lang='lat' dir='ltr'><strong>C.</strong></span> <span class='ocrx_word' id='word_1_229' title='bbox 784 1855 826 1890; x_wconf 82' lang='lat'><strong>12</strong></span> <span class='ocrx_word' id='word_1_230' title='bbox 850 1851 870 1888; x_wconf 80' lang='grc' dir='ltr'>ὁ</span> <span class='ocrx_word' id='word_1_231' title='bbox 894 1854 1036 1899; x_wconf 82' lang='grc' dir='ltr'><strong><em>Κρίτων</em></strong></span> <span class='ocrx_word' id='word_1_232' title='bbox 1059 1856 1103 1889; x_wconf 84' lang='lat' dir='ltr'><strong>F.</strong></span> <span class='ocrx_word' id='word_1_233' title='bbox 1285 1855 1327 1889; x_wconf 87' lang='grc'><strong>13</strong></span> <span class='ocrx_word' id='word_1_234' title='bbox 1347 1835 1488 1898; x_wconf 84' lang='grc' dir='ltr'><strong><em>μηδενα</em></strong></span> <span class='ocrx_word' id='word_1_235' title='bbox 1510 1854 1624 1898; x_wconf 84' lang='lat' dir='ltr'><strong>vulgo.</strong></span> 
     </span>
    </p>
   </div>
   <div class='ocr_carea' id='block_1_4' title="bbox 194 1987 1630 2841">
    <p class='ocr_par' dir='ltr' id='par_1_4' title="bbox 194 1987 1630 2841">
     <span class='ocr_line' id='line_1_26' title="bbox 283 1987 1626 2042; baseline -0.001 -19"><span class='ocrx_word' id='word_1_236' title='bbox 283 1990 341 2023; x_wconf 74' lang='lat'><strong>28.</strong></span> <span class='ocrx_word' id='word_1_237' title='bbox 387 1989 474 2023; x_wconf 86' lang='lat' dir='ltr'>Post</span> <span class='ocrx_word' id='word_1_238' title='bbox 495 1989 586 2023; x_wconf 87' lang='lat' dir='ltr'><strong>illum</strong></span> <span class='ocrx_word' id='word_1_239' title='bbox 607 2000 692 2022; x_wconf 80' lang='lat' dir='ltr'><strong>vero</strong></span> <span class='ocrx_word' id='word_1_240' title='bbox 717 1999 790 2023; x_wconf 91' lang='lat' dir='ltr'><strong>cum</strong></span> <span class='ocrx_word' id='word_1_241' title='bbox 813 1988 849 2022; x_wconf 86' lang='lat' dir='ltr'><strong>in</strong></span> <span class='ocrx_word' id='word_1_242' title='bbox 874 1989 944 2022; x_wconf 86' lang='lat' dir='ltr'><strong>otio</strong></span> <span class='ocrx_word' id='word_1_243' title='bbox 967 1988 1095 2032; x_wconf 85' lang='lat' dir='ltr'><strong>egisset</strong></span> <span class='ocrx_word' id='word_1_244' title='bbox 1117 1988 1284 2031; x_wconf 85' lang='lat' dir='ltr'><strong>Iustinus,</strong></span> <span class='ocrx_word' id='word_1_245' title='bbox 1312 1999 1424 2032; x_wconf 83' lang='lat' dir='ltr'><strong>neque</strong></span> <span class='ocrx_word' id='word_1_246' title='bbox 1447 1987 1626 2042; x_wconf 78' lang='lat' dir='ltr'><strong>quicquam</strong></span> 
     </span>
     <span class='ocr_line' id='line_1_27' title="bbox 195 2014 1627 2086; baseline -0.001 -19"><span class='ocrx_word' id='word_1_247' title='bbox 195 2034 278 2068; x_wconf 85' lang='lat' dir='ltr'><strong>novi</strong></span> <span class='ocrx_word' id='word_1_248' title='bbox 302 2035 533 2086; x_wconf 82' lang='lat' dir='ltr'><strong>repperisset,</strong></span> <span class='ocrx_word' id='word_1_249' title='bbox 559 2034 618 2078; x_wconf 90' lang='lat' dir='ltr'><strong>qui</strong></span> <span class='ocrx_word' id='word_1_250' title='bbox 641 2034 765 2068; x_wconf 90' lang='lat' dir='ltr'><strong>deinde</strong></span> <span class='ocrx_word' id='word_1_251' title='bbox 786 2034 971 2076; x_wconf 88' lang='lat' dir='ltr'><strong>successit,</strong></span> <span class='ocrx_word' id='word_1_252' title='bbox 995 2033 1123 2067; x_wconf 85' lang='lat' dir='ltr'><strong>sororis</strong></span> <span class='ocrx_word' id='word_1_253' title='bbox 1148 2034 1220 2066; x_wconf 91' lang='lat' dir='ltr'><strong>eius</strong></span> <span class='ocrx_word' id='word_1_254' title='bbox 1243 2014 1353 2076; x_wconf 62' lang='lat' dir='ltr'><strong>filius,</strong></span> <span class='ocrx_word' id='word_1_255' title='bbox 1376 2033 1459 2066; x_wconf 87' lang='lat' dir='ltr'><strong>utile</strong></span> <span class='ocrx_word' id='word_1_256' title='bbox 1480 2032 1627 2077; x_wconf 76' lang='lat' dir='ltr'><strong>quodvis</strong></span> 
     </span>
     <span class='ocr_line' id='line_1_28' title="bbox 194 2077 1628 2124; baseline 0 -13"><span class='ocrx_word' id='word_1_257' title='bbox 194 2090 316 2124; x_wconf 83' lang='lat' dir='ltr'><strong>parare</strong></span> <span class='ocrx_word' id='word_1_258' title='bbox 339 2078 390 2111; x_wconf 84' lang='lat' dir='ltr'><strong>rei</strong></span> <span class='ocrx_word' id='word_1_259' title='bbox 413 2079 568 2123; x_wconf 85' lang='lat' dir='ltr'><strong>publicae</strong></span> <span class='ocrx_word' id='word_1_260' title='bbox 593 2080 759 2112; x_wconf 84' lang='lat' dir='ltr'><strong>festinans</strong></span> <span class='ocrx_word' id='word_1_261' title='bbox 784 2089 982 2122; x_wconf 87' lang='lat' dir='ltr'><strong>omnemque</strong></span> <span class='ocrx_word' id='word_1_262' title='bbox 1003 2078 1134 2122; x_wconf 83' lang='lat' dir='ltr'>antiqui</span> <span class='ocrx_word' id='word_1_263' title='bbox 1157 2083 1265 2111; x_wconf 86' lang='lat' dir='ltr'><strong>status</strong></span> <span class='ocrx_word' id='word_1_264' title='bbox 1288 2077 1501 2122; x_wconf 79' lang='lat' dir='ltr'><strong>splendorem</strong></span> <span class='ocrx_word' id='word_1_265' title='bbox 1523 2089 1628 2111; x_wconf 87' lang='lat' dir='ltr'><strong>revo-</strong></span> 
     </span>
     <span class='ocr_line' id='line_1_29' title="bbox 197 2122 1627 2176; baseline 0 -20"><span class='ocrx_word' id='word_1_266' title='bbox 197 2134 298 2166; x_wconf 84' lang='lat' dir='ltr'><strong>cans,</strong></span> <span class='ocrx_word' id='word_1_267' title='bbox 332 2123 473 2166; x_wconf 88' lang='lat' dir='ltr'><strong>primum</strong></span> <span class='ocrx_word' id='word_1_268' title='bbox 497 2124 652 2167; x_wconf 87' lang='lat' dir='ltr'><strong>quidem,</strong></span> <span class='ocrx_word' id='word_1_269' title='bbox 685 2135 785 2168; x_wconf 88' lang='lat' dir='ltr'><strong>quem</strong></span> <span class='ocrx_word' id='word_1_270' title='bbox 809 2124 1018 2176; x_wconf 86' lang='lat' dir='ltr'><strong>praefectum</strong></span> <span class='ocrx_word' id='word_1_271' title='bbox 1043 2123 1208 2165; x_wconf 83' lang='lat' dir='ltr'><strong>Scythiae</strong></span> <span class='ocrx_word' id='word_1_272' title='bbox 1232 2128 1373 2166; x_wconf 84' lang='lat' dir='ltr'><strong>vocant,</strong></span> <span class='ocrx_word' id='word_1_273' title='bbox 1405 2122 1627 2166; x_wconf 80' lang='lat' dir='ltr'><strong>excogitavit.</strong></span> 
     </span>
     <span class='ocr_line' id='line_1_30' title="bbox 197 2167 1628 2220; baseline 0 -19"><span class='ocrx_word' id='word_1_274' title='bbox 197 2180 273 2201; x_wconf 81' lang='lat' dir='ltr'><strong>nam</strong></span> <span class='ocrx_word' id='word_1_275' title='bbox 305 2179 377 2200; x_wconf 88' lang='lat' dir='ltr'><strong>cum</strong></span> <span class='ocrx_word' id='word_1_276' title='bbox 410 2173 502 2200; x_wconf 85' lang='lat' dir='ltr'><strong>esset</strong></span> <span class='ocrx_word' id='word_1_277' title='bbox 534 2168 690 2212; x_wconf 84' lang='lat' dir='ltr'><strong>sapiens,</strong></span> <span class='ocrx_word' id='word_1_278' title='bbox 729 2173 764 2202; x_wconf 86' lang='lat' dir='ltr'><strong>et</strong></span> <span class='ocrx_word' id='word_1_279' title='bbox 797 2168 927 2211; x_wconf 82' lang='lat' dir='ltr'><strong>scripta</strong></span> <span class='ocrx_word' id='word_1_280' title='bbox 959 2168 1100 2201; x_wconf 80' lang='lat' dir='ltr'><strong>volvens</strong></span> <span class='ocrx_word' id='word_1_281' title='bbox 1123 2167 1335 2212; x_wconf 78' lang='lat' dir='ltr'><strong>repperisset</strong></span> <span class='ocrx_word' id='word_1_282' title='bbox 1355 2167 1529 2220; x_wconf 80' lang='lat' dir='ltr'><strong>regionem</strong></span> <span class='ocrx_word' id='word_1_283' title='bbox 1553 2178 1628 2201; x_wconf 89' lang='lat' dir='ltr'><strong>cum</strong></span> 
     </span>
     <span class='ocr_line' id='line_1_31' title="bbox 198 2211 1629 2265; baseline 0 -19"><span class='ocrx_word' id='word_1_284' title='bbox 198 2212 321 2256; x_wconf 89' lang='lat' dir='ltr'><strong>opibus</strong></span> <span class='ocrx_word' id='word_1_285' title='bbox 345 2213 549 2245; x_wconf 81' lang='lat' dir='ltr'>fortunatam</span> <span class='ocrx_word' id='word_1_286' title='bbox 574 2220 642 2246; x_wconf 84' lang='lat' dir='ltr'><strong>tum</strong></span> <span class='ocrx_word' id='word_1_287' title='bbox 665 2214 766 2246; x_wconf 87' lang='lat' dir='ltr'><strong>armis</strong></span> <span class='ocrx_word' id='word_1_288' title='bbox 789 2212 933 2245; x_wconf 79' lang='lat' dir='ltr'><strong>validam</strong></span> <span class='ocrx_word' id='word_1_289' title='bbox 958 2219 994 2245; x_wconf 88' lang='lat' dir='ltr'><strong>et</strong></span> <span class='ocrx_word' id='word_1_290' title='bbox 1016 2224 1104 2246; x_wconf 88' lang='lat' dir='ltr'><strong>nunc</strong></span> <span class='ocrx_word' id='word_1_291' title='bbox 1123 2225 1199 2246; x_wconf 87' lang='lat' dir='ltr'><strong>esse</strong></span> <span class='ocrx_word' id='word_1_292' title='bbox 1221 2219 1256 2245; x_wconf 85' lang='lat' dir='ltr'><strong>et</strong></span> <span class='ocrx_word' id='word_1_293' title='bbox 1273 2212 1350 2245; x_wconf 90' lang='lat' dir='ltr'><strong>olim</strong></span> <span class='ocrx_word' id='word_1_294' title='bbox 1368 2211 1487 2255; x_wconf 83' lang='lat' dir='ltr'><strong>fuisse,</strong></span> <span class='ocrx_word' id='word_1_295' title='bbox 1511 2213 1629 2265; x_wconf 78' lang='lat' dir='ltr'><strong>(quam</strong></span> 
     </span>
     <span class='ocr_line' id='line_1_32' title="bbox 198 2256 1628 2309; baseline 0 -19"><span class='ocrx_word' id='word_1_296' title='bbox 198 2269 272 2290; x_wconf 90' lang='lat' dir='ltr'><strong>cum</strong></span> <span class='ocrx_word' id='word_1_297' title='bbox 294 2257 421 2309; x_wconf 89' lang='lat' dir='ltr'><strong>primus</strong></span> <span class='ocrx_word' id='word_1_298' title='bbox 445 2268 517 2290; x_wconf 90' lang='lat' dir='ltr'><strong>cum</strong></span> <span class='ocrx_word' id='word_1_299' title='bbox 541 2257 713 2291; x_wconf 83' lang='lat' dir='ltr'><strong>Decebalo</strong></span> <span class='ocrx_word' id='word_1_300' title='bbox 735 2259 899 2291; x_wconf 83' lang='lat' dir='ltr'><strong>Getarum</strong></span> <span class='ocrx_word' id='word_1_301' title='bbox 922 2269 1005 2300; x_wconf 84' lang='lat' dir='ltr'><strong>rege</strong></span> <span class='ocrx_word' id='word_1_302' title='bbox 1027 2269 1172 2290; x_wconf 87' lang='lat' dir='ltr'><strong>summus</strong></span> <span class='ocrx_word' id='word_1_303' title='bbox 1194 2257 1354 2301; x_wconf 89' lang='lat' dir='ltr'><strong>princeps</strong></span> <span class='ocrx_word' id='word_1_304' title='bbox 1379 2257 1549 2290; x_wconf 78' lang='lat' dir='ltr'><strong>Traianus</strong></span> <span class='ocrx_word' id='word_1_305' title='bbox 1571 2256 1628 2290; x_wconf 80' lang='lat' dir='ltr'><strong>vi-</strong></span> 
     </span>
     <span class='ocr_line' id='line_1_33' title="bbox 199 2301 1628 2346; baseline -0.001 -11"><span class='ocrx_word' id='word_1_306' title='bbox 199 2301 320 2343; x_wconf 87' lang='lat' dir='ltr'><strong>cisset,</strong></span> <span class='ocrx_word' id='word_1_307' title='bbox 345 2301 569 2346; x_wconf 80' lang='lat' dir='ltr'><strong>quinquagies</strong></span> <span class='ocrx_word' id='word_1_308' title='bbox 594 2308 737 2335; x_wconf 88' lang='lat' dir='ltr'><strong>centena</strong></span> <span class='ocrx_word' id='word_1_309' title='bbox 759 2301 851 2336; x_wconf 80' lang='lat' dir='ltr'><strong>milia</strong></span> <span class='ocrx_word' id='word_1_310' title='bbox 873 2302 946 2335; x_wconf 81' lang='lat' dir='ltr'><strong>auri</strong></span> <span class='ocrx_word' id='word_1_311' title='bbox 974 2314 1013 2335; x_wconf 83' lang='lat' dir='ltr'><strong>ac</strong></span> <span class='ocrx_word' id='word_1_312' title='bbox 1041 2301 1208 2346; x_wconf 76' lang='lat' dir='ltr'><strong>duplicem</strong></span> <span class='ocrx_word' id='word_1_313' title='bbox 1231 2302 1363 2345; x_wconf 76' lang='lat' dir='ltr'><strong>argenti</strong></span> <span class='ocrx_word' id='word_1_314' title='bbox 1380 2301 1541 2335; x_wconf 83' lang='lat' dir='ltr'><strong>librarum</strong></span> <span class='ocrx_word' id='word_1_315' title='bbox 1565 2312 1628 2334; x_wconf 90' lang='lat' dir='ltr'><strong>nu-</strong></span> 
     </span>
     <span class='ocr_line' id='line_1_34' title="bbox 198 2347 1630 2398; baseline -0.001 -18"><span class='ocrx_word' id='word_1_316' title='bbox 198 2358 343 2389; x_wconf 88' lang='lat' dir='ltr'><strong>merum,</strong></span> <span class='ocrx_word' id='word_1_317' title='bbox 368 2352 506 2391; x_wconf 84' lang='lat' dir='ltr'><strong>praeter</strong></span> <span class='ocrx_word' id='word_1_318' title='bbox 522 2347 643 2390; x_wconf 80' lang='lat' dir='ltr'><strong>pocula</strong></span> <span class='ocrx_word' id='word_1_319' title='bbox 664 2353 699 2380; x_wconf 88' lang='lat' dir='ltr'><strong>et</strong></span> <span class='ocrx_word' id='word_1_320' title='bbox 720 2359 803 2380; x_wconf 80' lang='lat' dir='ltr'><strong>vasa</strong></span> <span class='ocrx_word' id='word_1_321' title='bbox 822 2347 943 2390; x_wconf 84' lang='lat' dir='ltr'><strong>quovis</strong></span> <span class='ocrx_word' id='word_1_322' title='bbox 962 2347 1075 2390; x_wconf 88' lang='lat' dir='ltr'><strong>pretio</strong></span> <span class='ocrx_word' id='word_1_323' title='bbox 1093 2347 1240 2398; x_wconf 83' lang='lat' dir='ltr'><strong>maiora,</strong></span> <span class='ocrx_word' id='word_1_324' title='bbox 1260 2357 1451 2390; x_wconf 83' lang='lat' dir='ltr'><strong>gregesque</strong></span> <span class='ocrx_word' id='word_1_325' title='bbox 1471 2350 1506 2379; x_wconf 88' lang='lat' dir='ltr'><strong>et</strong></span> <span class='ocrx_word' id='word_1_326' title='bbox 1524 2356 1630 2390; x_wconf 83' lang='lat' dir='ltr'><strong>arma,</strong></span> 
     </span>
     <span class='ocr_line' id='line_1_35' title="bbox 198 2390 1630 2435; baseline 0 -11"><span class='ocrx_word' id='word_1_327' title='bbox 198 2391 348 2425; x_wconf 83' lang='lat' dir='ltr'><strong>virorum</strong></span> <span class='ocrx_word' id='word_1_328' title='bbox 380 2396 491 2424; x_wconf 86' lang='lat' dir='ltr'><strong>autem</strong></span> <span class='ocrx_word' id='word_1_329' title='bbox 521 2391 852 2425; x_wconf 87' lang='lat' dir='ltr'><strong>bellicosissimorum</strong></span> <span class='ocrx_word' id='word_1_330' title='bbox 882 2391 954 2435; x_wconf 84' lang='lat' dir='ltr'><strong>plus</strong></span> <span class='ocrx_word' id='word_1_331' title='bbox 979 2392 1158 2435; x_wconf 84' lang='lat' dir='ltr'><strong>quinquies</strong></span> <span class='ocrx_word' id='word_1_332' title='bbox 1181 2395 1325 2424; x_wconf 81' lang='lat' dir='ltr'><strong>centena</strong></span> <span class='ocrx_word' id='word_1_333' title='bbox 1348 2390 1439 2423; x_wconf 83' lang='lat' dir='ltr'><strong>milia</strong></span> <span class='ocrx_word' id='word_1_334' title='bbox 1463 2401 1530 2423; x_wconf 85' lang='lat' dir='ltr'><strong>una</strong></span> <span class='ocrx_word' id='word_1_335' title='bbox 1555 2401 1630 2424; x_wconf 87' lang='lat' dir='ltr'><strong>cum</strong></span> 
     </span>
     <span class='ocr_line' id='line_1_36' title="bbox 199 2434 1628 2480; baseline -0.001 -12"><span class='ocrx_word' id='word_1_336' title='bbox 199 2436 322 2478; x_wconf 84' lang='lat' dir='ltr'><strong>armis,</strong></span> <span class='ocrx_word' id='word_1_337' title='bbox 355 2437 516 2469; x_wconf 83' lang='lat' dir='ltr'><strong>Romanis</strong></span> <span class='ocrx_word' id='word_1_338' title='bbox 548 2438 709 2479; x_wconf 82' lang='lat' dir='ltr'><strong>abduxit,</strong></span> <span class='ocrx_word' id='word_1_339' title='bbox 744 2437 1019 2480; x_wconf 83' lang='lat' dir='ltr'><strong>quemadmodum</strong></span> <span class='ocrx_word' id='word_1_340' title='bbox 1054 2436 1170 2478; x_wconf 83' lang='lat' dir='ltr'><strong>Crito,</strong></span> <span class='ocrx_word' id='word_1_341' title='bbox 1203 2434 1262 2478; x_wconf 86' lang='lat' dir='ltr'><strong>qui</strong></span> <span class='ocrx_word' id='word_1_342' title='bbox 1295 2435 1384 2468; x_wconf 90' lang='lat' dir='ltr'><strong>bello</strong></span> <span class='ocrx_word' id='word_1_343' title='bbox 1413 2435 1628 2476; x_wconf 79' lang='lat' dir='ltr'><strong>interfuerat,</strong></span> 
     </span>
     <span class='ocr_line' id='line_1_37' title="bbox 199 2479 1630 2532; baseline 0 -19"><span class='ocrx_word' id='word_1_344' title='bbox 199 2481 426 2524; x_wconf 81' lang='lat' dir='ltr'><strong>affirmavit),</strong></span> <span class='ocrx_word' id='word_1_345' title='bbox 455 2481 529 2525; x_wconf 81' lang='lat' dir='ltr'><strong>ipse</strong></span> <span class='ocrx_word' id='word_1_346' title='bbox 561 2481 650 2514; x_wconf 82' lang='lat' dir='ltr'><strong>nulla</strong></span> <span class='ocrx_word' id='word_1_347' title='bbox 681 2481 716 2514; x_wconf 86' lang='lat' dir='ltr'><strong>in</strong></span> <span class='ocrx_word' id='word_1_348' title='bbox 745 2493 783 2513; x_wconf 85' lang='lat' dir='ltr'><strong>re</strong></span> <span class='ocrx_word' id='word_1_349' title='bbox 814 2481 966 2513; x_wconf 84' lang='lat' dir='ltr'><strong>Traiano</strong></span> <span class='ocrx_word' id='word_1_350' title='bbox 998 2482 1122 2514; x_wconf 87' lang='lat' dir='ltr'><strong>cedens</strong></span> <span class='ocrx_word' id='word_1_351' title='bbox 1153 2480 1447 2532; x_wconf 82' lang='lat' dir='ltr'><strong>Septentrionem,</strong></span> <span class='ocrx_word' id='word_1_352' title='bbox 1481 2479 1539 2532; x_wconf 89' lang='lat' dir='ltr'><strong>qui</strong></span> <span class='ocrx_word' id='word_1_353' title='bbox 1562 2480 1630 2514; x_wconf 83' lang='lat' dir='ltr'><strong>iam</strong></span> 
     </span>
     <span class='ocr_line' id='line_1_38' title="bbox 199 2523 1630 2579; baseline 0 -21"><span class='ocrx_word' id='word_1_354' title='bbox 199 2526 380 2579; x_wconf 81' lang='lat' dir='ltr'><strong>aliquando</strong></span> <span class='ocrx_word' id='word_1_355' title='bbox 403 2525 517 2569; x_wconf 86' lang='lat' dir='ltr'><strong>iugum</strong></span> <span class='ocrx_word' id='word_1_356' title='bbox 537 2526 731 2569; x_wconf 78' lang='lat' dir='ltr'><strong>abiecerat,</strong></span> <span class='ocrx_word' id='word_1_357' title='bbox 755 2526 916 2559; x_wconf 81' lang='lat' dir='ltr'><strong>Romanis</strong></span> <span class='ocrx_word' id='word_1_358' title='bbox 938 2537 1078 2558; x_wconf 85' lang='lat' dir='ltr'><strong>servare</strong></span> <span class='ocrx_word' id='word_1_359' title='bbox 1096 2523 1284 2558; x_wconf 83' lang='lat' dir='ltr'><strong>constituit.</strong></span> <span class='ocrx_word' id='word_1_360' title='bbox 1333 2536 1395 2558; x_wconf 86' lang='lat' dir='ltr'><strong>nec</strong></span> <span class='ocrx_word' id='word_1_361' title='bbox 1412 2524 1530 2558; x_wconf 81' lang='lat' dir='ltr'><strong>mirari</strong></span> <span class='ocrx_word' id='word_1_362' title='bbox 1548 2524 1630 2558; x_wconf 80' lang='lat' dir='ltr'><strong>licet</strong></span> 
     </span>
     <span class='ocr_line' id='line_1_39' title="bbox 201 2568 1628 2614; baseline -0.001 -11"><span class='ocrx_word' id='word_1_363' title='bbox 201 2571 233 2604; x_wconf 89' lang='lat' dir='ltr'><strong>ei</strong></span> <span class='ocrx_word' id='word_1_364' title='bbox 259 2571 371 2603; x_wconf 84' lang='lat' dir='ltr'><strong>omnia</strong></span> <span class='ocrx_word' id='word_1_365' title='bbox 394 2582 413 2603; x_wconf 89' lang='lat' dir='ltr'><strong>e</strong></span> <span class='ocrx_word' id='word_1_366' title='bbox 435 2575 516 2604; x_wconf 86' lang='lat' dir='ltr'><strong>voto</strong></span> <span class='ocrx_word' id='word_1_367' title='bbox 539 2571 705 2604; x_wconf 84' lang='lat' dir='ltr'><strong>cessisse.</strong></span> <span class='ocrx_word' id='word_1_368' title='bbox 739 2581 849 2614; x_wconf 90' lang='lat' dir='ltr'><strong>neque</strong></span> <span class='ocrx_word' id='word_1_369' title='bbox 879 2570 966 2603; x_wconf 84' lang='lat' dir='ltr'><strong>euim</strong></span> <span class='ocrx_word' id='word_1_370' title='bbox 997 2570 1181 2603; x_wconf 84' lang='lat' dir='ltr'><strong>Traianum</strong></span> <span class='ocrx_word' id='word_1_371' title='bbox 1204 2574 1333 2602; x_wconf 85' lang='lat' dir='ltr'><strong>tantum</strong></span> <span class='ocrx_word' id='word_1_372' title='bbox 1357 2569 1458 2602; x_wconf 79' lang='lat' dir='ltr'><strong>armis</strong></span> <span class='ocrx_word' id='word_1_373' title='bbox 1481 2568 1628 2602; x_wconf 70' lang='lat' dir='ltr'><strong>aemula-</strong></span> 
     </span>
     <span class='ocr_line' id='line_1_40' title="bbox 200 2613 1628 2667; baseline -0.001 -19"><span class='ocrx_word' id='word_1_374' title='bbox 200 2621 255 2649; x_wconf 87' lang='lat' dir='ltr'><strong>tus</strong></span> <span class='ocrx_word' id='word_1_375' title='bbox 289 2621 359 2657; x_wconf 89' lang='lat' dir='ltr'><strong>est,</strong></span> <span class='ocrx_word' id='word_1_376' title='bbox 388 2627 504 2648; x_wconf 88' lang='lat' dir='ltr'><strong>verum</strong></span> <span class='ocrx_word' id='word_1_377' title='bbox 534 2615 645 2659; x_wconf 91' lang='lat' dir='ltr'><strong>ipsum</strong></span> <span class='ocrx_word' id='word_1_378' title='bbox 667 2616 852 2658; x_wconf 82' lang='lat' dir='ltr'><strong>Augustum</strong></span> <span class='ocrx_word' id='word_1_379' title='bbox 886 2615 1014 2659; x_wconf 84' lang='lat' dir='ltr'><strong>pietate</strong></span> <span class='ocrx_word' id='word_1_380' title='bbox 1044 2614 1079 2648; x_wconf 91' lang='lat' dir='ltr'><strong>in</strong></span> <span class='ocrx_word' id='word_1_381' title='bbox 1104 2615 1202 2647; x_wconf 91' lang='lat' dir='ltr'><strong>deum</strong></span> <span class='ocrx_word' id='word_1_382' title='bbox 1232 2625 1428 2658; x_wconf 86' lang='lat' dir='ltr'><strong>morumque</strong></span> <span class='ocrx_word' id='word_1_383' title='bbox 1443 2613 1628 2667; x_wconf 68' lang='lat' dir='ltr'><strong>modestia,</strong></span> 
     </span>
     <span class='ocr_line' id='line_1_41' title="bbox 202 2658 1629 2704; baseline -0.001 -12"><span class='ocrx_word' id='word_1_384' title='bbox 202 2666 238 2693; x_wconf 91' lang='lat' dir='ltr'><strong>et</strong></span> <span class='ocrx_word' id='word_1_385' title='bbox 260 2660 377 2693; x_wconf 90' lang='lat' dir='ltr'><strong>Titum</strong></span> <span class='ocrx_word' id='word_1_386' title='bbox 399 2660 619 2704; x_wconf 84' lang='lat' dir='ltr'><strong>integritate,</strong></span> <span class='ocrx_word' id='word_1_387' title='bbox 657 2666 693 2694; x_wconf 86' lang='lat' dir='ltr'><strong>et</strong></span> <span class='ocrx_word' id='word_1_388' title='bbox 714 2661 866 2694; x_wconf 85' lang='lat' dir='ltr'><strong>Marcum</strong></span> <span class='ocrx_word' id='word_1_389' title='bbox 890 2659 1071 2703; x_wconf 86' lang='lat' dir='ltr'><strong>prudentia</strong></span> <span class='ocrx_word' id='word_1_390' title='bbox 1090 2659 1280 2703; x_wconf 86' lang='lat' dir='ltr'><strong>superavit.</strong></span> <span class='ocrx_word' id='word_1_391' title='bbox 1328 2660 1421 2702; x_wconf 79' lang='lat'>(29)</span> <span class='ocrx_word' id='word_1_392' title='bbox 1442 2658 1568 2702; x_wconf 84' lang='lat' dir='ltr'><strong>igitur,</strong></span> <span class='ocrx_word' id='word_1_393' title='bbox 1590 2662 1629 2690; x_wconf 87' lang='lat' dir='ltr'><strong>ut</strong></span> 
     </span>
     <span class='ocr_line' id='line_1_42' title="bbox 200 2683 1628 2758; baseline -0.003 -20"><span class='ocrx_word' id='word_1_394' title='bbox 200 2705 298 2738; x_wconf 87' lang='lat' dir='ltr'><strong>modo</strong></span> <span class='ocrx_word' id='word_1_395' title='bbox 322 2705 414 2748; x_wconf 83' lang='lat' dir='ltr'><strong>dixi,</strong></span> <span class='ocrx_word' id='word_1_396' title='bbox 437 2706 646 2758; x_wconf 82' lang='lat' dir='ltr'><strong>praefectum</strong></span> <span class='ocrx_word' id='word_1_397' title='bbox 668 2704 904 2748; x_wconf 79' lang='lat' dir='ltr'><strong>Scythicarum</strong></span> <span class='ocrx_word' id='word_1_398' title='bbox 927 2704 1099 2748; x_wconf 87' lang='lat' dir='ltr'><strong>copiarum</strong></span> <span class='ocrx_word' id='word_1_399' title='bbox 1126 2704 1372 2737; x_wconf 80' lang='lat' dir='ltr'><strong>moderatorem</strong></span> <span class='ocrx_word' id='word_1_400' title='bbox 1394 2708 1508 2745; x_wconf 80' lang='lat' dir='ltr'><strong>creat,</strong></span> <span class='ocrx_word' id='word_1_401' title='bbox 1530 2683 1628 2736; x_wconf 74' lang='lat' dir='ltr'><strong>addi-</strong></span> 
     </span>
     <span class='ocr_line' id='line_1_43' title="bbox 199 2748 1626 2793; baseline -0.002 -11"><span class='ocrx_word' id='word_1_402' title='bbox 199 2749 245 2782; x_wconf 88' lang='lat' dir='ltr'><strong>tis</strong></span> <span class='ocrx_word' id='word_1_403' title='bbox 266 2749 374 2782; x_wconf 85' lang='lat' dir='ltr'><strong>tribus</strong></span> <span class='ocrx_word' id='word_1_404' title='bbox 398 2749 543 2784; x_wconf 91' lang='lat' dir='ltr'><strong>omnium</strong></span> <span class='ocrx_word' id='word_1_405' title='bbox 564 2751 638 2784; x_wconf 85' lang='lat' dir='ltr'><strong>fere</strong></span> <span class='ocrx_word' id='word_1_406' title='bbox 662 2749 838 2784; x_wconf 86' lang='lat' dir='ltr'><strong>ditissimis</strong></span> <span class='ocrx_word' id='word_1_407' title='bbox 858 2749 1066 2793; x_wconf 77' lang='lat' dir='ltr'><strong>provinciis,</strong></span> <span class='ocrx_word' id='word_1_408' title='bbox 1103 2748 1303 2792; x_wconf 71' lang='lat' dir='ltr'><strong>Cerasfide,</strong></span> <span class='ocrx_word' id='word_1_409' title='bbox 1337 2759 1424 2793; x_wconf 84' lang='lat' dir='ltr'><strong>quae</strong></span> <span class='ocrx_word' id='word_1_410' title='bbox 1443 2758 1532 2781; x_wconf 86' lang='lat' dir='ltr'><strong>nunc</strong></span> <span class='ocrx_word' id='word_1_411' title='bbox 1553 2757 1626 2779; x_wconf 88' lang='lat' dir='ltr'><strong>mu—</strong></span> 
     </span>
     <span class='ocr_line' id='line_1_44' title="bbox 200 2793 1629 2841; baseline -0.001 -14"><span class='ocrx_word' id='word_1_412' title='bbox 200 2798 271 2827; x_wconf 88' lang='lat' dir='ltr'><strong>tato</strong></span> <span class='ocrx_word' id='word_1_413' title='bbox 296 2794 430 2828; x_wconf 84' lang='lat' dir='ltr'><strong>nomine</strong></span> <span class='ocrx_word' id='word_1_414' title='bbox 449 2806 470 2829; x_wconf 77' lang='lat' dir='ltr'><strong>a</strong></span> <span class='ocrx_word' id='word_1_415' title='bbox 492 2795 667 2841; x_wconf 83' lang='lat' dir='ltr'><strong>Cypride,</strong></span> <span class='ocrx_word' id='word_1_416' title='bbox 690 2795 871 2829; x_wconf 87' lang='lat' dir='ltr'><strong>secundum</strong></span> <span class='ocrx_word' id='word_1_417' title='bbox 890 2793 1037 2828; x_wconf 83' lang='lat' dir='ltr'><strong>fabulam</strong></span> <span class='ocrx_word' id='word_1_418' title='bbox 1063 2794 1099 2828; x_wconf 89' lang='lat' dir='ltr'><strong>in</strong></span> <span class='ocrx_word' id='word_1_419' title='bbox 1121 2805 1163 2828; x_wconf 81' lang='lat' dir='ltr'><strong>ea</strong></span> <span class='ocrx_word' id='word_1_420' title='bbox 1185 2793 1292 2837; x_wconf 79' lang='lat' dir='ltr'><strong>culta,</strong></span> <span class='ocrx_word' id='word_1_421' title='bbox 1319 2793 1456 2838; x_wconf 79' lang='lat' dir='ltr'><strong>Cyprus</strong></span> <span class='ocrx_word' id='word_1_422' title='bbox 1474 2795 1629 2835; x_wconf 74' lang='lat' dir='ltr'><strong>vocatur,</strong></span> 
     </span>
    </p>
   </div>
  </div>
 </body>
</html>
