1748 3210
648 171 723 214 DE
757 171 1044 215 OSTENTIS.
1472 170 1570 216 293

132 279 175 323 εί
198 278 243 322 δὲ
270 279 441 334 σεισμὸς
467 279 498 336 ἢ
526 271 629 335 ἦχος
657 278 705 323 ἐκ
732 281 814 323 τοῦ
842 275 1042 334 οὐρανοῦ
1066 276 1263 335 γένηται,
1299 276 1461 329 νόσους
1489 289 1574 336 ση-

132 347 283 406 μαίνει.
340 347 378 390 εἰ
414 347 461 392 δὲ
499 346 650 404 ὁμίχλη
685 346 884 403 γένηται,
928 347 1051 390 σίτου
1087 349 1159 391 καὶ
1193 347 1316 390 οἴνου
1345 346 1574 397 δαψίλειαν

131 414 266 468 δηλοῖ.
323 414 363 457 εί
398 414 444 459 δὲ
481 414 588 470 παρ’
629 413 736 458 ὅλον
774 413 853 458 τόν
889 417 1004 470 μῆνα
1041 413 1298 458 ἐπιτείνουσι
1332 411 1572 469 πνεύματα,

129 477 247 530 *ferde
272 479 367 536 ἥξει.
434 487 469 522 εἰ
498 483 518 523 ὁ
547 482 725 538 ἕσπερος
753 482 801 526 ἐν
828 486 882 540 τῇ
912 480 1068 539 σελήνῃ
1098 481 1292 539 εἰσέλθῃ,
1332 484 1420 520 ἴδιοι
1446 481 1573 532 ἰδίοις

97 545 308 592 sawazuh
336 547 690 601 ἐπιβουλεΰσουσιν.
747 550 786 594 εἰ
825 549 872 594 δὲ
909 552 1006 608 δόξῃ
1044 550 1232 594 ἐκλιπεῖν
1269 545 1298 606 ἦ
1328 547 1562 603 σελήνη··-

127 616 163 651 ⁸3
187 615 227 652 δὲ
256 619 296 654 αἶ
323 625 466 666 κεραῖαι
493 623 561 667 τῆς
588 615 768 674 σελήνης
789 616 1046 669 συνέλθωσι,
1076 619 1200 662 σίτου
1223 615 1421 673 α’φθονία
1445 613 1574 658 ἔσται.

126 680 164 722 εί
193 681 240 725 δὲ
266 682 424 738 ἄστρον
451 683 652 741 ἐκτρέχον
678 684 748 730 ἐπὶ
774 685 853 731 τόν
879 684 1067 742 οὐρανὸν
1096 684 1328 738 αὕλακίζει,
1360 682 1574 728 κίνδυνον

123 753 214 801 τοῖς
241 752 467 806 παραλίοις
494 750 667 796 ἀπειλεῖ.

236 818 445 876 Σελήνη
482 818 614 876 ἰχθύ
624 831 722 864 σιν.
789 819 830 862 εί
877 816 903 864 ὁ
949 819 1076 877 ἥλιος
1119 817 1300 875 φαύλως
1339 813 1574 871 ἐκλάμπειν

71 890 116 925 10
128 881 244 941 δόξῃ,
272 885 426 940 φθοροὶ
454 885 570 930 ἔσται
599 884 862 941 ἀνθρώπων.
917 890 953 925 εἰ
980 887 1021 925 δὲ
1055 885 1102 930 ἐν
1128 890 1183 942 τῇ
1211 884 1363 941 πρώτῃ
1393 884 1572 941 φυλακῇ

121 948 150 1007 ἦ
187 949 342 1008 σελήνη
370 951 442 1004 τὰς
469 955 646 1008 κεραίας
675 951 863 1009 συνάγῃ,
900 951 1048 1008 εἰρήνη
1084 953 1197 991 ἔσται.
1266 953 1303 995 εί
1336 950 1382 994 δὲ
1412 949 1573 1005 σεισμός

122 1015 306 1074 γένηται,
338 1016 526 1074 ἀπορίαν
551 1020 748 1076 σημαίνει
775 1024 868 1071 τοῖς
888 1016 1258 1074 συναλλάγμασιν.
1316 1016 1388 1062 {obv
1408 1015 1572 1070 ἄστρον

120 1082 170 1126 ἐν
195 1083 335 1141 ἡμέρᾳ
363 1090 505 1140 φανῇ,
538 1085 706 1142 ἀνάγκη
733 1085 786 1130 τὰ
814 1085 943 1130 κοινοὶ
972 1088 1258 1140 περιστήσεται.
1315 1083 1394 1128 ἐὰν
1421 1099 1569 1137 κεραυ-

118 1148 197 1200 νὸς
225 1155 276 1196 εἰς
302 1154 386 1206 γῆν
413 1153 517 1201 πέσῃ,
546 1155 688 1194 παῦλα
714 1155 802 1195 τῶν
829 1157 978 1196 κακῶν.
1046 1153 1110 1192 ἐὰν
1139 1150 1279 1208 ὁμίχλη
1308 1156 1360 1198 εἰς
1387 1154 1457 1201 τήν
1483 1151 1569 1207 γῆν

66 1215 249 1275 ltin-4632,
287 1219 478 1262 συνοίσει
505 1224 587 1269 τοῖς
614 1223 813 1274 καρποῖς.

231 1289 298 1328 18.
358 1287 542 1334 Σελήνη
577 1290 705 1337 κριῷ.
773 1287 810 1329 εἰ
836 1283 866 1342 ἡ
895 1283 1051 1341 σελήνη
1079 1285 1315 1341 ταραχώδης
1343 1284 1565 1340 φαίνηται,

117 1350 298 1409 πόλεμοι
326 1351 498 1396 ἔσονται
525 1352 600 1395 καὶ
628 1351 907 1397 ἐπαναστάσεις·
974 1353 1012 1396 εί
1052 1352 1099 1396 δὲ
1126 1351 1235 1396 κατὰ
1264 1351 1343 1408 τὴν
1372 1350 1566 1407 δευτέραν

118 1418 321 1476 φυλακὴν
348 1416 376 1475 ή
406 1417 560 1476 σελήνη
591 1418 828 1475 αἷματιῑίδης
856 1424 978 1470 φανῇ,
1010 1420 1030 1459 ὁ
1060 1424 1178 1471 σῖτος
1206 1419 1324 1463 ἔσται
1352 1418 1565 1476 ἄφθονοί-

115 1503 253 1537 τατος.
299 1485 375 1529 ἐὰν
402 1486 426 1530 ὁ
457 1485 634 1541 ἕσπερος
661 1485 803 1543 ἐγγίζῃ
829 1490 883 1543 τῇ
913 1490 1067 1537 σελήνῃ,
1098 1490 1234 1539 πόλεις
1261 1490 1391 1530 πόλεσι
1420 1503 1565 1545 συρρα-

60 1555 324 1612 ρογήσονται
350 1553 422 1596 καὶ
450 1552 574 1607 λιμὸς
603 1553 732 1596 ἔσται.
803 1555 841 1597 εἰ
868 1552 1028 1605 νυκτός
1055 1553 1253 1610 πρηστήρ
1283 1557 1564 1612 κατενεχθείη,

115 1623 306 1679 βασιλεύς
344 1627 422 1664 τοῖς
457 1619 616 1663 ἑαυτοῦ
651 1618 963 1677 ἐπιβουλεύσει.
1019 1621 1057 1664 εἰ
1097 1620 1143 1664 δὲ
1182 1619 1356 1675 σεισμὸς
1392 1622 1561 1677 γένηται,

115 1690 284 1733 ἔνδειαν
312 1688 420 1730 σίτου
449 1688 650 1742 σημαίνει.
709 1688 746 1730 εί
775 1686 820 1730 δὲ
847 1682 949 1742 ἦχος
976 1686 1025 1732 ἐκ
1051 1690 1134 1730 τοῦ
1163 1686 1362 1742 ούρανοῦ
1394 1690 1559 1744 γένηται,

113 1760 151 1797 οὶ
178 1761 246 1805 τῆς
272 1753 493 1810 Εὐρώπης
520 1759 609 1806 τοῖς
635 1758 712 1811 τῆς
737 1752 829 1798 ἅνω
864 1751 1008 1805 Ἀσίας
1034 1752 1369 1809 πολεμήσουσιν.
1427 1755 1506 1799 ἐὰν
1531 1755 1561 1812 ἡ

199 1857 222 1892 5
243 1856 359 1891 omisit
382 1855 543 1891 librarius
577 1855 760 1890 clausulam
791 1855 919 1900 prioris
952 1854 1116 1889 sensiculi
1145 1860 1181 1890 et
1208 1855 1345 1890 initium
1365 1856 1557 1901 sequentis.

198 1914 311 1948 neque
333 1913 398 1946 ego
421 1902 583 1946 supplere
603 1901 694 1935 illam
718 1901 855 1945 quidem
877 1911 980 1934 ausus
1004 1912 1091 1934 sum.
1116 1901 1166 1936 Η.
1303 1902 1325 1936 9
1348 1904 1491 1945 φαυλος
1511 1904 1556 1938 C.

201 1950 244 1983 16
267 1947 432 1991 φανῆται
449 1947 565 1991 vulgo.
703 1948 749 1980 20
776 1971 785 1980 .
804 1970 814 1979 .
832 1947 972 1990 εχεθειη
994 1946 1037 1980 C.

109 2041 177 2074 rat.
223 2037 256 2072 si
277 2041 503 2071 terraemotus
532 2037 574 2070 fit
597 2041 656 2071 aut
684 2036 812 2070 caelum
838 2036 944 2079 boat,
975 2036 1115 2070 morbos
1144 2036 1332 2082 significat.
1379 2037 1411 2073 si
1432 2038 1559 2074 nebula

108 2086 161 2127 fit,
183 2083 426 2118 abundantiam
447 2082 610 2116 frumenti
635 2087 671 2116 et
691 2082 766 2115 vini
788 2081 952 2115 declarat.
999 2083 1062 2116 sed
1080 2082 1111 2115 si
1130 2094 1195 2128 per
1214 2089 1324 2118 totum
1344 2095 1495 2119 mensem
1516 2095 1557 2119 se

106 2130 292 2164 intendunt
311 2130 424 2171 flatus,
449 2126 567 2172 pluvia
587 2128 730 2161 incidet.
759 2127 790 2160 si
812 2139 981 2172 vesperus
1003 2127 1039 2161 in
1061 2127 1174 2162 lunam
1195 2129 1401 2174 ingreditur,
1426 2136 1554 2175 poten—

108 2180 163 2210 tes
185 2175 258 2208 suis
281 2174 351 2219 ipsi
370 2172 638 2207 insidiabuntur.
684 2173 716 2207 si
743 2173 883 2207 videtur
913 2173 1099 2218 deliquium
1133 2175 1206 2219 pati
1230 2175 1355 2210 luna..
1369 2200 1378 2209 .
1426 2186 1555 2209 cornua

108 2220 140 2255 si
162 2219 262 2254 lunae
286 2219 506 2263 conveniunt,
530 2219 693 2253 frumenti
717 2219 816 2264 copia
840 2219 919 2253 erit.
968 2219 999 2252 si
1016 2219 1116 2254 stella
1138 2220 1319 2256 traiiciens
1339 2233 1405 2266 per
1423 2221 1555 2256 caelum

108 2265 238 2301 sulcum
261 2264 366 2308 ducit,
391 2263 579 2310 periculum
603 2264 673 2298 oris
695 2264 873 2298 maritimis
896 2264 1085 2298 minitatur.

198 2311 320 2345 Luna
341 2311 561 2356 piscibus.
608 2310 660 2343 sol
691 2310 722 2343 si
754 2310 893 2344 videtur
924 2310 1040 2344 lucere
1075 2309 1293 2355 languidius,
1325 2316 1462 2356 strages
1486 2310 1556 2345 erit

106 2356 311 2391 mortalium.
359 2356 470 2401 prima
486 2355 606 2399 vigilia
628 2355 660 2389 si
680 2355 760 2390 luna
782 2367 911 2390 cornua
933 2356 1122 2401 coniungit,
1146 2369 1215 2401 pax
1239 2358 1319 2391 erit.
1367 2357 1398 2391 si
1417 2362 1555 2391 terrae-

106 2407 219 2436 motus
250 2403 313 2445 fit,
347 2401 586 2436 difficultatem
617 2401 895 2435 commerciorum
923 2402 1109 2446 significat.
1157 2402 1188 2436 si
1218 2402 1319 2436 stella
1339 2402 1494 2436 interdiu
1514 2413 1555 2436 se

106 2448 243 2492 aperit,
278 2453 434 2492 tempora
453 2447 507 2481 rei
536 2446 694 2491 publicae
716 2459 841 2492 aspera
863 2447 1053 2482 incurrent.
1101 2447 1242 2481 fulmine
1265 2447 1297 2480 si
1318 2452 1415 2481 terra
1435 2447 1553 2491 tangi-

106 2497 182 2536 tur,
218 2494 367 2528 cessatio
389 2493 458 2528 erit
483 2492 724 2527 calamitatum.
772 2492 897 2527 nebula
919 2493 951 2526 si
971 2493 1009 2526 in
1033 2499 1161 2527 terram
1186 2493 1365 2538 funditur,
1394 2492 1554 2538 proderit

103 2538 276 2618 hafflig?-
300 2584 422 2619 Luna
444 2583 515 2618 ari
529 2588 617 2619 ete.
652 2583 732 2617 luna
755 2583 786 2617 si
806 2582 947 2617 turbida
971 2583 1121 2626 videtur,
1145 2583 1238 2617 bella
1256 2587 1358 2617 erunt
1379 2586 1415 2618 et
1433 2582 1552 2618 rebel-

106 2627 230 2662 liones.
277 2631 341 2663 sub
369 2631 551 2664 secundam
575 2629 728 2674 vigiliam
750 2629 831 2663 luna
853 2629 884 2662 si
907 2634 1048 2662 cruenta
1066 2629 1223 2672 videtur,
1253 2631 1460 2663 frumentum
1483 2629 1553 2663 erit

107 2673 392 2719 copiosissimum.
438 2687 606 2720 vesperus
628 2676 658 2709 si
677 2675 811 2709 accedit
830 2675 974 2720 propius
999 2675 1042 2708 ad
1060 2674 1189 2718 lunam,
1217 2675 1378 2709 civitates
1399 2686 1474 2709 cum
1497 2674 1548 2708 ci-

107 2719 274 2754 vitatibus
298 2720 586 2756 conflictabuntur
612 2727 648 2755 et
668 2722 776 2754 fames
801 2721 879 2754 erit.
927 2721 1029 2754 turbo
1051 2731 1216 2754 accensus
1241 2721 1271 2754 si
1293 2720 1466 2755 delabitur
1485 2730 1551 2754 no-

106 2769 177 2808 ctu,
200 2777 264 2800 rex
285 2766 358 2799 suis
381 2765 614 2801 insidiabitur.
661 2772 890 2801 terraemotus
913 2766 943 2800 si
964 2766 1024 2808 fit,
1052 2767 1232 2811 penuriam
1253 2765 1418 2800 frumenti
1440 2765 1550 2810 sigui-

104 2811 201 2845 ficat.
248 2810 377 2846 caelum
400 2811 431 2847 si
451 2819 583 2858 crepat,
606 2813 784 2858 Europaei
808 2812 933 2848 bellum
954 2811 1110 2848 inferent
1132 2812 1294 2858 gentibus
1316 2812 1423 2848 Asiae
1444 2822 1551 2858 supe-
