1748 3210
219 167 314 213 348
735 172 951 216 IOANNIS
984 174 1116 217 LYDI

215 279 344 322 αὐτῶν
361 285 438 322 τῶν
454 281 587 323 αἰτίων
607 285 677 334 τῆς
696 279 870 332 στάσεως
889 283 1185 338 ἀπολλυμένων,
1219 286 1316 332 ὥστε
1343 289 1388 333 τὸ
1413 290 1626 346 πολίτευμα

213 345 366 402 εἰρήνης
390 348 622 389 ἀπολαῦσαι.

346 415 422 456 52.
481 413 572 454 ‘'Hz
584 431 596 453 ι
608 430 628 454 ο
642 430 662 462 ς
695 431 722 455 α
734 416 749 455 ἰ
760 431 784 469 y
795 413 816 456 ό
827 433 851 457 κ
863 433 879 457 ε
891 434 912 471 ρ
924 433 968 473 ῳ.
1018 418 1118 459 κατὰ
1151 416 1240 461 τόδε
1273 427 1410 476 καιροῦ
1439 425 1624 479 κεραυνὸς

210 478 527 535 καταφερόμενος
547 479 614 535 ἐφ’
641 479 684 522 ὃν
706 480 754 523 ἂν
772 485 1018 537 κατενεχθείη
1038 483 1179 536 τόπον,
1207 486 1356 540 γενικὴν
1378 488 1530 544 ἶλαρίαν
1549 507 1622 544 ση-

209 549 358 600 μαίνει,
394 544 548 600 εἰρήνην
568 563 608 588 τε
629 554 716 597 ταῖς
735 547 870 591 πόλεσι
897 553 962 591 καὶ
986 551 1197 608 εὐκαρπίαν
1215 559 1298 603 τοῖς
1318 553 1451 609 ἀγροῖς
1469 555 1656 604 ἕπαινόνό

209 630 250 654 τε
270 618 352 661 τοῖς
369 616 574 664 βασιλεῦσι
590 618 660 666 τῆς
678 617 883 665 πολιτείας.

334 677 426 719 “Hi
440 697 482 720 ιο
494 697 513 729 ς
544 678 605 721 ὖδ
615 698 668 736 ρο
673 680 732 734 χό
744 699 790 739 ῳ.
835 682 934 724 κατὰ
961 683 1003 724 δὲ
1028 683 1096 726 τὸν
1115 685 1251 740 καιρὸν
1269 690 1408 728 τοῦτον
1430 689 1465 728 εἰ
1482 704 1624 744 κεραυ-

207 746 274 794 νὸς
301 748 570 800 κατενεχθείη,
604 749 799 803 ἐκδρομὰς
819 754 898 791 τῶν
918 755 1104 803 ποταμῶν
1128 751 1278 793 ἀπειλεῖ
1293 755 1359 794 καὶ
1380 753 1626 809 ἀφανισμοὺς

207 817 288 854 τῶν
311 814 480 868 χωρίων.
546 813 592 854 τὸ
617 815 660 855 ὁέἶ
681 816 803 870 θέρος
822 818 1023 866 καυσῶὸες
1044 817 1152 859 ἕσται
1162 849 1175 869 ,
1204 821 1270 860 καὶ
1291 817 1500 870 ἐλάττωσις
1519 822 1625 863 οἴνου

210 881 278 920 καὶ
297 881 449 929 ἐλαίου,
483 877 538 929 ὥς
555 881 724 930 πολλοὺς
746 882 788 922 ἐκ
809 887 880 936 τῆς
901 884 1046 933 ἐνδείας
1066 885 1312 937 μετανάστας
1331 887 1527 940 γενέσθαι.
1637 895 1681 929 10

335 945 399 986 “H
405 950 452 987 λι
466 963 486 988 ο
502 963 522 995 ς
553 946 776 1000 ἰχθύσιν.
821 949 914 991 ὅταν
931 952 974 990 δὲ
994 951 1152 1004 ἰχθύσιν
1173 952 1283 1004 ἥλιος
1303 954 1455 1006 γένηται
1465 985 1479 1004 ,
1509 956 1543 995 εἰ
1560 971 1626 996 κε-

211 1012 356 1068 ραυνὸς
375 1014 635 1067 κατενεχθείη,
671 1012 788 1068 ζάλην
804 1021 853 1072 τῇ
872 1015 1061 1073 θαλάσσῃ
1084 1019 1243 1068 ἀπειλεῖ,
1269 1021 1434 1074 ναυαγία
1454 1021 1498 1062 δὲ
1517 1019 1625 1062 ἕσται

207 1084 374 1135 βαρεῖα,
408 1081 474 1120 καὶ
496 1080 696 1136 ἀνατροπὴ
722 1083 794 1134 μὲν
825 1087 904 1124 τῶν
931 1083 1107 1135 ἰχθύων,
1141 1085 1406 1138 ὄχληθησεται
1442 1087 1485 1127 δὲ
1514 1087 1626 1128 οὐδὲν

205 1139 323 1199 ἧττον
340 1145 364 1199 ἦ
384 1145 574 1187 θάλασσα
595 1147 672 1187 ἀπὸ
694 1153 900 1202 πειρατῶν.
965 1150 1050 1198 νεός
1071 1151 1117 1191 δέ
1134 1169 1194 1199 τις
1213 1152 1365 1206 εὐγενὴς
1382 1152 1625 1209 στρατευσά-

204 1229 321 1264 μενος
346 1213 525 1253 ἀπολέσει
542 1213 586 1254 τὸ
604 1213 824 1268 πειρατικὸν
842 1216 907 1256 καὶ
929 1213 1083 1265 ἔνδοξος
1105 1217 1166 1256 ἐπὶ
1187 1218 1258 1269 τὴν
1279 1219 1387 1271 νίκην
1410 1218 1622 1272 γενήσεται.
1636 1224 1679 1259 15

204 1280 271 1319 καὶ
298 1279 447 1334 εἴρηται
472 1279 544 1331 μὲν
561 1278 750 1335 πρότερον
770 1279 823 1330 ὥς
842 1281 928 1323 οὕτε
949 1283 989 1322 ἓν
1008 1285 1166 1340 Σκυθία
1185 1283 1271 1324 οὕτε
1289 1285 1329 1324 ἔν
1347 1283 1540 1341 Αἰγύπτῳ
1559 1303 1624 1327 κε-

206 1348 341 1399 ραυνοὶ
374 1346 686 1401 καταφέρονται·
722 1349 756 1388 εἰ
778 1349 822 1389 δὲ
843 1348 960 1400 τυχὸν
979 1352 1225 1403 κατενεχθείη
1254 1350 1354 1391 κατὰ
1378 1349 1466 1393 τόδε
1484 1357 1625 1408 καιροῦ

204 1414 266 1452 ἐπὶ
283 1413 332 1454 τὰ
352 1413 535 1469 εἰρημένα
555 1414 725 1466 κλίματα
745 1413 952 1471 κεραυνός,
981 1416 1118 1470 ἀγαθοὶ
1139 1423 1220 1466 τοῖς
1238 1417 1525 1472 ε’κεῖσημαίνει.

605 1526 797 1566 ΠΕΡΙ
843 1527 1225 1569 ΣΕΙΣΖΙΙΩΝ.

334 1610 412 1653 53.
477 1611 625 1665 Δήλων
643 1613 772 1655 οὐσῶν
787 1619 866 1656 τῶν
883 1615 1092 1669 εἰρημένων
1109 1621 1190 1664 τοῖς
1206 1614 1329 1657 πάλαι
1347 1613 1622 1673 φιλοσοφήσα-
1633 1628 1678 1664 20

200 1691 261 1718 σιν
293 1679 428 1718 αἰτιιῦν
458 1678 519 1718 ε’πὶ
549 1685 631 1728 τοῖς
664 1682 752 1735 περὶ
777 1681 848 1733 τὴν
879 1685 950 1735 γῆν
980 1679 1150 1731 πάθεσι,
1179 1684 1275 1735 μίαν
1296 1685 1338 1724 ἐκ
1361 1688 1519 1734 πασῶν,
1551 1684 1624 1738 τὴν

293 1770 336 1804 13
357 1769 438 1803 vide
460 1782 564 1814 supra
585 1784 621 1816 p.
644 1772 711 1806 344
733 1773 767 1806 3.
802 1772 849 1806 Η.
1031 1773 1074 1808 14
1101 1774 1151 1808 sic
1174 1776 1290 1809 ambo:
1318 1774 1430 1810 malim
1451 1773 1540 1810 ὖπό.
1572 1777 1622 1810 H.

295 1814 336 1848 15
362 1815 444 1848 fort.
468 1812 527 1849 ἐπὶ
550 1817 593 1860 τῇ
617 1815 709 1861 νίκῃ.
730 1817 778 1850 Η.

204 1890 344 1934 pietque
362 1903 418 1925 res
436 1893 554 1926 melius
571 1893 640 1937 ire,
662 1893 749 1938 ipsis
765 1895 937 1928 turbarum
955 1895 1148 1929 auctoribus
1166 1895 1355 1941 oppressis,
1379 1899 1418 1931 ut
1433 1908 1518 1941 pace
1534 1898 1620 1931 frui-

203 1942 282 1969 tura
301 1947 356 1969 res
377 1937 515 1980 publica
533 1937 591 1971 sit.

293 1981 349 2014 52.
396 1982 471 2014 Sol
494 1982 774 2026 capricorno.
820 1983 857 2016 id
876 1983 1038 2027 temporis
1060 1984 1184 2017 fulmen
1204 1984 1235 2017 si
1258 1984 1293 2018 in
1315 1984 1499 2030 quemlibet
1516 1986 1625 2020 locum

201 2025 345 2067 accidit,
382 2025 544 2060 laetitiam
573 2027 767 2061 universam
794 2027 983 2070 significat,
1016 2039 1133 2072 pacem
1162 2029 1380 2074 civitatibus,
1413 2030 1624 2065 fertilitatem

200 2070 312 2114 agris,
335 2070 467 2104 laudem
489 2071 702 2116 principibus
723 2071 776 2105 rei
798 2072 967 2116 publicae.

288 2115 366 2147 Sol
400 2116 615 2159 aquario.
662 2117 724 2150 sub
748 2117 784 2150 id
801 2122 932 2160 tempus
956 2117 985 2150 si
1009 2116 1134 2151 fulmen
1155 2118 1327 2160 defertur,
1360 2118 1534 2152 eluviones
1556 2120 1624 2154 flu-

199 2160 322 2194 minum
350 2159 495 2193 minatur
518 2164 553 2192 et
577 2172 739 2204 pagorum
765 2161 950 2195 interitum.
997 2168 1108 2195 aestas
1131 2162 1260 2196 torrida
1281 2162 1365 2206 erit,
1399 2163 1622 2198 diminuetur-

197 2216 266 2249 que
289 2204 403 2238 vinum
427 2210 462 2238 et
484 2204 612 2249 oleum,
644 2207 730 2240 adeo
754 2211 793 2240 ut
813 2205 908 2239 multi
938 2211 1080 2251 propter
1102 2206 1251 2253 inopiam
1284 2212 1436 2242 extorres
1466 2209 1622 2254 profugi-

199 2255 268 2283 um
289 2254 373 2327 ggi-
397 2293 620 2338 piscibus.
667 2294 739 2328 sole
767 2294 880 2339 pisces
907 2295 1061 2339 ingresso
1084 2296 1114 2329 si
1135 2296 1259 2329 fulmen
1282 2296 1458 2339 deiicitur,
1490 2299 1620 2341 tempe-

200 2343 322 2373 statem
354 2339 439 2373 mari
470 2339 666 2382 minitatur,
700 2345 866 2383 eruntque
897 2341 1074 2384 naufragia
1102 2341 1176 2374 dira
1205 2346 1239 2374 et
1268 2341 1410 2385 piscium
1431 2341 1621 2384 subversio,

199 2397 262 2418 nec
294 2384 402 2417 minus
432 2395 524 2417 mare
558 2395 579 2417 a
607 2385 836 2428 praedonibus
863 2385 1093 2419 infestabitur.
1140 2385 1263 2419 nobilis
1288 2391 1399 2419 tamen
1424 2385 1622 2420 adolescens

198 2429 285 2462 bello
308 2429 400 2462 illato
424 2428 520 2462 tollet
549 2429 632 2462 haec
662 2428 856 2472 latrocinia,
892 2436 928 2464 et
957 2429 1102 2463 victoria
1129 2430 1364 2464 illustrabitur.
1410 2430 1620 2464 demonstra-

199 2481 268 2507 tum
295 2479 349 2507 est
378 2473 534 2517 superius
563 2485 673 2518 neque
695 2473 731 2506 in
755 2474 899 2516 Scythia
923 2486 1033 2518 neque
1059 2475 1094 2508 in
1124 2475 1282 2518 Aegypto
1308 2473 1437 2507 deferri
1461 2474 1620 2508 fulmina:

198 2525 311 2552 tamen
334 2518 370 2552 id
393 2518 555 2563 temporis
578 2518 610 2552 si
629 2519 720 2553 forte
741 2518 944 2553 delabuntur
966 2520 1002 2553 in
1025 2520 1086 2554 hos
1107 2523 1255 2563 tractus,
1284 2519 1398 2553 fausta
1418 2519 1621 2554 habitatori-

200 2564 264 2598 bus
285 2563 494 2608 significant.

497 2653 582 2686 DE
637 2647 1326 2687 TERRAEMOTIBUS.

289 2719 345 2755 53.
394 2720 480 2753 Cum
503 2723 584 2754 nota
606 2719 675 2753 sint
698 2731 785 2764 quae
806 2719 849 2753 de
869 2719 980 2754 causis
1000 2721 1181 2754 affectuum
1200 2724 1314 2752 terrae
1336 2723 1472 2753 veteres
1494 2729 1618 2752 memo-

201 2768 363 2799 raverunt
385 2764 600 2810 philosophi,
631 2776 731 2799 unam
754 2776 796 2799 ex
819 2765 972 2799 omnibus
996 2765 1106 2799 adhuc
1129 2764 1332 2808 admittens,
1355 2764 1466 2808 iguem
1484 2764 1617 2797 subter-
