1748 3210
648 173 724 216 DE
758 171 1044 217 OSTENTIS.
1483 168 1580 218 349

132 290 224 350 περὶ
245 291 318 334 τοῦ
336 287 548 345 καταγείου
563 286 715 347 πυρός,
747 288 847 339 τέως
875 282 1186 342 ἀποδεχόμενος,
1219 284 1301 328 ἐπεὶ
1321 286 1387 328 καὶ
1408 291 1491 336 τοῖς
1510 285 1582 330 τᾶ-

134 377 246 412 ποις,
279 360 322 401 ἐν
348 355 410 409 οἷς
433 363 607 413 συνεχῶς
626 357 741 401 σάλοι
761 358 1071 412 συμβαίνουσιν,
1105 353 1198 400 οἶδα
1225 353 1431 411 γενόμενον
1454 356 1581 409 ἐμαυ-

132 427 225 479 τόν,
259 426 372 484 ὄλίγα
398 426 500 469 ι’ίττα
526 429 616 483 περὶ
636 431 715 470 τῶν
737 425 880 482 ὄψεσιν
902 426 1042 476 αὖταῒς
1061 422 1340 468 ὑποπεσόντων
1357 422 1452 478 ἡμῖν
1470 424 1582 481 ἀφη-

131 493 359 553 γησόμεθα.
427 497 494 537 καὶ
514 496 593 552 γὰρ
613 495 658 538 τὸ
676 500 779 552 πῦρ,
814 492 1112 551 διεργαζόμενον
1130 495 1198 536 καὶ
1221 495 1430 549 ἐξαραιοῦν
1449 492 1522 547 τὴν
1541 495 1583 535 ἐν

98 573 122 610 5
129 563 258 620 βάθει
288 569 386 620 γῆν,
419 565 529 606 τουτὶ
555 562 846 621 παρασκευάζει
878 564 1123 617 συμβαίνειν.
1189 556 1219 619 ᾖ
1248 561 1384 616 ἀμέλει
1406 561 1456 604 τὰ
1479 565 1584 616 πλη-

130 633 319 684 σιάζοντα
339 638 424 683 τοῖς
444 631 732 690 ἀναφυσήμασι
753 634 819 674 καὶ
840 638 928 682 ταῖς
947 635 1027 674 τῶν
1048 634 1216 689 θερμῶν
1237 630 1456 685 ἀναβολαῖς
1480 627 1583 672 ὑδά-

130 718 211 745 των
242 699 482 759 πυκνότερον
513 702 679 753 σείεται,
714 699 781 743 οἷα
814 701 866 743 τὰ
895 702 985 758 περὶ
1015 701 1089 755 τὴν
1125 700 1308 757 Φρυγίας
1331 700 1583 742 Λαοδίκειαν

123 772 197 812 ’καὶ
222 770 296 824 τὴν
314 769 416 826 παρ’
442 769 544 826 αὐτῇ
556 768 683 826 Ἱερὰν
702 767 818 811 πόλιν
835 770 901 811 καὶ
923 770 997 824 τὴν
1017 768 1122 811 καθ’
1144 767 1253 823 ἡμᾶς
1274 769 1583 824 Φιλαδέλφειαν,

129 840 196 880 καὶ
228 838 331 880 καθ’
362 836 457 880 ὅλου
490 838 564 892 τὴν
595 839 658 880 ἐπὶ
679 835 776 880 τάδε
791 838 948 889 Ἀσίαν,
974 838 1041 879 καὶ
1064 837 1116 879 τὰ
1137 841 1304 879 πλεῖστα
1325 837 1369 878 δὲ
1388 840 1461 890 τῆς
1480 835 1582 893 πρὸς

75 904 300 949 Ιθδύνοντα
329 905 443 960 ἥλιον
469 905 690 963 Εὐρώπης,
724 907 910 948 Σικελίαν
940 905 1042 961 λε’γω
1072 906 1139 947 καὶ
1158 905 1344 947 Ἰταλίαν.
1411 906 1476 946 καὶ
1500 905 1581 962 γὰρ

126 972 154 1030 ἦ
187 978 268 1018 τῶν
293 978 468 1028 σεισμῶν
498 974 645 1030 γένεσις
673 972 898 1028 πνεύματός
930 974 1012 1016 ἐστι
1041 976 1166 1031 ’ξηροῦ
1194 973 1263 1015 διὰ
1296 971 1581 1029 σηραγγώὸους

127 1046 322 1102 φθαρτοῦ
343 1040 373 1073 *
387 1040 416 1073 *
438 1041 576 1099 πρώτη
597 1043 673 1097 μὲν
692 1044 758 1084 καὶ
779 1043 943 1098 μεγίστη
965 1040 991 1097 ἦ
1013 1047 1084 1084 τοῦ
1108 1043 1316 1098 καταγείου
1338 1041 1464 1098 πυρὸς
1485 1043 1579 1091 ε’ξα-

126 1113 311 1167 ραίωσις,
347 1110 514 1167 δευτέρα
534 1112 578 1153 δὲ
594 1109 620 1166 ἦ
641 1115 715 1166 τῆς
729 1110 945 1165 θαλάσσης
960 1114 1017 1160 εἷς
1030 1112 1126 1161 τοὺς
1141 1108 1411 1167 σηραγγιῦὁεις
1430 1107 1578 1159 τόπους

125 1177 337 1235 ἐπιδρομή.
404 1186 588 1235 συνεργεῖ
616 1180 660 1221 δὲ
695 1181 761 1221 καὶ
790 1180 1046 1236 πολυομβριά
1069 1184 1268 1234 χειμῶνος
1281 1211 1293 1230 ,
1328 1180 1394 1220 καὶ
1427 1178 1577 1235 θέρους

71 1254 115 1292 1⁵
126 1247 349 1304 ἄνομβρία·
381 1245 408 1301 ἦ
426 1247 500 1301 μὲν
517 1247 595 1304 γὰρ
617 1251 789 1290 πιλοῦσα
805 1248 878 1302 τὴν
896 1252 969 1303 γῆν
991 1249 1056 1289 καὶ
1082 1249 1138 1298 εἷς
1157 1247 1202 1290 τὸ
1219 1245 1356 1301 βάθος
1381 1246 1578 1300 ᾇπωθου-

122 1316 222 1371 με’νη
251 1316 299 1358 τὸ
330 1319 486 1369 πνεῦμα
517 1315 646 1373 ἀρχὴν
677 1315 785 1373 αὐτῷ
813 1318 998 1370 θλίψεως
1029 1313 1344 1373 παρασκευάζει,
1377 1312 1470 1369 ἡδὲ
1492 1315 1577 1356 ἔπι-

123 1384 311 1438 σπωμένη
335 1385 401 1425 καὶ
423 1382 617 1440 σύρουσα.
687 1382 808 1438 (54)
842 1389 922 1426 τῶν
952 1385 996 1426 δὲ
1025 1389 1198 1439 σεισμῶν
1218 1384 1255 1426 οἳ
1274 1384 1347 1438 μέν
1369 1386 1465 1425 εἰσιν
1492 1384 1581 1424 3711-

123 1454 275 1495 κλίνται
294 1452 332 1494 οἳ
355 1453 398 1494 δὲ
414 1451 591 1509 βράσται
601 1485 615 1505 ,
650 1453 864 1495 ἓπικλίνται
880 1453 954 1506 μὲν
975 1453 1012 1494 οἱ
1031 1454 1262 1508 κυματηδὸν
1282 1454 1344 1494 ἐπὶ
1363 1451 1412 1494 τὰ
1430 1451 1579 1507 πλάγια

1696 1371 1704 1403 ί,

122 1522 312 1573 σείοντες,
341 1518 519 1576 βράσται
553 1522 596 1563 δὲ
629 1521 666 1562 οἳ
695 1520 947 1571 τινάσσοντες
975 1524 1042 1563 καὶ
1074 1523 1243 1572 σείοντες
1265 1520 1348 1563 ἄνω
1367 1522 1433 1562 καὶ
1455 1519 1580 1562 κάτω.

69 1591 198 1634 Ξοεῖσὶ
220 1589 262 1631 (5²
288 1589 420 1631 αὐτῶν
439 1589 477 1630 οἶ
495 1590 568 1643 μὲν
585 1589 739 1646 ῥῆκται,
773 1590 811 1632 οἱ
836 1591 879 1632 δὲ
899 1592 1047 1632 σεισταὶ
1066 1590 1203 1644 μόνον,
1240 1591 1276 1631 οἱ
1299 1590 1342 1630 δὲ
1363 1589 1578 1643 ἱζηματιάι,

122 1659 188 1699 καὶ
208 1659 361 1701 σεισταὶ
380 1657 454 1712 μὲν
474 1657 511 1699 οἳ
526 1657 676 1715 τρόμον
693 1658 782 1701 τινὰ
800 1663 873 1714 τῆς
888 1662 960 1714 γῆς
976 1658 1003 1712 ἢ
1027 1661 1092 1700 καὶ
1109 1658 1342 1713 σύμπτωσιν
1364 1661 1444 1699 τῶν
1461 1658 1578 1698 ‹5560-

215 1777 235 1811 1
269 1775 381 1810 malim
411 1772 494 1810 κᾶν.
529 1776 577 1811 Η.
758 1777 779 1812 5
813 1771 840 1822 ᾖ
871 1777 924 1811 H:
955 1776 1093 1811 codices
1120 1771 1159 1820 ἢ.
1341 1776 1364 1809 7
1388 1774 1509 1808 areton
1529 1775 1574 1809 C.

212 1823 258 1857 12
281 1821 435 1855 lacunam
457 1821 514 1855 hic
534 1827 656 1856 neuter
674 1823 783 1857 codex
802 1823 951 1857 indicat:
975 1828 1059 1868 puto
1077 1829 1194 1856 tamen
1212 1826 1272 1855 aut
1289 1822 1412 1855 deesse
1431 1827 1491 1854 aut
1509 1821 1571 1853 de-

211 1872 392 1912 pravatum
411 1871 470 1900 aut
491 1874 586 1902 certe
605 1869 854 1915 transpositum
874 1881 951 1903 esse
970 1868 1114 1913 aliquid.
1137 1868 1186 1900 H.
1279 1867 1321 1901 15
1341 1866 1510 1908 πηλοῦσα
1527 1867 1571 1900 C.

212 1913 257 1947 16
278 1912 423 1955 πνεῦμα
443 1911 504 1946 καὶ
528 1910 645 1957 ἀρχήν
671 1915 714 1949 C.
854 1917 897 1950 17
920 1912 1115 1948 ἐπικλινίαι
1137 1913 1214 1947 CR.
1263 1923 1342 1946 corr
1364 1912 1398 1945 H
1423 1924 1466 1945 ex
1490 1911 1571 1945 Ari-

213 1961 297 1993 stot.
327 1959 371 1992 de
400 1959 525 1991 mundo
551 1962 568 1993 1
602 1960 670 1995 373
694 1961 751 1994 ed.
776 1960 927 1994 Casaub.
958 1966 994 1994 et
1019 1958 1166 2005 Apuleio
1197 1958 1246 1992 ib.
1272 1958 1340 1994 730
1363 1958 1420 1992 ed.
1443 1957 1570 2003 Delph.

210 2004 259 2038 20
279 2003 504 2046 εἰσζηματίαι
521 2005 565 2038 C.
702 2006 745 2039 21
767 2001 813 2049 ἢ]
834 2005 870 2039 οἱ
887 2006 932 2039 C.

119 2115 285 2149 rancum,
319 2104 595 2149 quandoquidem
624 2104 661 2138 in
687 2105 912 2150 regionibus,
948 2105 1009 2141 ubi
1042 2106 1165 2140 crebro
1196 2105 1442 2140 commotiones
1472 2106 1572 2150 fiant,

67 2171 70 2175 >
119 2157 294 2186 versatum
319 2163 374 2185 me
400 2150 557 2193 memini,
582 2151 626 2184 de
648 2150 693 2185 iis
715 2162 804 2196 quae
828 2153 935 2186 oculis
959 2151 1046 2198 ipsis
1070 2151 1310 2198 usurpavimus
1330 2163 1441 2196 pauca
1463 2163 1570 2197 quae-

120 2198 197 2232 dam
215 2208 439 2242 exponemus.
485 2196 598 2240 ignis,
629 2202 755 2230 terram
778 2197 815 2232 in
839 2199 1010 2243 profundo
1035 2198 1217 2231 destruens
1240 2209 1281 2231 ac
1304 2197 1503 2241 resolvens,
1530 2210 1574 2232 ea

120 2249 160 2277 ut
186 2243 274 2277 fiant
303 2242 425 2276 efficit.
479 2253 587 2286 quare
614 2244 772 2286 profecto
797 2243 872 2278 loca
896 2244 1093 2290 propinqua
1119 2244 1425 2288 evaporationibus
1455 2250 1571 2278 scate-

119 2288 262 2333 brisque
286 2288 431 2322 fontium
458 2287 644 2323 calidorum
668 2295 874 2333 quassantur
896 2291 1074 2333 crebrius,
1108 2289 1205 2323 velut
1231 2289 1347 2323 vicina
1375 2290 1574 2324 Laodiceae

119 2334 318 2378 Phrygiae,
353 2334 582 2378 Hierapoleos
605 2345 693 2378 quae
714 2334 809 2368 iuxta
833 2342 907 2380 est,
940 2335 1202 2380 philadelphiae
1230 2335 1349 2380 oppidi
1373 2335 1503 2377 nostri,
1540 2341 1577 2369 et

119 2379 257 2414 omnino
281 2391 355 2413 cum
373 2385 504 2414 tractus
527 2379 586 2413 ille
604 2381 708 2414 Asiae
721 2406 730 2423 ,
752 2386 822 2414 tum
841 2381 1006 2426 plurimus
1024 2382 1189 2435 Europae
1209 2380 1452 2423 occidentalis,
1479 2380 1573 2415 Siei-

118 2425 198 2461 liam
221 2425 299 2460 dico
323 2431 359 2459 et
374 2424 524 2460 Italiam.
571 2437 648 2459 nam
667 2427 926 2461 concussionum
951 2439 1054 2461 causa
1078 2427 1221 2472 spiritus
1247 2431 1301 2459 est
1321 2426 1406 2460 sicci
1427 2438 1491 2472 per
1512 2438 1572 2460 ca-

117 2482 302 2506 vernosum
325 2470 371 2489 ⁴¹*
396 2471 506 2516 prima
526 2483 566 2504 ac
589 2471 736 2506 maxima
759 2473 957 2507 extenuatio
980 2484 1069 2518 quae
1100 2474 1141 2508 fit
1167 2484 1231 2517 per
1254 2471 1368 2516 ignem
1394 2473 1573 2506 subterra-

119 2527 238 2560 neum,
273 2517 382 2551 altera
413 2528 517 2551 causa
547 2523 601 2551 est
629 2518 732 2551 maris
750 2517 787 2551 in
809 2518 886 2552 loca
902 2530 1095 2553 cavernosa
1116 2517 1280 2563 irruptio.
1326 2517 1412 2552 facit
1434 2529 1572 2563 quoque

118 2563 163 2596 ad
183 2573 257 2598 rem
278 2560 415 2607 pluvia,
447 2563 561 2598 hieme
583 2562 614 2597 si
642 2563 735 2599 cadit
757 2563 883 2608 multa,
918 2569 1051 2598 aestate
1072 2564 1103 2598 si
1122 2563 1225 2597 nulla.
1271 2563 1331 2597 illa
1349 2563 1482 2608 stipans
1506 2564 1571 2600 hu-

118 2619 226 2651 mum,
252 2619 456 2654 pessumque
479 2609 664 2644 detrudens
684 2609 862 2656 spiritum,
887 2610 1022 2644 initium
1041 2611 1102 2644 dat
1120 2608 1408 2654 compressionis:
1433 2609 1572 2643 siccitas

119 2664 254 2687 sursum
277 2653 444 2688 trahendo
468 2655 706 2700 eliciendoque
728 2656 811 2690 item
834 2661 962 2691 movet.
1019 2656 1111 2700 (54)
1141 2661 1408 2689 terraemotuum
1430 2655 1488 2689 alii
1507 2667 1570 2700 ap-

119 2698 292 2744 pellantur
319 2700 523 2744 epiclintae‚
557 2702 655 2746 quasi
686 2702 722 2735 in
750 2707 987 2736 transversum
1010 2713 1048 2736 se
1072 2707 1235 2746 agentes,
1270 2700 1329 2735 alii
1358 2702 1517 2746 bastae,
1551 2713 1572 2737 a

118 2744 342 2779 similitudine
366 2757 477 2791 aquae
501 2747 775 2792 effervescentis,
801 2748 997 2793 epiclintae,
1020 2748 1079 2793 qui
1097 2749 1261 2785 fluctuum
1280 2747 1379 2780 modo
1400 2747 1436 2781 in
1454 2754 1569 2781 trans-

118 2802 255 2824 versum
288 2796 446 2835 movent,
481 2793 638 2836 brastae,
671 2794 731 2839 qui
764 2805 897 2828 sursum
930 2795 1087 2829 deorsum
1134 2793 1269 2828 uatiunt
1292 2793 1568 2838 succutiuntque.

119 2842 200 2871 sunt
231 2835 289 2871 alii
321 2848 438 2871 eorum
467 2845 684 2886 rumpentes,
728 2839 787 2876 alii
815 2840 1051 2876 concutientes
1081 2852 1120 2875 so
1135 2851 1209 2885 um,
1245 2839 1306 2875 alii
1337 2839 1568 2885 subsidentes7
