<?xml version="1.0" encoding="UTF-8"?>
<!DOCTYPE html PUBLIC "-//W3C//DTD XHTML 1.0 Transitional//EN"
    "http://www.w3.org/TR/xhtml1/DTD/xhtml1-transitional.dtd">
<html xmlns="http://www.w3.org/1999/xhtml" xml:lang="en" lang="en">
 <head>
  <title>
</title>
<meta http-equiv="Content-Type" content="text/html;charset=utf-8" />
  <meta name='ocr-system' content='tesseract 3.04.00' />
  <meta name='ocr-capabilities' content='ocr_page ocr_carea ocr_par ocr_line ocrx_word'/>
</head>
<body>
  <div class='ocr_page' id='page_1' title='image "./corpusscriptorum27niebuoft/corpusscriptorum27niebuoft_0254.png"; bbox 0 0 1748 3210; ppageno 0'>
   <div class='ocr_carea' id='block_1_1' title="bbox 206 203 1107 251">
    <p class='ocr_par' dir='ltr' id='par_1_1' title="bbox 206 203 1107 251">
     <span class='ocr_line' id='line_1_1' title="bbox 206 203 1107 251; baseline -0.003 -2"><span class='ocrx_word' id='word_1_1' title='bbox 206 203 296 251; x_wconf 85' lang='lat'>184</span> <span class='ocrx_word' id='word_1_2' title='bbox 723 203 942 248; x_wconf 88' lang='lat' dir='ltr'><strong>IOANNIS</strong></span> <span class='ocrx_word' id='word_1_3' title='bbox 977 203 1107 246; x_wconf 88' lang='lat' dir='ltr'>LYDI</span> 
     </span>
    </p>
   </div>
   <div class='ocr_carea' id='block_1_2' title="bbox 188 314 1683 1770">
    <p class='ocr_par' dir='ltr' id='par_1_2' title="bbox 188 314 1683 1770">
     <span class='ocr_line' id='line_1_2' title="bbox 338 314 1618 372; baseline 0 -14"><span class='ocrx_word' id='word_1_4' title='bbox 338 317 410 362; x_wconf 85' lang='lat'>19.</span> <span class='ocrx_word' id='word_1_5' title='bbox 469 317 577 360; x_wconf 77' lang='grc' dir='ltr'>Ἀλλ’</span> <span class='ocrx_word' id='word_1_6' title='bbox 613 317 708 365; x_wconf 66' lang='grc' dir='ltr'><em>ἴσως</em></span> <span class='ocrx_word' id='word_1_7' title='bbox 737 320 814 358; x_wconf 83' lang='grc' dir='ltr'>τῶν</span> <span class='ocrx_word' id='word_1_8' title='bbox 843 314 1170 369; x_wconf 74' lang='grc' dir='ltr'><em>ἀναγνωσομένων</em></span> <span class='ocrx_word' id='word_1_9' title='bbox 1188 316 1225 357; x_wconf 80' lang='grc' dir='ltr'>οἱ</span> <span class='ocrx_word' id='word_1_10' title='bbox 1246 315 1527 372; x_wconf 74' lang='grc' dir='ltr'><em>νουνεχέστεροι</em></span> <span class='ocrx_word' id='word_1_11' title='bbox 1546 314 1618 358; x_wconf 82' lang='grc' dir='ltr'>οὗκ</span> 
     </span>
     <span class='ocr_line' id='line_1_3' title="bbox 198 379 1617 438; baseline -0.002 -12"><span class='ocrx_word' id='word_1_12' title='bbox 198 381 275 434; x_wconf 62' lang='grc' dir='ltr'>ἔξω</span> <span class='ocrx_word' id='word_1_13' title='bbox 291 382 408 437; x_wconf 75' lang='grc' dir='ltr'><em>λόγου</em></span> <span class='ocrx_word' id='word_1_14' title='bbox 428 386 770 438; x_wconf 79' lang='grc' dir='ltr'><em>καταδραμοῦνται</em></span> <span class='ocrx_word' id='word_1_15' title='bbox 795 381 984 438; x_wconf 73' lang='grc' dir='ltr'><em>φήσοντες</em></span> <span class='ocrx_word' id='word_1_16' title='bbox 1007 379 1077 423; x_wconf 72' lang='lat' dir='ltr'>“tl</span> <span class='ocrx_word' id='word_1_17' title='bbox 1094 379 1142 435; x_wconf 79' lang='grc' dir='ltr'>δή</span> <span class='ocrx_word' id='word_1_18' title='bbox 1165 398 1255 422; x_wconf 90' lang='grc' dir='ltr'><em>ποτε</em></span> <span class='ocrx_word' id='word_1_19' title='bbox 1277 384 1362 438; x_wconf 78' lang='grc' dir='ltr'><em>περὶ</em></span> <span class='ocrx_word' id='word_1_20' title='bbox 1384 387 1460 425; x_wconf 80' lang='grc' dir='ltr'>τῶν</span> <span class='ocrx_word' id='word_1_21' title='bbox 1481 381 1617 435; x_wconf 74' lang='grc' dir='ltr'><strong>ἐπισή-</strong></span> 
     </span>
     <span class='ocr_line' id='line_1_4' title="bbox 198 446 1618 506; baseline -0.001 -14"><span class='ocrx_word' id='word_1_22' title='bbox 198 467 285 503; x_wconf 88' lang='grc' dir='ltr'>μων</span> <span class='ocrx_word' id='word_1_23' title='bbox 305 455 375 503; x_wconf 80' lang='grc' dir='ltr'>τῆς</span> <span class='ocrx_word' id='word_1_24' title='bbox 395 451 517 506; x_wconf 81' lang='grc' dir='ltr'><em>ἀρχῆς</em></span> <span class='ocrx_word' id='word_1_25' title='bbox 535 448 802 501; x_wconf 73' lang='grc' dir='ltr'><em>ὑποσχόμενος</em></span> <span class='ocrx_word' id='word_1_26' title='bbox 819 452 948 499; x_wconf 76' lang='grc' dir='ltr'><em>εἰπεῖν,</em></span> <span class='ocrx_word' id='word_1_27' title='bbox 979 449 1035 502; x_wconf 84' lang='grc' dir='ltr'>μὴ</span> <span class='ocrx_word' id='word_1_28' title='bbox 1055 446 1120 488; x_wconf 76' lang='grc' dir='ltr'>καὶ</span> <span class='ocrx_word' id='word_1_29' title='bbox 1138 449 1330 500; x_wconf 78' lang='grc' dir='ltr'><em>βηξίλλων</em></span> <span class='ocrx_word' id='word_1_30' title='bbox 1347 451 1412 490; x_wconf 82' lang='grc' dir='ltr'>καὶ</span> <span class='ocrx_word' id='word_1_31' title='bbox 1433 450 1618 491; x_wconf 77' lang='grc' dir='ltr'><em>πελέκεων</em></span> 
     </span>
     <span class='ocr_line' id='line_1_5' title="bbox 188 509 1618 571; baseline -0.001 -13"><span class='ocrx_word' id='word_1_32' title='bbox 188 519 264 558; x_wconf 79' lang='grc' dir='ltr'><em>’καὶ</em></span> <span class='ocrx_word' id='word_1_33' title='bbox 282 516 490 569; x_wconf 79' lang='grc' dir='ltr'><em>κλημάτων</em></span> <span class='ocrx_word' id='word_1_34' title='bbox 507 515 818 569; x_wconf 71' lang='grc' dir='ltr'><em>ἓμνημόνευσαςς</em></span> <span class='ocrx_word' id='word_1_35' title='bbox 844 520 970 557; x_wconf 83' lang='grc' dir='ltr'><em>ταῦτα</em></span> <span class='ocrx_word' id='word_1_36' title='bbox 987 515 1063 571; x_wconf 76' lang='grc' dir='ltr'><em>γὰρ</em></span> <span class='ocrx_word' id='word_1_37' title='bbox 1082 509 1130 567; x_wconf 74' lang='grc' dir='ltr'>ἦν</span> <span class='ocrx_word' id='word_1_38' title='bbox 1146 518 1204 570; x_wconf 74' lang='grc' dir='ltr'>τῷ</span> <span class='ocrx_word' id='word_1_39' title='bbox 1221 513 1400 571; x_wconf 76' lang='grc' dir='ltr'><em>ἱππάρχῳ</em></span> <span class='ocrx_word' id='word_1_40' title='bbox 1422 516 1466 556; x_wconf 83' lang='grc' dir='ltr'><em>τὸ</em></span> <span class='ocrx_word' id='word_1_41' title='bbox 1482 515 1618 566; x_wconf 81' lang='grc' dir='ltr'><em>πάλαι,</em></span> 
     </span>
     <span class='ocr_line' id='line_1_6' title="bbox 200 580 1647 639; baseline 0 -15"><span class='ocrx_word' id='word_1_42' title='bbox 200 584 288 625; x_wconf 74' lang='grc' dir='ltr'><em>ἀντ’</em></span> <span class='ocrx_word' id='word_1_43' title='bbox 314 584 457 624; x_wconf 70' lang='grc' dir='ltr'><em>ἐκείνου</em></span> <span class='ocrx_word' id='word_1_44' title='bbox 481 583 524 623; x_wconf 74' lang='grc' dir='ltr'>δὲ</span> <span class='ocrx_word' id='word_1_45' title='bbox 541 587 618 624; x_wconf 83' lang='grc' dir='ltr'>τῶν</span> <span class='ocrx_word' id='word_1_46' title='bbox 637 585 883 639; x_wconf 85' lang='grc' dir='ltr'><em>πραιτωρίων</em></span> <span class='ocrx_word' id='word_1_47' title='bbox 897 580 1113 638; x_wconf 79' lang='grc' dir='ltr'><em>ῧπαρχονὸ</em></span> <span class='ocrx_word' id='word_1_48' title='bbox 1138 585 1292 637; x_wconf 84' lang='grc' dir='ltr'><em>πρῶτος</em></span> <span class='ocrx_word' id='word_1_49' title='bbox 1319 585 1396 622; x_wconf 85' lang='grc' dir='ltr'>τῶν</span> <span class='ocrx_word' id='word_1_50' title='bbox 1422 582 1647 634; x_wconf 72' lang='grc' dir='ltr'><em>βασιλέωνδ</em></span> 
     </span>
     <span class='ocr_line' id='line_1_7' title="bbox 198 642 1620 705; baseline 0 -15"><span class='ocrx_word' id='word_1_51' title='bbox 198 649 286 703; x_wconf 75' lang='grc' dir='ltr'><strong>ἤτοι</strong></span> <span class='ocrx_word' id='word_1_52' title='bbox 310 648 527 705; x_wconf 78' lang='grc' dir='ltr'><em>Καισάρων</em></span> <span class='ocrx_word' id='word_1_53' title='bbox 548 647 877 705; x_wconf 75' lang='grc' dir='ltr'><em>ε’χειροτόνησεν.”</em></span> <span class='ocrx_word' id='word_1_54' title='bbox 946 644 995 703; x_wconf 77' lang='grc' dir='ltr'>ἦν</span> <span class='ocrx_word' id='word_1_55' title='bbox 1018 649 1089 702; x_wconf 76' lang='grc' dir='ltr'>μὲν</span> <span class='ocrx_word' id='word_1_56' title='bbox 1117 642 1207 698; x_wconf 71' lang='grc' dir='ltr'><em>οὖν,</em></span> <span class='ocrx_word' id='word_1_57' title='bbox 1246 648 1370 702; x_wconf 73' lang='grc' dir='ltr'><em>φημί,</em></span> <span class='ocrx_word' id='word_1_58' title='bbox 1411 649 1476 688; x_wconf 83' lang='grc' dir='ltr'>καὶ</span> <span class='ocrx_word' id='word_1_59' title='bbox 1494 653 1620 690; x_wconf 80' lang='grc' dir='ltr'><em>ταῦτα</em></span> 
     </span>
     <span class='ocr_line' id='line_1_8' title="bbox 197 714 1621 772; baseline -0.001 -16"><span class='ocrx_word' id='word_1_60' title='bbox 197 717 451 771; x_wconf 66' lang='grc' dir='ltr'><em>γνωρίσματα</em></span> <span class='ocrx_word' id='word_1_61' title='bbox 477 720 555 757; x_wconf 80' lang='grc' dir='ltr'>τῶν</span> <span class='ocrx_word' id='word_1_62' title='bbox 581 718 829 772; x_wconf 85' lang='grc' dir='ltr'><em>πραιτωρίων</em></span> <span class='ocrx_word' id='word_1_63' title='bbox 855 714 1043 772; x_wconf 71' lang='grc' dir='ltr'><em>ὑπάρχων</em></span> <span class='ocrx_word' id='word_1_64' title='bbox 1066 714 1158 771; x_wconf 72' lang='grc' dir='ltr'><strong>ἄχρι</strong></span> <span class='ocrx_word' id='word_1_65' title='bbox 1178 714 1440 766; x_wconf 69' lang='grc' dir='ltr'><em>Δομετιανοῦ.</em></span> <span class='ocrx_word' id='word_1_66' title='bbox 1480 744 1483 746; x_wconf 90' lang='grc'>-</span> <span class='ocrx_word' id='word_1_67' title='bbox 1505 714 1621 764; x_wconf 78' lang='grc' dir='ltr'><em>αὖτὸς</em></span> 
     </span>
     <span class='ocr_line' id='line_1_9' title="bbox 200 779 1622 839; baseline -0.001 -16"><span class='ocrx_word' id='word_1_68' title='bbox 200 783 244 823; x_wconf 74' lang='grc' dir='ltr'>δὲ</span> <span class='ocrx_word' id='word_1_69' title='bbox 265 784 448 823; x_wconf 81' lang='grc' dir='ltr'><em>Φοῧσκον</em></span> <span class='ocrx_word' id='word_1_70' title='bbox 469 782 642 835; x_wconf 77' lang='grc' dir='ltr'><em>τοῖίνομα</em></span> <span class='ocrx_word' id='word_1_71' title='bbox 662 788 731 836; x_wconf 79' lang='grc' dir='ltr'>τῆς</span> <span class='ocrx_word' id='word_1_72' title='bbox 755 784 879 839; x_wconf 77' lang='grc' dir='ltr'><em>ἀρχῆς</em></span> <span class='ocrx_word' id='word_1_73' title='bbox 895 780 1214 838; x_wconf 71' lang='grc' dir='ltr'><em>προστησάμενος</em></span> <span class='ocrx_word' id='word_1_74' title='bbox 1232 780 1344 834; x_wconf 69' lang='grc' dir='ltr'><em>ἔγγὺς</em></span> <span class='ocrx_word' id='word_1_75' title='bbox 1360 779 1454 834; x_wconf 80' lang='grc' dir='ltr'><em>ὅλην</em></span> <span class='ocrx_word' id='word_1_76' title='bbox 1471 780 1542 834; x_wconf 82' lang='grc' dir='ltr'>τὴν</span> <span class='ocrx_word' id='word_1_77' title='bbox 1552 784 1622 832; x_wconf 82' lang='grc' dir='ltr'>τῆς</span> 
     </span>
     <span class='ocr_line' id='line_1_10' title="bbox 201 845 1623 907; baseline -0.001 -19"><span class='ocrx_word' id='word_1_78' title='bbox 201 849 417 904; x_wconf 77' lang='grc' dir='ltr'><em>ἱππαρχίας</em></span> <span class='ocrx_word' id='word_1_79' title='bbox 442 848 599 903; x_wconf 80' lang='grc' dir='ltr'><em>μνήμην</em></span> <span class='ocrx_word' id='word_1_80' title='bbox 630 849 870 907; x_wconf 48' lang='lat' dir='ltr'>timiamate,-</span> <span class='ocrx_word' id='word_1_81' title='bbox 888 849 944 903; x_wconf 88' lang='grc' dir='ltr'>μὴ</span> <span class='ocrx_word' id='word_1_82' title='bbox 965 851 1148 899; x_wconf 76' lang='grc' dir='ltr'><em>πέλεκυν,</em></span> <span class='ocrx_word' id='word_1_83' title='bbox 1181 847 1236 902; x_wconf 83' lang='grc' dir='ltr'>μὴ</span> <span class='ocrx_word' id='word_1_84' title='bbox 1259 845 1428 900; x_wconf 78' lang='grc' dir='ltr'><em>βήξιλλα</em></span> <span class='ocrx_word' id='word_1_85' title='bbox 1451 846 1553 900; x_wconf 76' lang='grc' dir='ltr'><em>μηδὲ</em></span> <span class='ocrx_word' id='word_1_86' title='bbox 1574 846 1623 888; x_wconf 79' lang='grc' dir='ltr'>τὰ</span> 
     </span>
     <span class='ocr_line' id='line_1_11' title="bbox 200 912 1675 971; baseline -0.001 -16"><span class='ocrx_word' id='word_1_87' title='bbox 200 914 386 969; x_wconf 79' lang='grc' dir='ltr'><em>λεγόμενα</em></span> <span class='ocrx_word' id='word_1_88' title='bbox 407 915 590 969; x_wconf 76' lang='grc' dir='ltr'><em>κλήματα</em></span> <span class='ocrx_word' id='word_1_89' title='bbox 610 915 846 958; x_wconf 85' lang='grc' dir='ltr'><em>καταλιπών.</em></span> <span class='ocrx_word' id='word_1_90' title='bbox 891 916 935 957; x_wconf 84' lang='grc' dir='ltr'>τὸ</span> <span class='ocrx_word' id='word_1_91' title='bbox 958 915 1033 971; x_wconf 79' lang='grc' dir='ltr'><em>γὰρ</em></span> <span class='ocrx_word' id='word_1_92' title='bbox 1055 917 1114 957; x_wconf 76' lang='grc' dir='ltr'>ἔπι</span> <span class='ocrx_word' id='word_1_93' title='bbox 1136 919 1207 957; x_wconf 85' lang='grc' dir='ltr'>τοῦ</span> <span class='ocrx_word' id='word_1_94' title='bbox 1224 912 1417 968; x_wconf 85' lang='grc' dir='ltr'><em>παρόντος</em></span> <span class='ocrx_word' id='word_1_95' title='bbox 1435 918 1491 970; x_wconf 78' lang='grc' dir='ltr'>τῷ</span> <span class='ocrx_word' id='word_1_96' title='bbox 1510 914 1622 968; x_wconf 81' lang='grc' dir='ltr'><em>πρίγ-</em></span> <span class='ocrx_word' id='word_1_97' title='bbox 1633 923 1675 958; x_wconf 82' lang='lat'>10</span> 
     </span>
     <span class='ocr_line' id='line_1_12' title="bbox 199 977 1624 1039; baseline -0.001 -17"><span class='ocrx_word' id='word_1_98' title='bbox 199 998 282 1022; x_wconf 85' lang='grc' dir='ltr'><strong>κιπι</strong></span> <span class='ocrx_word' id='word_1_99' title='bbox 305 986 436 1035; x_wconf 88' lang='grc' dir='ltr'><em>κλημα</em></span> <span class='ocrx_word' id='word_1_100' title='bbox 455 981 669 1038; x_wconf 75' lang='grc' dir='ltr'><em>φερόμενον</em></span> <span class='ocrx_word' id='word_1_101' title='bbox 688 983 835 1025; x_wconf 77' lang='grc' dir='ltr'><em>οὐδὲν</em></span> <span class='ocrx_word' id='word_1_102' title='bbox 822 984 951 1039; x_wconf 69' lang='grc' dir='ltr'><em>ἕτερον</em></span> <span class='ocrx_word' id='word_1_103' title='bbox 979 1000 1087 1038; x_wconf 88' lang='grc' dir='ltr'><em>παρα</em></span> <span class='ocrx_word' id='word_1_104' title='bbox 1106 982 1177 1035; x_wconf 81' lang='grc' dir='ltr'>τὴν</span> <span class='ocrx_word' id='word_1_105' title='bbox 1193 981 1460 1037; x_wconf 79' lang='grc' dir='ltr'><em>προσηγορίαν</em></span> <span class='ocrx_word' id='word_1_106' title='bbox 1477 977 1624 1020; x_wconf 74' lang='grc' dir='ltr'><em>διασώ-</em></span> 
     </span>
     <span class='ocr_line' id='line_1_13' title="bbox 200 1039 1626 1105; baseline -0.002 -16"><span class='ocrx_word' id='word_1_107' title='bbox 200 1050 255 1099; x_wconf 82' lang='grc' dir='ltr'>ζει</span> <span class='ocrx_word' id='word_1_108' title='bbox 271 1053 341 1102; x_wconf 78' lang='grc' dir='ltr'>τῆς</span> <span class='ocrx_word' id='word_1_109' title='bbox 361 1048 630 1105; x_wconf 77' lang='grc' dir='ltr'><em>ἀρχαιότητος.</em></span> <span class='ocrx_word' id='word_1_110' title='bbox 669 1049 791 1091; x_wconf 82' lang='grc' dir='ltr'><em>πάλαι</em></span> <span class='ocrx_word' id='word_1_111' title='bbox 809 1049 883 1105; x_wconf 78' lang='grc' dir='ltr'><em>γάρ</em></span> <span class='ocrx_word' id='word_1_112' title='bbox 895 1081 908 1100; x_wconf 85' lang='lat'><strong>,</strong></span> <span class='ocrx_word' id='word_1_113' title='bbox 935 1051 999 1090; x_wconf 81' lang='grc' dir='ltr'>καὶ</span> <span class='ocrx_word' id='word_1_114' title='bbox 1021 1054 1088 1091; x_wconf 79' lang='grc' dir='ltr'>νῦν</span> <span class='ocrx_word' id='word_1_115' title='bbox 1106 1039 1149 1090; x_wconf 53' lang='grc' dir='ltr'>δἐῗ</span> <span class='ocrx_word' id='word_1_116' title='bbox 1168 1048 1277 1103; x_wconf 83' lang='grc' dir='ltr'><em>παρὰ</em></span> <span class='ocrx_word' id='word_1_117' title='bbox 1299 1053 1379 1096; x_wconf 79' lang='grc' dir='ltr'><em>τοῖς</em></span> <span class='ocrx_word' id='word_1_118' title='bbox 1398 1051 1476 1088; x_wconf 83' lang='grc' dir='ltr'>τῶν</span> <span class='ocrx_word' id='word_1_119' title='bbox 1493 1045 1626 1087; x_wconf 82' lang='grc' dir='ltr'><em>ὅπλων</em></span> 
     </span>
     <span class='ocr_line' id='line_1_14' title="bbox 200 1111 1625 1172; baseline -0.003 -15"><span class='ocrx_word' id='word_1_120' title='bbox 200 1114 489 1170; x_wconf 73' lang='grc' dir='ltr'><em>στρατεύμασιν</em></span> <span class='ocrx_word' id='word_1_121' title='bbox 512 1117 735 1172; x_wconf 73' lang='grc' dir='ltr'><em>ἐπιφέρεται</em></span> <span class='ocrx_word' id='word_1_122' title='bbox 764 1135 785 1158; x_wconf 93' lang='grc' dir='ltr'><em>ο</em></span> <span class='ocrx_word' id='word_1_123' title='bbox 819 1121 896 1158; x_wconf 83' lang='grc' dir='ltr'>τῶν</span> <span class='ocrx_word' id='word_1_124' title='bbox 922 1117 1137 1170; x_wconf 75' lang='grc' dir='ltr'><em>λεγομένων</em></span> <span class='ocrx_word' id='word_1_125' title='bbox 1164 1113 1341 1170; x_wconf 83' lang='grc' dir='ltr'><em>βιάρχων</em></span> <span class='ocrx_word' id='word_1_126' title='bbox 1373 1117 1527 1169; x_wconf 82' lang='grc' dir='ltr'><em>πρῶτος</em></span> <span class='ocrx_word' id='word_1_127' title='bbox 1551 1111 1625 1168; x_wconf 82' lang='grc' dir='ltr'>ῥά-</span> 
     </span>
     <span class='ocr_line' id='line_1_15' title="bbox 198 1179 1626 1238; baseline -0.002 -16"><span class='ocrx_word' id='word_1_128' title='bbox 198 1183 299 1233; x_wconf 79' lang='grc' dir='ltr'><em>βδον</em></span> <span class='ocrx_word' id='word_1_129' title='bbox 316 1180 487 1235; x_wconf 79' lang='grc' dir='ltr'><em>κλήματι</em></span> <span class='ocrx_word' id='word_1_130' title='bbox 505 1184 546 1231; x_wconf 73' lang='grc' dir='ltr'>ἓξ</span> <span class='ocrx_word' id='word_1_131' title='bbox 559 1181 733 1238; x_wconf 77' lang='grc' dir='ltr'><em>ἀργύρου</em></span> <span class='ocrx_word' id='word_1_132' title='bbox 750 1183 994 1237; x_wconf 76' lang='grc' dir='ltr'><em>πεποιημένῳ</em></span> <span class='ocrx_word' id='word_1_133' title='bbox 1011 1181 1372 1236; x_wconf 70' lang='grc' dir='ltr'><em>περιπεπλεγμένην,</em></span> <span class='ocrx_word' id='word_1_134' title='bbox 1397 1179 1496 1235; x_wconf 83' lang='grc' dir='ltr'><em>πρὸς</em></span> <span class='ocrx_word' id='word_1_135' title='bbox 1511 1182 1626 1231; x_wconf 80' lang='grc' dir='ltr'><em>τιμῆς</em></span> 
     </span>
     <span class='ocr_line' id='line_1_16' title="bbox 198 1245 1679 1303; baseline 0.001 -15"><span class='ocrx_word' id='word_1_136' title='bbox 198 1251 272 1288; x_wconf 75' lang='grc' dir='ltr'><em>τοῦ</em></span> <span class='ocrx_word' id='word_1_137' title='bbox 289 1249 382 1288; x_wconf 79' lang='grc' dir='ltr'><em>ποτὲ</em></span> <span class='ocrx_word' id='word_1_138' title='bbox 400 1249 634 1300; x_wconf 68' lang='grc' dir='ltr'><em>τιμηθέντος</em></span> <span class='ocrx_word' id='word_1_139' title='bbox 647 1247 860 1299; x_wconf 81' lang='grc' dir='ltr'><em>Διονύσου,</em></span> <span class='ocrx_word' id='word_1_140' title='bbox 882 1246 935 1296; x_wconf 80' lang='grc' dir='ltr'>ὡς</span> <span class='ocrx_word' id='word_1_141' title='bbox 954 1249 993 1288; x_wconf 74' lang='grc' dir='ltr'>ἓν</span> <span class='ocrx_word' id='word_1_142' title='bbox 1010 1254 1092 1295; x_wconf 78' lang='grc' dir='ltr'><em>τοῖς</em></span> <span class='ocrx_word' id='word_1_143' title='bbox 1110 1249 1197 1303; x_wconf 81' lang='grc' dir='ltr'><em>περὶ</em></span> <span class='ocrx_word' id='word_1_144' title='bbox 1215 1250 1349 1300; x_wconf 78' lang='grc' dir='ltr'><em>μηνῶν</em></span> <span class='ocrx_word' id='word_1_145' title='bbox 1367 1245 1625 1301; x_wconf 74' lang='grc' dir='ltr'><em>ἀποχρώντως</em></span> <span class='ocrx_word' id='word_1_146' title='bbox 1637 1255 1679 1289; x_wconf 87' lang='grc'>15</span> 
     </span>
     <span class='ocr_line' id='line_1_17' title="bbox 196 1310 1627 1371; baseline -0.001 -18"><span class='ocrx_word' id='word_1_147' title='bbox 196 1311 293 1366; x_wconf 69' lang='grc' dir='ltr'><em>ἡμῖν</em></span> <span class='ocrx_word' id='word_1_148' title='bbox 305 1312 523 1367; x_wconf 77' lang='grc' dir='ltr'><em>ἀνήνεκται.</em></span> <span class='ocrx_word' id='word_1_149' title='bbox 551 1315 712 1356; x_wconf 77' lang='grc' dir='ltr'><em>πέλεκυν</em></span> <span class='ocrx_word' id='word_1_150' title='bbox 724 1315 765 1355; x_wconf 76' lang='grc' dir='ltr'>δὲ</span> <span class='ocrx_word' id='word_1_151' title='bbox 773 1313 882 1371; x_wconf 81' lang='grc' dir='ltr'><em>μόνῳ</em></span> <span class='ocrx_word' id='word_1_152' title='bbox 893 1318 949 1371; x_wconf 77' lang='grc' dir='ltr'>τῷ</span> <span class='ocrx_word' id='word_1_153' title='bbox 958 1312 1094 1370; x_wconf 67' lang='grc' dir='ltr'><em>ὑπάτῳ</em></span> <span class='ocrx_word' id='word_1_154' title='bbox 1105 1315 1168 1354; x_wconf 84' lang='grc' dir='ltr'>καὶ</span> <span class='ocrx_word' id='word_1_155' title='bbox 1178 1319 1264 1362; x_wconf 80' lang='grc' dir='ltr'><em>ταῖς</em></span> <span class='ocrx_word' id='word_1_156' title='bbox 1272 1310 1478 1360; x_wconf 69' lang='grc' dir='ltr'><em>ὑπατικαῖς</em></span> <span class='ocrx_word' id='word_1_157' title='bbox 1487 1313 1627 1366; x_wconf 79' lang='grc' dir='ltr'><em>ἀρχαῖς</em></span> 
     </span>
     <span class='ocr_line' id='line_1_18' title="bbox 197 1376 1628 1436; baseline -0.003 -14"><span class='ocrx_word' id='word_1_158' title='bbox 197 1384 278 1422; x_wconf 82' lang='grc' dir='ltr'>τῶν</span> <span class='ocrx_word' id='word_1_159' title='bbox 295 1381 491 1436; x_wconf 74' lang='grc' dir='ltr'><em>ἐπαρχιῶν</em></span> <span class='ocrx_word' id='word_1_160' title='bbox 507 1383 783 1423; x_wconf 77' lang='grc' dir='ltr'><em>καταλέλοιπεν</em></span> <span class='ocrx_word' id='word_1_161' title='bbox 806 1381 826 1423; x_wconf 83' lang='grc' dir='ltr'><em>ὃ</em></span> <span class='ocrx_word' id='word_1_162' title='bbox 839 1379 983 1436; x_wconf 80' lang='grc' dir='ltr'><em>χρόνος</em></span> <span class='ocrx_word' id='word_1_163' title='bbox 1001 1382 1242 1434; x_wconf 73' lang='grc' dir='ltr'><em>ἔναλλαγείς,</em></span> <span class='ocrx_word' id='word_1_164' title='bbox 1271 1380 1366 1427; x_wconf 71' lang='grc' dir='ltr'><em>ἴσως</em></span> <span class='ocrx_word' id='word_1_165' title='bbox 1382 1376 1628 1434; x_wconf 60' lang='grc' dir='ltr'><em>ἐρυθριάσας</em></span> 
     </span>
     <span class='ocr_line' id='line_1_19' title="bbox 199 1443 1629 1504; baseline -0.001 -17"><span class='ocrx_word' id='word_1_166' title='bbox 199 1448 266 1488; x_wconf 79' lang='grc' dir='ltr'>καὶ</span> <span class='ocrx_word' id='word_1_167' title='bbox 284 1446 426 1489; x_wconf 81' lang='grc' dir='ltr'><em>τούτου</em></span> <span class='ocrx_word' id='word_1_168' title='bbox 444 1453 515 1489; x_wconf 81' lang='grc' dir='ltr'>τοῦ</span> <span class='ocrx_word' id='word_1_169' title='bbox 530 1450 800 1504; x_wconf 74' lang='grc' dir='ltr'><em>γνωρίσματος</em></span> <span class='ocrx_word' id='word_1_170' title='bbox 820 1448 890 1501; x_wconf 86' lang='grc' dir='ltr'>τὴν</span> <span class='ocrx_word' id='word_1_171' title='bbox 907 1446 1057 1488; x_wconf 72' lang='grc' dir='ltr'><em>ὕπατον</em></span> <span class='ocrx_word' id='word_1_172' title='bbox 1071 1448 1292 1503; x_wconf 73' lang='grc' dir='ltr'><em>ἀφελέσθαι</em></span> <span class='ocrx_word' id='word_1_173' title='bbox 1304 1443 1434 1498; x_wconf 81' lang='grc' dir='ltr'><em>τιμήν.</em></span> <span class='ocrx_word' id='word_1_174' title='bbox 1458 1443 1629 1498; x_wconf 79' lang='grc' dir='ltr'><em>βήξιλλα</em></span> 
     </span>
     <span class='ocr_line' id='line_1_20' title="bbox 198 1511 1629 1571; baseline -0.002 -17"><span class='ocrx_word' id='word_1_175' title='bbox 198 1514 276 1570; x_wconf 77' lang='grc' dir='ltr'><em>γὰρ</em></span> <span class='ocrx_word' id='word_1_176' title='bbox 308 1515 428 1562; x_wconf 80' lang='grc' dir='ltr'><em>αὐτὸς</em></span> <span class='ocrx_word' id='word_1_177' title='bbox 453 1514 574 1567; x_wconf 89' lang='grc' dir='ltr'><em>μόνος</em></span> <span class='ocrx_word' id='word_1_178' title='bbox 603 1514 806 1571; x_wconf 83' lang='grc' dir='ltr'><em>ὅΚαῖσαρ</em></span> <span class='ocrx_word' id='word_1_179' title='bbox 837 1515 936 1567; x_wconf 62' lang='grc' dir='ltr'><strong>ἔχειν</strong></span> <span class='ocrx_word' id='word_1_180' title='bbox 965 1515 1009 1555; x_wconf 85' lang='grc' dir='ltr'><em>τὸ</em></span> <span class='ocrx_word' id='word_1_181' title='bbox 1042 1515 1180 1555; x_wconf 82' lang='grc' dir='ltr'><em>λοιπὸν</em></span> <span class='ocrx_word' id='word_1_182' title='bbox 1202 1514 1449 1568; x_wconf 81' lang='grc' dir='ltr'><em>γνωρίζεται·</em></span> <span class='ocrx_word' id='word_1_183' title='bbox 1479 1513 1566 1553; x_wconf 85' lang='grc' dir='ltr'><em>τίνα</em></span> <span class='ocrx_word' id='word_1_184' title='bbox 1585 1511 1629 1552; x_wconf 76' lang='grc' dir='ltr'>δὲ</span> 
     </span>
     <span class='ocr_line' id='line_1_21' title="bbox 199 1575 1683 1638; baseline -0.002 -16"><span class='ocrx_word' id='word_1_185' title='bbox 199 1585 338 1630; x_wconf 79' lang='grc' dir='ltr'><em>ταῦτα,</em></span> <span class='ocrx_word' id='word_1_186' title='bbox 373 1583 414 1622; x_wconf 73' lang='grc' dir='ltr'>ἐν</span> <span class='ocrx_word' id='word_1_187' title='bbox 438 1586 494 1638; x_wconf 75' lang='grc' dir='ltr'>τῷ</span> <span class='ocrx_word' id='word_1_188' title='bbox 515 1584 602 1637; x_wconf 76' lang='grc' dir='ltr'><em>περὶ</em></span> <span class='ocrx_word' id='word_1_189' title='bbox 623 1586 758 1634; x_wconf 85' lang='grc' dir='ltr'><em>μηνῶν</em></span> <span class='ocrx_word' id='word_1_190' title='bbox 780 1582 1038 1634; x_wconf 74' lang='grc' dir='ltr'><em>ἐπεδείξαμεν.</em></span> <span class='ocrx_word' id='word_1_191' title='bbox 1106 1578 1310 1630; x_wconf 72' lang='grc' dir='ltr'><em>κενόδοξος</em></span> <span class='ocrx_word' id='word_1_192' title='bbox 1325 1579 1402 1634; x_wconf 84' lang='grc' dir='ltr'><em>γὰρ</em></span> <span class='ocrx_word' id='word_1_193' title='bbox 1423 1577 1478 1619; x_wconf 82' lang='grc' dir='ltr'>ὢν</span> <span class='ocrx_word' id='word_1_194' title='bbox 1501 1575 1521 1619; x_wconf 82' lang='grc' dir='ltr'><strong><em>ὃ</em></strong></span> <span class='ocrx_word' id='word_1_195' title='bbox 1542 1577 1683 1619; x_wconf 60' lang='lat' dir='ltr'>Alo-20</span> 
     </span>
     <span class='ocr_line' id='line_1_22' title="bbox 199 1645 1628 1703; baseline -0.002 -16"><span class='ocrx_word' id='word_1_196' title='bbox 199 1647 383 1700; x_wconf 82' lang='grc' dir='ltr'><em>μετιανὸς</em></span> <span class='ocrx_word' id='word_1_197' title='bbox 402 1655 484 1695; x_wconf 79' lang='grc' dir='ltr'><em>τοῖς</em></span> <span class='ocrx_word' id='word_1_198' title='bbox 504 1654 776 1703; x_wconf 81' lang='grc' dir='ltr'><em>νεωτερισμοῖς</em></span> <span class='ocrx_word' id='word_1_199' title='bbox 796 1647 966 1703; x_wconf 61' lang='grc' dir='ltr'><em>ἔχαιρεν·</em></span> <span class='ocrx_word' id='word_1_200' title='bbox 1002 1647 1101 1688; x_wconf 72' lang='grc' dir='ltr'><strong>ἴδιον</strong></span> <span class='ocrx_word' id='word_1_201' title='bbox 1123 1648 1166 1688; x_wconf 72' lang='grc' dir='ltr'>δὲ</span> <span class='ocrx_word' id='word_1_202' title='bbox 1186 1645 1378 1702; x_wconf 82' lang='grc' dir='ltr'><em>τυράννου</em></span> <span class='ocrx_word' id='word_1_203' title='bbox 1401 1645 1628 1700; x_wconf 75' lang='grc' dir='ltr'><em>ἀνατρέπειν</em></span> 
     </span>
     <span class='ocr_line' id='line_1_23' title="bbox 199 1711 1630 1770; baseline -0.002 -16"><span class='ocrx_word' id='word_1_204' title='bbox 199 1713 250 1755; x_wconf 81' lang='grc' dir='ltr'>τὰ</span> <span class='ocrx_word' id='word_1_205' title='bbox 269 1712 390 1754; x_wconf 79' lang='grc' dir='ltr'><em>πάλαι</em></span> <span class='ocrx_word' id='word_1_206' title='bbox 405 1712 694 1768; x_wconf 73' lang='grc' dir='ltr'><em>καθεστηκότα.</em></span> <span class='ocrx_word' id='word_1_207' title='bbox 729 1713 825 1756; x_wconf 74' lang='grc' dir='ltr'><em>ὅθεν</em></span> <span class='ocrx_word' id='word_1_208' title='bbox 844 1715 888 1756; x_wconf 81' lang='grc' dir='ltr'>οὗ</span> <span class='ocrx_word' id='word_1_209' title='bbox 908 1712 1028 1768; x_wconf 88' lang='grc' dir='ltr'><em>μόνον</em></span> <span class='ocrx_word' id='word_1_210' title='bbox 1051 1713 1124 1767; x_wconf 77' lang='grc' dir='ltr'>τὴν</span> <span class='ocrx_word' id='word_1_211' title='bbox 1144 1711 1394 1770; x_wconf 76' lang='grc' dir='ltr'><em>ἕπαρχότητα</em></span> <span class='ocrx_word' id='word_1_212' title='bbox 1412 1715 1490 1753; x_wconf 80' lang='grc' dir='ltr'>τῶν</span> <span class='ocrx_word' id='word_1_213' title='bbox 1510 1728 1630 1766; x_wconf 86' lang='grc' dir='ltr'><em>πραι-</em></span> 
     </span>
    </p>
   </div>
   <div class='ocr_carea' id='block_1_3' title="bbox 287 1812 1631 1953">
    <p class='ocr_par' dir='ltr' id='par_1_3' title="bbox 287 1812 1631 1952">
     <span class='ocr_line' id='line_1_24' title="bbox 287 1812 1631 1874; baseline -0.001 -23"><span class='ocrx_word' id='word_1_214' title='bbox 287 1819 312 1852; x_wconf 77' lang='grc'>2</span> <span class='ocrx_word' id='word_1_215' title='bbox 335 1817 382 1861; x_wconf 84' lang='grc' dir='ltr'>δή</span> <span class='ocrx_word' id='word_1_216' title='bbox 401 1819 444 1861; x_wconf 99' lang='lat' dir='ltr'>F,</span> <span class='ocrx_word' id='word_1_217' title='bbox 469 1817 510 1852; x_wconf 81' lang='grc' dir='ltr'>δέ</span> <span class='ocrx_word' id='word_1_218' title='bbox 525 1819 642 1863; x_wconf 87' lang='lat' dir='ltr'>vulgo.</span> <span class='ocrx_word' id='word_1_219' title='bbox 735 1820 756 1853; x_wconf 93' lang='lat'>8</span> <span class='ocrx_word' id='word_1_220' title='bbox 771 1819 848 1873; x_wconf 79' lang='grc' dir='ltr'>γῆν</span> <span class='ocrx_word' id='word_1_221' title='bbox 867 1820 907 1862; x_wconf 88' lang='lat' dir='ltr'>C,</span> <span class='ocrx_word' id='word_1_222' title='bbox 929 1823 967 1853; x_wconf 86' lang='lat' dir='ltr'>ut</span> <span class='ocrx_word' id='word_1_223' title='bbox 985 1819 1122 1874; x_wconf 85' lang='lat' dir='ltr'>saepius</span> <span class='ocrx_word' id='word_1_224' title='bbox 1136 1830 1160 1871; x_wconf 77' lang='grc' dir='ltr'><em>γ</em></span> <span class='ocrx_word' id='word_1_225' title='bbox 1178 1830 1239 1862; x_wconf 88' lang='lat' dir='ltr'>pro</span> <span class='ocrx_word' id='word_1_226' title='bbox 1260 1830 1293 1851; x_wconf 81' lang='grc' dir='ltr'>τ.</span> <span class='ocrx_word' id='word_1_227' title='bbox 1317 1818 1363 1852; x_wconf 89' lang='lat' dir='ltr'>F.</span> <span class='ocrx_word' id='word_1_228' title='bbox 1456 1817 1495 1850; x_wconf 88' lang='lat'>11</span> <span class='ocrx_word' id='word_1_229' title='bbox 1522 1812 1631 1849; x_wconf 68' lang='grc' dir='ltr'><em>οὐδέ-</em></span> 
     </span>
     <span class='ocr_line' id='line_1_25' title="bbox 288 1845 1630 1953; baseline -0.001 -57"><span class='ocrx_word' id='word_1_230' title='bbox 288 1873 395 1942; x_wconf 53' lang='grc' dir='ltr'><em>ἷξριέν</em></span> <span class='ocrx_word' id='word_1_231' title='bbox 412 1845 490 1941; x_wconf 43' lang='lat' dir='ltr'>{ng</span> <span class='ocrx_word' id='word_1_232' title='bbox 469 1875 526 1906; x_wconf 81' lang='lat' dir='ltr'>g.o</span> <span class='ocrx_word' id='word_1_233' title='bbox 579 1865 665 1953; x_wconf 56' lang='lat' dir='ltr'>Fl}</span> <span class='ocrx_word' id='word_1_234' title='bbox 685 1862 786 1942; x_wconf 58' lang='grc' dir='ltr'>πῖἷά</span> <span class='ocrx_word' id='word_1_235' title='bbox 806 1866 952 1942; x_wconf 48' lang='lat' dir='ltr'>wig,</span> <span class='ocrx_word' id='word_1_236' title='bbox 907 1865 952 1909; x_wconf 89' lang='lat' dir='ltr'><strong>F</strong></span> <span class='ocrx_word' id='word_1_237' title='bbox 977 1875 1051 1908; x_wconf 81' lang='grc' dir='ltr'>παρ</span> <span class='ocrx_word' id='word_1_238' title='bbox 1094 1861 1224 1903; x_wconf 66' lang='grc' dir='ltr'><em>αὐτοῖς</em></span> <span class='ocrx_word' id='word_1_239' title='bbox 1245 1863 1288 1897; x_wconf 89' lang='lat' dir='ltr'>C.</span> <span class='ocrx_word' id='word_1_240' title='bbox 1381 1861 1424 1896; x_wconf 88' lang='grc'>16</span> <span class='ocrx_word' id='word_1_241' title='bbox 1445 1859 1566 1895; x_wconf 60' lang='lat' dir='ltr'>usum</span> <span class='ocrx_word' id='word_1_242' title='bbox 1587 1861 1630 1894; x_wconf 84' lang='lat' dir='ltr'>C.</span> 
     </span>
     <span class='ocr_line' id='line_1_26' title="bbox 375 1909 843 1952; baseline 0.004 -12"><span class='ocrx_word' id='word_1_243' title='bbox 375 1919 420 1941; x_wconf 82' lang='grc' dir='ltr'>να</span> <span class='ocrx_word' id='word_1_244' title='bbox 462 1909 559 1951; x_wconf 79' lang='grc' dir='ltr'><em>αγείς</em></span> <span class='ocrx_word' id='word_1_245' title='bbox 665 1920 711 1942; x_wconf 82' lang='grc' dir='ltr'>να</span> <span class='ocrx_word' id='word_1_246' title='bbox 753 1920 843 1952; x_wconf 61' lang='lat' dir='ltr'>ocyus</span> 
     </span>
    </p>
   </div>
   <div class='ocr_carea' id='block_1_4' title="bbox 196 1995 1633 2847">
    <p class='ocr_par' dir='ltr' id='par_1_4' title="bbox 196 1995 1633 2847">
     <span class='ocr_line' id='line_1_27' title="bbox 291 1995 1633 2050; baseline -0.001 -20"><span class='ocrx_word' id='word_1_247' title='bbox 291 1997 347 2030; x_wconf 89' lang='lat'>19.</span> <span class='ocrx_word' id='word_1_248' title='bbox 372 1997 418 2030; x_wconf 81' lang='lat' dir='ltr'>At</span> <span class='ocrx_word' id='word_1_249' title='bbox 428 1997 576 2030; x_wconf 87' lang='lat' dir='ltr'>fortasse</span> <span class='ocrx_word' id='word_1_250' title='bbox 587 1996 1100 2050; x_wconf 85' lang='lat' dir='ltr'>prudentioreslectorumhaud</span> <span class='ocrx_word' id='word_1_251' title='bbox 1112 1997 1258 2030; x_wconf 81' lang='lat' dir='ltr'>absurde</span> <span class='ocrx_word' id='word_1_252' title='bbox 1268 2000 1458 2039; x_wconf 86' lang='lat' dir='ltr'>occurrent,</span> <span class='ocrx_word' id='word_1_253' title='bbox 1479 1995 1633 2029; x_wconf 86' lang='lat' dir='ltr'>dicentes</span> 
     </span>
     <span class='ocr_line' id='line_1_28' title="bbox 199 2022 1631 2094; baseline -0.001 -20.983"><span class='ocrx_word' id='word_1_254' title='bbox 199 2037 305 2084; x_wconf 81' lang='lat' dir='ltr'>“quid</span> <span class='ocrx_word' id='word_1_255' title='bbox 323 2042 470 2094; x_wconf 67' lang='lat' dir='ltr'>tandem,</span> <span class='ocrx_word' id='word_1_256' title='bbox 495 2043 538 2075; x_wconf 88' lang='lat' dir='ltr'>de</span> <span class='ocrx_word' id='word_1_257' title='bbox 559 2042 750 2085; x_wconf 85' lang='lat' dir='ltr'>insignibus</span> <span class='ocrx_word' id='word_1_258' title='bbox 767 2043 986 2085; x_wconf 77' lang='lat' dir='ltr'>magistratus</span> <span class='ocrx_word' id='word_1_259' title='bbox 1006 2042 1122 2076; x_wconf 83' lang='lat' dir='ltr'><strong>dicere</strong></span> <span class='ocrx_word' id='word_1_260' title='bbox 1139 2041 1321 2085; x_wconf 77' lang='lat' dir='ltr'>pollicitus,</span> <span class='ocrx_word' id='word_1_261' title='bbox 1346 2053 1413 2074; x_wconf 92' lang='lat' dir='ltr'>non</span> <span class='ocrx_word' id='word_1_262' title='bbox 1431 2022 1467 2074; x_wconf 67' lang='lat' dir='ltr'>e’t</span> <span class='ocrx_word' id='word_1_263' title='bbox 1487 2039 1631 2073; x_wconf 83' lang='lat' dir='ltr'>vexillo-</span> 
     </span>
     <span class='ocr_line' id='line_1_29' title="bbox 199 2085 1633 2131; baseline 0.001 -14"><span class='ocrx_word' id='word_1_264' title='bbox 199 2095 274 2117; x_wconf 89' lang='lat' dir='ltr'>rum</span> <span class='ocrx_word' id='word_1_265' title='bbox 298 2090 333 2118; x_wconf 90' lang='lat' dir='ltr'>et</span> <span class='ocrx_word' id='word_1_266' title='bbox 355 2087 523 2119; x_wconf 87' lang='lat' dir='ltr'>securium</span> <span class='ocrx_word' id='word_1_267' title='bbox 551 2091 587 2120; x_wconf 90' lang='lat' dir='ltr'>et</span> <span class='ocrx_word' id='word_1_268' title='bbox 615 2087 790 2131; x_wconf 87' lang='lat' dir='ltr'>palmitum</span> <span class='ocrx_word' id='word_1_269' title='bbox 816 2087 1021 2120; x_wconf 80' lang='lat' dir='ltr'>mentionem</span> <span class='ocrx_word' id='word_1_270' title='bbox 1049 2086 1192 2120; x_wconf 68' lang='lat' dir='ltr'>fecisti?</span> <span class='ocrx_word' id='word_1_271' title='bbox 1239 2086 1324 2119; x_wconf 85' lang='lat' dir='ltr'>haec</span> <span class='ocrx_word' id='word_1_272' title='bbox 1351 2086 1439 2119; x_wconf 83' lang='lat' dir='ltr'>enim</span> <span class='ocrx_word' id='word_1_273' title='bbox 1470 2085 1633 2128; x_wconf 81' lang='lat' dir='ltr'>magistro</span> 
     </span>
     <span class='ocr_line' id='line_1_30' title="bbox 199 2129 1632 2186; baseline -0.001 -24"><span class='ocrx_word' id='word_1_274' title='bbox 199 2129 350 2172; x_wconf 87' lang='lat' dir='ltr'>equitum</span> <span class='ocrx_word' id='word_1_275' title='bbox 380 2130 457 2163; x_wconf 87' lang='lat' dir='ltr'>olim</span> <span class='ocrx_word' id='word_1_276' title='bbox 480 2132 601 2174; x_wconf 91' lang='lat' dir='ltr'>fuere,</span> <span class='ocrx_word' id='word_1_277' title='bbox 634 2143 696 2186; x_wconf 90' lang='lat' dir='ltr'>pro</span> <span class='ocrx_word' id='word_1_278' title='bbox 722 2143 788 2175; x_wconf 91' lang='lat' dir='ltr'>quo</span> <span class='ocrx_word' id='word_1_279' title='bbox 811 2132 1031 2184; x_wconf 86' lang='lat' dir='ltr'>praefectum</span> <span class='ocrx_word' id='word_1_280' title='bbox 1047 2131 1221 2176; x_wconf 88' lang='lat' dir='ltr'>praetorio</span> <span class='ocrx_word' id='word_1_281' title='bbox 1244 2131 1370 2174; x_wconf 87' lang='lat' dir='ltr'>primus</span> <span class='ocrx_word' id='word_1_282' title='bbox 1393 2130 1632 2174; x_wconf 83' lang='lat' dir='ltr'>imperatorum</span> 
     </span>
     <span class='ocr_line' id='line_1_31' title="bbox 198 2173 1632 2229; baseline 0 -23"><span class='ocrx_word' id='word_1_283' title='bbox 198 2173 275 2207; x_wconf 87' lang='lat' dir='ltr'>sive</span> <span class='ocrx_word' id='word_1_284' title='bbox 308 2174 492 2208; x_wconf 82' lang='lat' dir='ltr'>Caesarum</span> <span class='ocrx_word' id='word_1_285' title='bbox 524 2176 667 2209; x_wconf 81' lang='lat' dir='ltr'>creavit.</span> <span class='ocrx_word' id='word_1_286' title='bbox 670 2173 691 2186; x_wconf 88' lang='lat'>&#39;&#39;</span> <span class='ocrx_word' id='word_1_287' title='bbox 737 2177 836 2209; x_wconf 85' lang='lat' dir='ltr'>fuere</span> <span class='ocrx_word' id='word_1_288' title='bbox 867 2176 992 2219; x_wconf 88' lang='lat' dir='ltr'>igitur,</span> <span class='ocrx_word' id='word_1_289' title='bbox 1021 2175 1181 2229; x_wconf 83' lang='lat' dir='ltr'>inquam,</span> <span class='ocrx_word' id='word_1_290' title='bbox 1213 2180 1249 2208; x_wconf 88' lang='lat' dir='ltr'>et</span> <span class='ocrx_word' id='word_1_291' title='bbox 1275 2175 1360 2208; x_wconf 85' lang='lat' dir='ltr'>haec</span> <span class='ocrx_word' id='word_1_292' title='bbox 1382 2175 1632 2219; x_wconf 78' lang='lat' dir='ltr'>praefectorum</span> 
     </span>
     <span class='ocr_line' id='line_1_32' title="bbox 197 2219 1632 2271; baseline 0 -20"><span class='ocrx_word' id='word_1_293' title='bbox 197 2219 373 2263; x_wconf 86' lang='lat' dir='ltr'>praetorio</span> <span class='ocrx_word' id='word_1_294' title='bbox 394 2219 542 2262; x_wconf 83' lang='lat' dir='ltr'>insignia</span> <span class='ocrx_word' id='word_1_295' title='bbox 564 2221 607 2253; x_wconf 90' lang='lat' dir='ltr'>ad</span> <span class='ocrx_word' id='word_1_296' title='bbox 625 2221 853 2254; x_wconf 87' lang='lat' dir='ltr'>Domitianum</span> <span class='ocrx_word' id='word_1_297' title='bbox 871 2231 998 2264; x_wconf 88' lang='lat' dir='ltr'>usque:</span> <span class='ocrx_word' id='word_1_298' title='bbox 1022 2220 1052 2254; x_wconf 88' lang='lat' dir='ltr'>is</span> <span class='ocrx_word' id='word_1_299' title='bbox 1075 2226 1186 2254; x_wconf 84' lang='lat' dir='ltr'>autem</span> <span class='ocrx_word' id='word_1_300' title='bbox 1207 2231 1281 2253; x_wconf 91' lang='lat' dir='ltr'>cum</span> <span class='ocrx_word' id='word_1_301' title='bbox 1301 2221 1332 2253; x_wconf 91' lang='lat' dir='ltr'><strong>F</strong></span> <span class='ocrx_word' id='word_1_302' title='bbox 1335 2231 1450 2253; x_wconf 88' lang='lat' dir='ltr'>uscum</span> <span class='ocrx_word' id='word_1_303' title='bbox 1455 2219 1632 2271; x_wconf 85' lang='lat' dir='ltr'>quendam</span> 
     </span>
     <span class='ocr_line' id='line_1_33' title="bbox 196 2263 1631 2318; baseline 0.001 -23"><span class='ocrx_word' id='word_1_304' title='bbox 196 2264 436 2315; x_wconf 79' lang='lat' dir='ltr'>praefecturae</span> <span class='ocrx_word' id='word_1_305' title='bbox 445 2266 730 2318; x_wconf 81' lang='lat' dir='ltr'>praeposuisset,</span> <span class='ocrx_word' id='word_1_306' title='bbox 762 2270 868 2298; x_wconf 84' lang='lat' dir='ltr'>totam</span> <span class='ocrx_word' id='word_1_307' title='bbox 889 2266 964 2298; x_wconf 88' lang='lat' dir='ltr'>fere</span> <span class='ocrx_word' id='word_1_308' title='bbox 986 2266 1142 2309; x_wconf 81' lang='lat' dir='ltr'>magistri</span> <span class='ocrx_word' id='word_1_309' title='bbox 1165 2265 1313 2317; x_wconf 88' lang='lat' dir='ltr'>equitum</span> <span class='ocrx_word' id='word_1_310' title='bbox 1336 2263 1483 2297; x_wconf 89' lang='lat' dir='ltr'>muneris</span> <span class='ocrx_word' id='word_1_311' title='bbox 1496 2275 1631 2296; x_wconf 83' lang='lat' dir='ltr'>memo·</span> 
     </span>
     <span class='ocr_line' id='line_1_34' title="bbox 196 2307 1631 2353; baseline 0 -13"><span class='ocrx_word' id='word_1_312' title='bbox 196 2307 285 2341; x_wconf 82' lang='lat' dir='ltr'>riam</span> <span class='ocrx_word' id='word_1_313' title='bbox 307 2308 490 2352; x_wconf 80' lang='lat' dir='ltr'>exstinxit,</span> <span class='ocrx_word' id='word_1_314' title='bbox 525 2320 592 2342; x_wconf 85' lang='lat' dir='ltr'>non</span> <span class='ocrx_word' id='word_1_315' title='bbox 617 2310 782 2352; x_wconf 89' lang='lat' dir='ltr'>securim,</span> <span class='ocrx_word' id='word_1_316' title='bbox 817 2321 883 2342; x_wconf 89' lang='lat' dir='ltr'>non</span> <span class='ocrx_word' id='word_1_317' title='bbox 903 2309 1045 2352; x_wconf 86' lang='lat' dir='ltr'>vexilla,</span> <span class='ocrx_word' id='word_1_318' title='bbox 1076 2321 1118 2343; x_wconf 92' lang='lat' dir='ltr'>ne</span> <span class='ocrx_word' id='word_1_319' title='bbox 1144 2321 1188 2342; x_wconf 93' lang='lat' dir='ltr'>ue</span> <span class='ocrx_word' id='word_1_320' title='bbox 1209 2309 1365 2353; x_wconf 83' lang='lat' dir='ltr'>palmites</span> <span class='ocrx_word' id='word_1_321' title='bbox 1388 2319 1473 2353; x_wconf 87' lang='lat' dir='ltr'>quos</span> <span class='ocrx_word' id='word_1_322' title='bbox 1494 2312 1631 2350; x_wconf 81' lang='lat' dir='ltr'>vocant,</span> 
     </span>
     <span class='ocr_line' id='line_1_35' title="bbox 199 2352 1632 2407; baseline -0.001 -21"><span class='ocrx_word' id='word_1_323' title='bbox 199 2352 409 2396; x_wconf 85' lang='lat' dir='ltr'>relinquens.</span> <span class='ocrx_word' id='word_1_324' title='bbox 433 2364 509 2386; x_wconf 90' lang='lat' dir='ltr'>nam</span> <span class='ocrx_word' id='word_1_325' title='bbox 535 2353 596 2397; x_wconf 92' lang='lat' dir='ltr'>qui</span> <span class='ocrx_word' id='word_1_326' title='bbox 615 2354 717 2387; x_wconf 88' lang='lat' dir='ltr'>hodie</span> <span class='ocrx_word' id='word_1_327' title='bbox 738 2366 759 2387; x_wconf 88' lang='lat' dir='ltr'>a</span> <span class='ocrx_word' id='word_1_328' title='bbox 776 2354 932 2398; x_wconf 87' lang='lat' dir='ltr'>principe</span> <span class='ocrx_word' id='word_1_329' title='bbox 954 2355 1064 2388; x_wconf 87' lang='lat' dir='ltr'>fertur</span> <span class='ocrx_word' id='word_1_330' title='bbox 1085 2366 1130 2407; x_wconf 85' lang='lat' dir='ltr'>pa</span> <span class='ocrx_word' id='word_1_331' title='bbox 1143 2365 1225 2396; x_wconf 79' lang='lat' dir='ltr'>meS,</span> <span class='ocrx_word' id='word_1_332' title='bbox 1248 2353 1332 2387; x_wconf 87' lang='lat' dir='ltr'>nihil</span> <span class='ocrx_word' id='word_1_333' title='bbox 1352 2358 1490 2397; x_wconf 84' lang='lat' dir='ltr'>praeter</span> <span class='ocrx_word' id='word_1_334' title='bbox 1510 2363 1632 2385; x_wconf 90' lang='lat' dir='ltr'>nomen</span> 
     </span>
     <span class='ocr_line' id='line_1_36' title="bbox 200 2396 1629 2449; baseline -0.001 -19"><span class='ocrx_word' id='word_1_335' title='bbox 200 2398 245 2430; x_wconf 87' lang='lat' dir='ltr'>de</span> <span class='ocrx_word' id='word_1_336' title='bbox 263 2397 467 2449; x_wconf 82' lang='lat' dir='ltr'>antiquitate</span> <span class='ocrx_word' id='word_1_337' title='bbox 489 2403 620 2431; x_wconf 85' lang='lat' dir='ltr'>servat.</span> <span class='ocrx_word' id='word_1_338' title='bbox 668 2399 796 2442; x_wconf 85' lang='lat' dir='ltr'>quippe</span> <span class='ocrx_word' id='word_1_339' title='bbox 818 2404 857 2431; x_wconf 91' lang='lat' dir='ltr'>ut</span> <span class='ocrx_word' id='word_1_340' title='bbox 876 2399 966 2442; x_wconf 88' lang='lat' dir='ltr'>olim,</span> <span class='ocrx_word' id='word_1_341' title='bbox 989 2399 1038 2432; x_wconf 83' lang='lat' dir='ltr'>ita</span> <span class='ocrx_word' id='word_1_342' title='bbox 1056 2399 1235 2432; x_wconf 82' lang='lat' dir='ltr'>etiamnum</span> <span class='ocrx_word' id='word_1_343' title='bbox 1252 2399 1344 2442; x_wconf 86' lang='lat' dir='ltr'>apud</span> <span class='ocrx_word' id='word_1_344' title='bbox 1364 2402 1525 2431; x_wconf 79' lang='lat' dir='ltr'>armatam</span> <span class='ocrx_word' id='word_1_345' title='bbox 1543 2396 1629 2430; x_wconf 81' lang='lat' dir='ltr'>mili-</span> 
     </span>
     <span class='ocr_line' id='line_1_37' title="bbox 199 2441 1632 2487; baseline -0.001 -12"><span class='ocrx_word' id='word_1_346' title='bbox 199 2442 283 2475; x_wconf 83' lang='lat' dir='ltr'>tiam</span> <span class='ocrx_word' id='word_1_347' title='bbox 307 2443 433 2485; x_wconf 89' lang='lat' dir='ltr'>primus</span> <span class='ocrx_word' id='word_1_348' title='bbox 455 2442 682 2486; x_wconf 87' lang='lat' dir='ltr'>biarchorum,</span> <span class='ocrx_word' id='word_1_349' title='bbox 706 2454 791 2486; x_wconf 86' lang='lat' dir='ltr'>quos</span> <span class='ocrx_word' id='word_1_350' title='bbox 810 2448 953 2486; x_wconf 83' lang='lat' dir='ltr'>vocant,</span> <span class='ocrx_word' id='word_1_351' title='bbox 979 2444 1111 2487; x_wconf 85' lang='lat' dir='ltr'>virgam</span> <span class='ocrx_word' id='word_1_352' title='bbox 1128 2442 1264 2487; x_wconf 86' lang='lat' dir='ltr'>palmite</span> <span class='ocrx_word' id='word_1_353' title='bbox 1283 2454 1325 2475; x_wconf 86' lang='lat' dir='ltr'>ex</span> <span class='ocrx_word' id='word_1_354' title='bbox 1349 2453 1431 2475; x_wconf 85' lang='lat' dir='ltr'>auro</span> <span class='ocrx_word' id='word_1_355' title='bbox 1450 2442 1541 2474; x_wconf 82' lang='lat' dir='ltr'>facto</span> <span class='ocrx_word' id='word_1_356' title='bbox 1563 2441 1632 2474; x_wconf 90' lang='lat' dir='ltr'>cir-</span> 
     </span>
     <span class='ocr_line' id='line_1_38' title="bbox 200 2486 1632 2540; baseline -0.001 -20"><span class='ocrx_word' id='word_1_357' title='bbox 200 2486 434 2530; x_wconf 85' lang='lat' dir='ltr'>cumplicatam</span> <span class='ocrx_word' id='word_1_358' title='bbox 457 2493 589 2530; x_wconf 85' lang='lat' dir='ltr'>gestat,</span> <span class='ocrx_word' id='word_1_359' title='bbox 623 2487 659 2520; x_wconf 92' lang='lat' dir='ltr'>in</span> <span class='ocrx_word' id='word_1_360' title='bbox 689 2487 850 2521; x_wconf 87' lang='lat' dir='ltr'>honorem</span> <span class='ocrx_word' id='word_1_361' title='bbox 882 2489 1049 2540; x_wconf 84' lang='lat' dir='ltr'>quondam</span> <span class='ocrx_word' id='word_1_362' title='bbox 1077 2487 1159 2522; x_wconf 89' lang='lat' dir='ltr'>culti</span> <span class='ocrx_word' id='word_1_363' title='bbox 1179 2487 1322 2530; x_wconf 86' lang='lat' dir='ltr'>Bacchi,</span> <span class='ocrx_word' id='word_1_364' title='bbox 1355 2487 1632 2531; x_wconf 85' lang='lat' dir='ltr'>quemadmodum</span> 
     </span>
     <span class='ocr_line' id='line_1_39' title="bbox 201 2530 1629 2576; baseline -0.001 -12"><span class='ocrx_word' id='word_1_365' title='bbox 201 2531 238 2564; x_wconf 90' lang='lat' dir='ltr'>in</span> <span class='ocrx_word' id='word_1_366' title='bbox 262 2543 368 2575; x_wconf 89' lang='lat' dir='ltr'>opere</span> <span class='ocrx_word' id='word_1_367' title='bbox 391 2533 434 2565; x_wconf 89' lang='lat' dir='ltr'>de</span> <span class='ocrx_word' id='word_1_368' title='bbox 459 2532 630 2565; x_wconf 86' lang='lat' dir='ltr'>mensibus</span> <span class='ocrx_word' id='word_1_369' title='bbox 650 2532 863 2566; x_wconf 82' lang='lat' dir='ltr'>sufficienter</span> <span class='ocrx_word' id='word_1_370' title='bbox 883 2532 1114 2576; x_wconf 85' lang='lat' dir='ltr'>exposuimus.</span> <span class='ocrx_word' id='word_1_371' title='bbox 1159 2531 1304 2565; x_wconf 81' lang='lat' dir='ltr'>securim</span> <span class='ocrx_word' id='word_1_372' title='bbox 1327 2538 1439 2566; x_wconf 85' lang='lat' dir='ltr'>autem</span> <span class='ocrx_word' id='word_1_373' title='bbox 1461 2530 1526 2564; x_wconf 79' lang='lat' dir='ltr'>soli</span> <span class='ocrx_word' id='word_1_374' title='bbox 1549 2542 1629 2564; x_wconf 86' lang='lat' dir='ltr'>con-</span> 
     </span>
     <span class='ocr_line' id='line_1_40' title="bbox 200 2575 1631 2627; baseline -0.001 -17"><span class='ocrx_word' id='word_1_375' title='bbox 200 2576 268 2610; x_wconf 83' lang='lat' dir='ltr'>suli</span> <span class='ocrx_word' id='word_1_376' title='bbox 299 2581 336 2610; x_wconf 90' lang='lat' dir='ltr'>et</span> <span class='ocrx_word' id='word_1_377' title='bbox 366 2576 597 2611; x_wconf 85' lang='lat' dir='ltr'>consularibus</span> <span class='ocrx_word' id='word_1_378' title='bbox 626 2577 879 2621; x_wconf 85' lang='lat' dir='ltr'>provinciarum</span> <span class='ocrx_word' id='word_1_379' title='bbox 908 2577 1163 2620; x_wconf 85' lang='lat' dir='ltr'>magistratibus</span> <span class='ocrx_word' id='word_1_380' title='bbox 1190 2581 1317 2609; x_wconf 80' lang='lat' dir='ltr'>mutata</span> <span class='ocrx_word' id='word_1_381' title='bbox 1350 2581 1446 2609; x_wconf 88' lang='lat' dir='ltr'>aetas</span> <span class='ocrx_word' id='word_1_382' title='bbox 1479 2575 1631 2627; x_wconf 86' lang='lat' dir='ltr'>reliquit,</span> 
     </span>
     <span class='ocr_line' id='line_1_41' title="bbox 201 2619 1629 2674; baseline -0.001 -20"><span class='ocrx_word' id='word_1_383' title='bbox 201 2622 407 2654; x_wconf 85' lang='lat' dir='ltr'>erubescens</span> <span class='ocrx_word' id='word_1_384' title='bbox 425 2622 515 2655; x_wconf 82' lang='lat' dir='ltr'>forte</span> <span class='ocrx_word' id='word_1_385' title='bbox 535 2626 570 2655; x_wconf 88' lang='lat' dir='ltr'>et</span> <span class='ocrx_word' id='word_1_386' title='bbox 590 2621 654 2655; x_wconf 87' lang='lat' dir='ltr'>hoc</span> <span class='ocrx_word' id='word_1_387' title='bbox 675 2621 884 2674; x_wconf 74' lang='lat' dir='ltr'>consulatum</span> <span class='ocrx_word' id='word_1_388' title='bbox 907 2627 1103 2655; x_wconf 88' lang='lat' dir='ltr'>ornamento</span> <span class='ocrx_word' id='word_1_389' title='bbox 1122 2621 1283 2664; x_wconf 86' lang='lat' dir='ltr'>spoliare.</span> <span class='ocrx_word' id='word_1_390' title='bbox 1317 2632 1392 2654; x_wconf 86' lang='lat' dir='ltr'>nam</span> <span class='ocrx_word' id='word_1_391' title='bbox 1410 2619 1536 2654; x_wconf 85' lang='lat' dir='ltr'>vexilla</span> <span class='ocrx_word' id='word_1_392' title='bbox 1553 2619 1629 2664; x_wconf 83' lang='lat' dir='ltr'>qui-</span> 
     </span>
     <span class='ocr_line' id='line_1_42' title="bbox 200 2665 1630 2719; baseline -0.001 -21"><span class='ocrx_word' id='word_1_393' title='bbox 200 2667 278 2698; x_wconf 85' lang='lat' dir='ltr'>dem</span> <span class='ocrx_word' id='word_1_394' title='bbox 295 2677 384 2699; x_wconf 88' lang='lat' dir='ltr'>nunc</span> <span class='ocrx_word' id='word_1_395' title='bbox 405 2665 509 2699; x_wconf 84' lang='lat' dir='ltr'>solius</span> <span class='ocrx_word' id='word_1_396' title='bbox 526 2665 742 2719; x_wconf 81' lang='lat' dir='ltr'>imperatoris</span> <span class='ocrx_word' id='word_1_397' title='bbox 759 2666 928 2710; x_wconf 84' lang='lat' dir='ltr'>insignia·</span> <span class='ocrx_word' id='word_1_398' title='bbox 919 2691 929 2708; x_wconf 93' lang='lat'><strong>,</strong></span> <span class='ocrx_word' id='word_1_399' title='bbox 954 2678 1042 2719; x_wconf 87' lang='lat' dir='ltr'>quae</span> <span class='ocrx_word' id='word_1_400' title='bbox 1062 2665 1176 2710; x_wconf 84' lang='lat' dir='ltr'>qualia</span> <span class='ocrx_word' id='word_1_401' title='bbox 1196 2666 1276 2708; x_wconf 84' lang='lat' dir='ltr'>sint,</span> <span class='ocrx_word' id='word_1_402' title='bbox 1299 2665 1335 2698; x_wconf 86' lang='lat' dir='ltr'>in</span> <span class='ocrx_word' id='word_1_403' title='bbox 1353 2676 1459 2709; x_wconf 90' lang='lat' dir='ltr'>opere</span> <span class='ocrx_word' id='word_1_404' title='bbox 1475 2665 1519 2698; x_wconf 86' lang='lat' dir='ltr'>de</span> <span class='ocrx_word' id='word_1_405' title='bbox 1536 2675 1630 2698; x_wconf 84' lang='lat' dir='ltr'>men-</span> 
     </span>
     <span class='ocr_line' id='line_1_43' title="bbox 198 2708 1631 2755; baseline -0.001 -12"><span class='ocrx_word' id='word_1_406' title='bbox 198 2710 294 2743; x_wconf 81' lang='lat' dir='ltr'>sibus</span> <span class='ocrx_word' id='word_1_407' title='bbox 321 2711 542 2744; x_wconf 83' lang='lat' dir='ltr'>ostendimus.</span> <span class='ocrx_word' id='word_1_408' title='bbox 575 2711 703 2755; x_wconf 88' lang='lat' dir='ltr'>quippe</span> <span class='ocrx_word' id='word_1_409' title='bbox 726 2711 762 2744; x_wconf 92' lang='lat' dir='ltr'>in</span> <span class='ocrx_word' id='word_1_410' title='bbox 781 2711 938 2745; x_wconf 86' lang='lat' dir='ltr'>inanibus</span> <span class='ocrx_word' id='word_1_411' title='bbox 957 2710 1098 2755; x_wconf 83' lang='lat' dir='ltr'>gloriam</span> <span class='ocrx_word' id='word_1_412' title='bbox 1116 2721 1284 2754; x_wconf 81' lang='lat' dir='ltr'>quaerens</span> <span class='ocrx_word' id='word_1_413' title='bbox 1302 2708 1542 2743; x_wconf 81' lang='lat' dir='ltr'>Domitianus</span> <span class='ocrx_word' id='word_1_414' title='bbox 1531 2719 1631 2742; x_wconf 85' lang='grc' dir='ltr'><strong>ιιιιιο-</strong></span> 
     </span>
     <span class='ocr_line' id='line_1_44' title="bbox 199 2754 1632 2800; baseline -0.001 -13"><span class='ocrx_word' id='word_1_415' title='bbox 199 2755 396 2789; x_wconf 76' lang='lat' dir='ltr'>vationibus</span> <span class='ocrx_word' id='word_1_416' title='bbox 411 2756 600 2800; x_wconf 84' lang='lat' dir='ltr'>gaudebat·</span> <span class='ocrx_word' id='word_1_417' title='bbox 625 2755 800 2800; x_wconf 85' lang='lat' dir='ltr'>proprium</span> <span class='ocrx_word' id='word_1_418' title='bbox 815 2760 928 2790; x_wconf 87' lang='lat' dir='ltr'>autem</span> <span class='ocrx_word' id='word_1_419' title='bbox 949 2761 1097 2798; x_wconf 82' lang='lat' dir='ltr'>tyranno</span> <span class='ocrx_word' id='word_1_420' title='bbox 1121 2755 1263 2799; x_wconf 85' lang='lat' dir='ltr'>antiqua</span> <span class='ocrx_word' id='word_1_421' title='bbox 1282 2754 1442 2788; x_wconf 81' lang='lat' dir='ltr'>instituta</span> <span class='ocrx_word' id='word_1_422' title='bbox 1461 2758 1632 2788; x_wconf 79' lang='lat' dir='ltr'>evertere.</span> 
     </span>
     <span class='ocr_line' id='line_1_45' title="bbox 198 2797 1633 2847; baseline -0.001 -15"><span class='ocrx_word' id='word_1_423' title='bbox 198 2798 315 2844; x_wconf 73' lang='lat' dir='ltr'>itaque</span> <span class='ocrx_word' id='word_1_424' title='bbox 337 2811 406 2834; x_wconf 89' lang='lat' dir='ltr'>non</span> <span class='ocrx_word' id='word_1_425' title='bbox 427 2801 526 2836; x_wconf 89' lang='lat' dir='ltr'>modo</span> <span class='ocrx_word' id='word_1_426' title='bbox 548 2801 592 2836; x_wconf 85' lang='lat' dir='ltr'>de</span> <span class='ocrx_word' id='word_1_427' title='bbox 611 2801 850 2847; x_wconf 82' lang='lat' dir='ltr'>praefecturae</span> <span class='ocrx_word' id='word_1_428' title='bbox 866 2800 1032 2846; x_wconf 80' lang='lat' dir='ltr'>praetorii</span> <span class='ocrx_word' id='word_1_429' title='bbox 1051 2799 1170 2836; x_wconf 80' lang='lat' dir='ltr'>vetere</span> <span class='ocrx_word' id='word_1_430' title='bbox 1186 2799 1315 2834; x_wconf 83' lang='lat' dir='ltr'>honore</span> <span class='ocrx_word' id='word_1_431' title='bbox 1331 2797 1494 2843; x_wconf 73' lang='lat' dir='ltr'>detraxit,</span> <span class='ocrx_word' id='word_1_432' title='bbox 1515 2807 1633 2832; x_wconf 84' lang='lat' dir='ltr'>verum</span> 
     </span>
    </p>
   </div>
  </div>
 </body>
</html>
