<?xml version="1.0" encoding="UTF-8"?>
<!DOCTYPE html PUBLIC "-//W3C//DTD XHTML 1.0 Transitional//EN"
    "http://www.w3.org/TR/xhtml1/DTD/xhtml1-transitional.dtd">
<html xmlns="http://www.w3.org/1999/xhtml" xml:lang="en" lang="en">
 <head>
  <title>
</title>
<meta http-equiv="Content-Type" content="text/html;charset=utf-8" />
  <meta name='ocr-system' content='tesseract 3.04.00' />
  <meta name='ocr-capabilities' content='ocr_page ocr_carea ocr_par ocr_line ocrx_word'/>
</head>
<body>
  <div class='ocr_page' id='page_1' title='image "./corpusscriptorum27niebuoft_0069.png"; bbox 0 0 1748 3210; ppageno 0'>
   <div class='ocr_carea' id='block_1_1' title="bbox 674 149 1575 201">
    <p class='ocr_par' dir='ltr' id='par_1_1' title="bbox 674 149 1575 201">
     <span class='ocr_line' id='line_1_1' title="bbox 674 149 1575 201; baseline 0.008 -7"><span class='ocrx_word' id='word_1_1' title='bbox 674 149 996 194; x_wconf 81' lang='lat' dir='ltr'><strong>PRAEFATIO.</strong></span> <span class='ocrx_word' id='word_1_2' title='bbox 1462 166 1575 201; x_wconf 61' lang='lat' dir='ltr'><strong>axin</strong></span> 
     </span>
    </p>
   </div>
   <div class='ocr_carea' id='block_1_2' title="bbox 102 280 1575 2639">
    <p class='ocr_par' dir='ltr' id='par_1_2' title="bbox 106 280 1575 972">
     <span class='ocr_line' id='line_1_2' title="bbox 113 280 1574 337; baseline -0.001 -10"><span class='ocrx_word' id='word_1_3' title='bbox 113 286 168 327; x_wconf 72' lang='lat' dir='ltr'><strong>cin</strong></span> <span class='ocrx_word' id='word_1_4' title='bbox 183 285 272 325; x_wconf 81' lang='lat' dir='ltr'><strong>loco</strong></span> <span class='ocrx_word' id='word_1_5' title='bbox 290 282 406 331; x_wconf 84' lang='lat' dir='ltr'><strong>sciri,</strong></span> <span class='ocrx_word' id='word_1_6' title='bbox 435 292 516 321; x_wconf 86' lang='lat' dir='ltr'><strong>non</strong></span> <span class='ocrx_word' id='word_1_7' title='bbox 538 284 622 321; x_wconf 88' lang='lat' dir='ltr'><strong>erui</strong></span> <span class='ocrx_word' id='word_1_8' title='bbox 644 281 807 322; x_wconf 79' lang='lat' dir='ltr'><strong>aliunde</strong></span> <span class='ocrx_word' id='word_1_9' title='bbox 827 296 966 337; x_wconf 84' lang='lat' dir='ltr'><strong>posse,</strong></span> <span class='ocrx_word' id='word_1_10' title='bbox 995 295 1223 337; x_wconf 78' lang='lat' dir='ltr'><strong>quanquam</strong></span> <span class='ocrx_word' id='word_1_11' title='bbox 1246 280 1399 323; x_wconf 82' lang='lat' dir='ltr'><strong>divinas</strong></span> <span class='ocrx_word' id='word_1_12' title='bbox 1424 282 1574 325; x_wconf 85' lang='lat' dir='ltr'><strong>huma-</strong></span> 
     </span>
     <span class='ocr_line' id='line_1_3' title="bbox 109 361 1575 419; baseline 0 -14"><span class='ocrx_word' id='word_1_13' title='bbox 109 377 260 419; x_wconf 73' lang='lat' dir='ltr'><strong>nasque</strong></span> <span class='ocrx_word' id='word_1_14' title='bbox 282 364 392 415; x_wconf 86' lang='lat' dir='ltr'><strong>leges</strong></span> <span class='ocrx_word' id='word_1_15' title='bbox 413 361 644 415; x_wconf 83' lang='lat' dir='ltr'><strong>disciplinas</strong></span> <span class='ocrx_word' id='word_1_16' title='bbox 665 364 877 414; x_wconf 81' lang='lat' dir='ltr'><strong>religiones</strong></span> <span class='ocrx_word' id='word_1_17' title='bbox 900 365 998 402; x_wconf 88' lang='lat' dir='ltr'><strong>ritus</strong></span> <span class='ocrx_word' id='word_1_18' title='bbox 1024 361 1211 402; x_wconf 78' lang='lat' dir='ltr'>historias</span> <span class='ocrx_word' id='word_1_19' title='bbox 1235 370 1438 415; x_wconf 84' lang='lat' dir='ltr'><strong>veterum,</strong></span> <span class='ocrx_word' id='word_1_20' title='bbox 1470 380 1575 419; x_wconf 82' lang='lat' dir='ltr'><strong>qua-</strong></span> 
     </span>
     <span class='ocr_line' id='line_1_4' title="bbox 109 441 1569 497; baseline 0 -13"><span class='ocrx_word' id='word_1_21' title='bbox 109 451 225 484; x_wconf 73' lang='lat' dir='ltr'><strong>tenus</strong></span> <span class='ocrx_word' id='word_1_22' title='bbox 245 443 368 481; x_wconf 87' lang='lat' dir='ltr'><strong>literis</strong></span> <span class='ocrx_word' id='word_1_23' title='bbox 399 455 538 481; x_wconf 88' lang='lat' dir='ltr'><strong>eorum</strong></span> <span class='ocrx_word' id='word_1_24' title='bbox 558 441 678 482; x_wconf 91' lang='lat' dir='ltr'><strong>hodie</strong></span> <span class='ocrx_word' id='word_1_25' title='bbox 706 444 978 493; x_wconf 87' lang='lat' dir='ltr'><strong>continentur,</strong></span> <span class='ocrx_word' id='word_1_26' title='bbox 1008 443 1131 497; x_wconf 85' lang='lat' dir='ltr'>probe</span> <span class='ocrx_word' id='word_1_27' title='bbox 1151 449 1287 482; x_wconf 82' lang='lat' dir='ltr'><strong>teneas</strong></span> <span class='ocrx_word' id='word_1_28' title='bbox 1316 443 1503 496; x_wconf 88' lang='lat' dir='ltr'><strong>(tametsi</strong></span> <span class='ocrx_word' id='word_1_29' title='bbox 1525 447 1569 484; x_wconf 88' lang='lat' dir='ltr'><strong>in</strong></span> 
     </span>
     <span class='ocr_line' id='line_1_5' title="bbox 109 519 1569 576; baseline 0.001 -13"><span class='ocrx_word' id='word_1_30' title='bbox 109 523 284 563; x_wconf 84' lang='lat' dir='ltr'><strong>virorum</strong></span> <span class='ocrx_word' id='word_1_31' title='bbox 308 522 366 560; x_wconf 87' lang='lat' dir='ltr'><strong>sic</strong></span> <span class='ocrx_word' id='word_1_32' title='bbox 393 519 599 561; x_wconf 87' lang='lat' dir='ltr'><strong>doctorum</strong></span> <span class='ocrx_word' id='word_1_33' title='bbox 623 534 788 560; x_wconf 90' lang='lat' dir='ltr'><strong>numero</strong></span> <span class='ocrx_word' id='word_1_34' title='bbox 806 522 973 560; x_wconf 88' lang='lat' dir='ltr'><strong>minime</strong></span> <span class='ocrx_word' id='word_1_35' title='bbox 993 536 1066 575; x_wconf 90' lang='lat' dir='ltr'><strong>ego</strong></span> <span class='ocrx_word' id='word_1_36' title='bbox 1085 536 1152 561; x_wconf 89' lang='lat' dir='ltr'><strong>me</strong></span> <span class='ocrx_word' id='word_1_37' title='bbox 1170 523 1374 576; x_wconf 89' lang='lat' dir='ltr'><strong>ponam):</strong></span> <span class='ocrx_word' id='word_1_38' title='bbox 1400 526 1435 564; x_wconf 91' lang='lat' dir='ltr'><strong>si</strong></span> <span class='ocrx_word' id='word_1_39' title='bbox 1460 539 1507 563; x_wconf 88' lang='lat' dir='ltr'><strong>ea</strong></span> <span class='ocrx_word' id='word_1_40' title='bbox 1527 532 1569 564; x_wconf 89' lang='lat' dir='ltr'><strong>te</strong></span> 
     </span>
     <span class='ocr_line' id='line_1_6' title="bbox 110 599 1570 656; baseline 0.001 -14"><span class='ocrx_word' id='word_1_41' title='bbox 110 603 244 642; x_wconf 81' lang='lat' dir='ltr'><strong>omnia</strong></span> <span class='ocrx_word' id='word_1_42' title='bbox 263 599 462 652; x_wconf 89' lang='lat' dir='ltr'><strong>deserunt,</strong></span> <span class='ocrx_word' id='word_1_43' title='bbox 492 615 572 656; x_wconf 91' lang='lat' dir='ltr'><strong>quo</strong></span> <span class='ocrx_word' id='word_1_44' title='bbox 592 599 825 653; x_wconf 65' lang='lat' dir='ltr'><strong>confugias?</strong></span> <span class='ocrx_word' id='word_1_45' title='bbox 856 602 926 654; x_wconf 87' lang='lat' dir='ltr'><strong>qui</strong></span> <span class='ocrx_word' id='word_1_46' title='bbox 943 603 1072 654; x_wconf 89' lang='lat' dir='ltr'><strong>possis</strong></span> <span class='ocrx_word' id='word_1_47' title='bbox 1094 603 1252 642; x_wconf 82' lang='lat' dir='ltr'><strong>ariolari</strong></span> <span class='ocrx_word' id='word_1_48' title='bbox 1270 615 1372 656; x_wconf 87' lang='lat' dir='ltr'><strong>quae</strong></span> <span class='ocrx_word' id='word_1_49' title='bbox 1393 618 1570 643; x_wconf 78' lang='lat' dir='ltr'><strong>evanue-</strong></span> 
     </span>
     <span class='ocr_line' id='line_1_7' title="bbox 109 680 1571 735; baseline 0.001 -14"><span class='ocrx_word' id='word_1_50' title='bbox 109 680 218 721; x_wconf 63' lang='lat' dir='ltr'><strong>rint?</strong></span> <span class='ocrx_word' id='word_1_51' title='bbox 255 683 332 731; x_wconf 80' lang='lat' dir='ltr'><strong>ita,</strong></span> <span class='ocrx_word' id='word_1_52' title='bbox 369 682 462 720; x_wconf 88' lang='lat' dir='ltr'><strong>licet</strong></span> <span class='ocrx_word' id='word_1_53' title='bbox 492 682 710 734; x_wconf 84' lang='lat' dir='ltr'><strong>plurimum</strong></span> <span class='ocrx_word' id='word_1_54' title='bbox 729 681 780 719; x_wconf 88' lang='lat' dir='ltr'><strong>sit</strong></span> <span class='ocrx_word' id='word_1_55' title='bbox 801 682 992 734; x_wconf 87' lang='lat' dir='ltr'><strong>temporis</strong></span> <span class='ocrx_word' id='word_1_56' title='bbox 1018 695 1041 719; x_wconf 88' lang='lat' dir='ltr'><strong>a</strong></span> <span class='ocrx_word' id='word_1_57' title='bbox 1059 695 1125 721; x_wconf 84' lang='lat' dir='ltr'><strong>me</strong></span> <span class='ocrx_word' id='word_1_58' title='bbox 1148 683 1192 721; x_wconf 88' lang='lat' dir='ltr'><strong>in</strong></span> <span class='ocrx_word' id='word_1_59' title='bbox 1212 681 1290 722; x_wconf 91' lang='lat' dir='ltr'><strong>hoc</strong></span> <span class='ocrx_word' id='word_1_60' title='bbox 1316 684 1571 735; x_wconf 89' lang='lat' dir='ltr'><strong>potissimum</strong></span> 
     </span>
     <span class='ocr_line' id='line_1_8' title="bbox 107 758 1571 813; baseline 0.002 -13"><span class='ocrx_word' id='word_1_61' title='bbox 107 761 330 813; x_wconf 80' lang='lat' dir='ltr'><strong>fragmento</strong></span> <span class='ocrx_word' id='word_1_62' title='bbox 350 758 592 799; x_wconf 87' lang='lat' dir='ltr'><strong>restituendo</strong></span> <span class='ocrx_word' id='word_1_63' title='bbox 616 765 915 811; x_wconf 84' lang='lat' dir='ltr'><strong>consumptum,</strong></span> <span class='ocrx_word' id='word_1_64' title='bbox 944 772 1026 798; x_wconf 91' lang='lat' dir='ltr'><strong>non</strong></span> <span class='ocrx_word' id='word_1_65' title='bbox 1052 766 1187 798; x_wconf 85' lang='lat' dir='ltr'><strong>tamen</strong></span> <span class='ocrx_word' id='word_1_66' title='bbox 1208 762 1376 802; x_wconf 81' lang='lat' dir='ltr'>arbitror</span> <span class='ocrx_word' id='word_1_67' title='bbox 1395 764 1571 803; x_wconf 87' lang='lat' dir='ltr'><strong>multum</strong></span> 
     </span>
     <span class='ocr_line' id='line_1_9' title="bbox 107 838 1570 893; baseline 0.002 -15"><span class='ocrx_word' id='word_1_68' title='bbox 107 852 178 878; x_wconf 81' lang='lat' dir='ltr'><strong>me</strong></span> <span class='ocrx_word' id='word_1_69' title='bbox 206 840 440 893; x_wconf 80' lang='lat' dir='ltr'>profecisse,</span> <span class='ocrx_word' id='word_1_70' title='bbox 470 838 572 878; x_wconf 88' lang='lat' dir='ltr'><strong>illud</strong></span> <span class='ocrx_word' id='word_1_71' title='bbox 605 851 731 876; x_wconf 90' lang='lat' dir='ltr'><strong>unum</strong></span> <span class='ocrx_word' id='word_1_72' title='bbox 759 839 1015 890; x_wconf 89' lang='lat' dir='ltr'><strong>pronuntiare</strong></span> <span class='ocrx_word' id='word_1_73' title='bbox 1045 852 1189 888; x_wconf 85' lang='lat' dir='ltr'><strong>ausus,</strong></span> <span class='ocrx_word' id='word_1_74' title='bbox 1221 853 1286 877; x_wconf 89' lang='lat' dir='ltr'><strong>me</strong></span> <span class='ocrx_word' id='word_1_75' title='bbox 1307 854 1455 893; x_wconf 87' lang='lat' dir='ltr'><strong>magno</strong></span> <span class='ocrx_word' id='word_1_76' title='bbox 1477 856 1570 882; x_wconf 86' lang='lat' dir='ltr'><strong>cum</strong></span> 
     </span>
     <span class='ocr_line' id='line_1_10' title="bbox 106 919 1482 972; baseline 0.001 -14"><span class='ocrx_word' id='word_1_77' title='bbox 106 921 266 970; x_wconf 81' lang='lat' dir='ltr'><strong>labore,</strong></span> <span class='ocrx_word' id='word_1_78' title='bbox 295 919 520 972; x_wconf 80' lang='lat' dir='ltr'><strong>diligentia,</strong></span> <span class='ocrx_word' id='word_1_79' title='bbox 551 919 801 957; x_wconf 85' lang='lat' dir='ltr'><strong>contentione</strong></span> <span class='ocrx_word' id='word_1_80' title='bbox 825 919 948 956; x_wconf 88' lang='lat' dir='ltr'><strong>animi</strong></span> <span class='ocrx_word' id='word_1_81' title='bbox 971 932 1017 957; x_wconf 90' lang='lat' dir='ltr'><strong>ea</strong></span> <span class='ocrx_word' id='word_1_82' title='bbox 1036 919 1079 956; x_wconf 90' lang='lat' dir='ltr'><strong>in</strong></span> <span class='ocrx_word' id='word_1_83' title='bbox 1097 932 1139 957; x_wconf 90' lang='lat' dir='ltr'><strong>re</strong></span> <span class='ocrx_word' id='word_1_84' title='bbox 1160 932 1245 957; x_wconf 89' lang='lat' dir='ltr'><strong>esse</strong></span> <span class='ocrx_word' id='word_1_85' title='bbox 1267 928 1482 960; x_wconf 82' lang='lat' dir='ltr'><strong>versatum.</strong></span> 
     </span>
    </p>

    <p class='ocr_par' dir='ltr' id='par_1_3' title="bbox 102 997 1569 2639">
     <span class='ocr_line' id='line_1_11' title="bbox 218 997 1563 1050; baseline 0 -10"><span class='ocrx_word' id='word_1_86' title='bbox 218 1002 266 1040; x_wconf 85' lang='lat' dir='ltr'><strong>In</strong></span> <span class='ocrx_word' id='word_1_87' title='bbox 295 1000 421 1049; x_wconf 82' lang='lat' dir='ltr'><strong>notis,</strong></span> <span class='ocrx_word' id='word_1_88' title='bbox 452 1011 543 1036; x_wconf 90' lang='lat' dir='ltr'><strong>cum</strong></span> <span class='ocrx_word' id='word_1_89' title='bbox 571 997 623 1036; x_wconf 88' lang='lat' dir='ltr'><strong>ad</strong></span> <span class='ocrx_word' id='word_1_90' title='bbox 655 999 816 1036; x_wconf 85' lang='lat' dir='ltr'><strong>Ostenta</strong></span> <span class='ocrx_word' id='word_1_91' title='bbox 842 1004 930 1036; x_wconf 86' lang='lat' dir='ltr'><strong>tum</strong></span> <span class='ocrx_word' id='word_1_92' title='bbox 962 997 1014 1036; x_wconf 89' lang='lat' dir='ltr'><strong>ad</strong></span> <span class='ocrx_word' id='word_1_93' title='bbox 1037 998 1308 1050; x_wconf 81' lang='lat' dir='ltr'><strong>fragmentum</strong></span> <span class='ocrx_word' id='word_1_94' title='bbox 1327 1002 1388 1039; x_wconf 91' lang='lat' dir='ltr'><strong>De</strong></span> <span class='ocrx_word' id='word_1_95' title='bbox 1410 1002 1563 1040; x_wconf 86' lang='lat' dir='ltr'><strong>mensi-</strong></span> 
     </span>
     <span class='ocr_line' id='line_1_12' title="bbox 105 1079 1568 1133; baseline 0 -14"><span class='ocrx_word' id='word_1_96' title='bbox 105 1079 205 1130; x_wconf 69' lang='lat' dir='ltr'><strong>bus,</strong></span> <span class='ocrx_word' id='word_1_97' title='bbox 233 1092 313 1118; x_wconf 87' lang='lat' dir='ltr'><strong>uno</strong></span> <span class='ocrx_word' id='word_1_98' title='bbox 348 1079 434 1118; x_wconf 88' lang='lat' dir='ltr'><strong>solo</strong></span> <span class='ocrx_word' id='word_1_99' title='bbox 462 1079 550 1118; x_wconf 82' lang='lat' dir='ltr'><strong>loco</strong></span> <span class='ocrx_word' id='word_1_100' title='bbox 578 1079 736 1130; x_wconf 87' lang='lat' dir='ltr'><strong>longius</strong></span> <span class='ocrx_word' id='word_1_101' title='bbox 763 1079 847 1116; x_wconf 89' lang='lat' dir='ltr'><strong>fere</strong></span> <span class='ocrx_word' id='word_1_102' title='bbox 880 1091 1003 1132; x_wconf 86' lang='lat' dir='ltr'><strong>quam</strong></span> <span class='ocrx_word' id='word_1_103' title='bbox 1027 1080 1212 1118; x_wconf 78' lang='lat' dir='ltr'><strong>voluutas</strong></span> <span class='ocrx_word' id='word_1_104' title='bbox 1241 1081 1318 1119; x_wconf 91' lang='lat' dir='ltr'><strong>fuit</strong></span> <span class='ocrx_word' id='word_1_105' title='bbox 1349 1080 1472 1133; x_wconf 89' lang='lat' dir='ltr'><strong>(nam</strong></span> <span class='ocrx_word' id='word_1_106' title='bbox 1490 1094 1568 1132; x_wconf 88' lang='lat' dir='ltr'><strong>po-</strong></span> 
     </span>
     <span class='ocr_line' id='line_1_13' title="bbox 106 1158 1567 1212; baseline 0 -13"><span class='ocrx_word' id='word_1_107' title='bbox 106 1161 271 1199; x_wconf 78' lang='lat' dir='ltr'><strong>tuissem</strong></span> <span class='ocrx_word' id='word_1_108' title='bbox 301 1172 429 1212; x_wconf 89' lang='lat' dir='ltr'><strong>paene</strong></span> <span class='ocrx_word' id='word_1_109' title='bbox 461 1160 505 1196; x_wconf 90' lang='lat' dir='ltr'><strong>in</strong></span> <span class='ocrx_word' id='word_1_110' title='bbox 535 1158 705 1210; x_wconf 84' lang='lat' dir='ltr'><strong>singulis</strong></span> <span class='ocrx_word' id='word_1_111' title='bbox 731 1158 922 1208; x_wconf 83' lang='lat' dir='ltr'><strong>vocibus)</strong></span> <span class='ocrx_word' id='word_1_112' title='bbox 951 1171 975 1196; x_wconf 81' lang='lat' dir='ltr'><strong>a</strong></span> <span class='ocrx_word' id='word_1_113' title='bbox 999 1161 1203 1212; x_wconf 87' lang='lat' dir='ltr'><strong>proposito</strong></span> <span class='ocrx_word' id='word_1_114' title='bbox 1229 1174 1320 1199; x_wconf 82' lang='lat' dir='ltr'><strong>sum</strong></span> <span class='ocrx_word' id='word_1_115' title='bbox 1344 1159 1567 1212; x_wconf 81' lang='lat' dir='ltr'><strong>degressus,</strong></span> 
     </span>
     <span class='ocr_line' id='line_1_14' title="bbox 105 1235 1568 1292; baseline -0.001 -14"><span class='ocrx_word' id='word_1_116' title='bbox 105 1252 148 1292; x_wconf 87' lang='lat' dir='ltr'><strong>p.</strong></span> <span class='ocrx_word' id='word_1_117' title='bbox 166 1242 245 1282; x_wconf 81' lang='lat'><strong>393</strong></span> <span class='ocrx_word' id='word_1_118' title='bbox 267 1252 357 1292; x_wconf 89' lang='lat' dir='ltr'><strong>sqq.</strong></span> <span class='ocrx_word' id='word_1_119' title='bbox 391 1239 461 1277; x_wconf 88' lang='lat' dir='ltr'><strong>ubi</strong></span> <span class='ocrx_word' id='word_1_120' title='bbox 489 1238 554 1289; x_wconf 85' lang='lat' dir='ltr'><strong>egi</strong></span> <span class='ocrx_word' id='word_1_121' title='bbox 580 1237 629 1275; x_wconf 89' lang='lat' dir='ltr'><strong>de</strong></span> <span class='ocrx_word' id='word_1_122' title='bbox 657 1239 767 1277; x_wconf 83' lang='lat' dir='ltr'><strong>varia</strong></span> <span class='ocrx_word' id='word_1_123' title='bbox 795 1238 1082 1289; x_wconf 85' lang='lat' dir='ltr'><strong>significatione</strong></span> <span class='ocrx_word' id='word_1_124' title='bbox 1110 1239 1221 1277; x_wconf 81' lang='lat' dir='ltr'><strong>verbi</strong></span> <span class='ocrx_word' id='word_1_125' title='bbox 1253 1235 1429 1292; x_wconf 63' lang='grc' dir='ltr'><strong>ἀρχικός.</strong></span> <span class='ocrx_word' id='word_1_126' title='bbox 1488 1241 1568 1277; x_wconf 89' lang='lat' dir='ltr'><strong>alio</strong></span> 
     </span>
     <span class='ocr_line' id='line_1_15' title="bbox 103 1314 1569 1369; baseline 0 -13"><span class='ocrx_word' id='word_1_127' title='bbox 103 1318 194 1358; x_wconf 85' lang='lat' dir='ltr'><strong>loco</strong></span> <span class='ocrx_word' id='word_1_128' title='bbox 220 1319 471 1357; x_wconf 83' lang='lat' dir='ltr'><strong>institueram</strong></span> <span class='ocrx_word' id='word_1_129' title='bbox 501 1315 631 1354; x_wconf 88' lang='lat' dir='ltr'><strong>dicere</strong></span> <span class='ocrx_word' id='word_1_130' title='bbox 660 1314 709 1354; x_wconf 88' lang='lat' dir='ltr'><strong>de</strong></span> <span class='ocrx_word' id='word_1_131' title='bbox 742 1315 943 1354; x_wconf 88' lang='lat' dir='ltr'><strong>codicibus</strong></span> <span class='ocrx_word' id='word_1_132' title='bbox 974 1318 1173 1369; x_wconf 85' lang='lat' dir='ltr'><strong>rescriptis</strong></span> <span class='ocrx_word' id='word_1_133' title='bbox 1199 1317 1464 1356; x_wconf 80' lang='lat' dir='ltr'><strong>bibliothecae</strong></span> <span class='ocrx_word' id='word_1_134' title='bbox 1486 1320 1569 1356; x_wconf 86' lang='lat' dir='ltr'><strong>Re-</strong></span> 
     </span>
     <span class='ocr_line' id='line_1_16' title="bbox 105 1395 1568 1451; baseline 0.002 -15"><span class='ocrx_word' id='word_1_135' title='bbox 105 1399 210 1450; x_wconf 82' lang='lat' dir='ltr'><strong>giae.</strong></span> <span class='ocrx_word' id='word_1_136' title='bbox 266 1398 414 1436; x_wconf 87' lang='lat' dir='ltr'><strong>etenim</strong></span> <span class='ocrx_word' id='word_1_137' title='bbox 440 1409 531 1434; x_wconf 88' lang='lat' dir='ltr'><strong>cum</strong></span> <span class='ocrx_word' id='word_1_138' title='bbox 554 1397 734 1448; x_wconf 87' lang='lat' dir='ltr'><strong>egregius</strong></span> <span class='ocrx_word' id='word_1_139' title='bbox 760 1397 1005 1449; x_wconf 81' lang='lat' dir='ltr'><strong>antiquitatis</strong></span> <span class='ocrx_word' id='word_1_140' title='bbox 1037 1395 1187 1434; x_wconf 81' lang='lat' dir='ltr'><strong>vindex</strong></span> <span class='ocrx_word' id='word_1_141' title='bbox 1213 1399 1393 1450; x_wconf 85' lang='lat' dir='ltr'><strong>Angelus</strong></span> <span class='ocrx_word' id='word_1_142' title='bbox 1423 1401 1568 1451; x_wconf 87' lang='lat' dir='ltr'><strong>Maius,</strong></span> 
     </span>
     <span class='ocr_line' id='line_1_17' title="bbox 104 1475 1569 1528; baseline 0.001 -12"><span class='ocrx_word' id='word_1_143' title='bbox 104 1484 192 1516; x_wconf 88' lang='lat' dir='ltr'><strong>tum</strong></span> <span class='ocrx_word' id='word_1_144' title='bbox 220 1490 314 1517; x_wconf 77' lang='lat' dir='ltr'><strong>casu</strong></span> <span class='ocrx_word' id='word_1_145' title='bbox 341 1484 380 1515; x_wconf 92' lang='lat' dir='ltr'><strong>et</strong></span> <span class='ocrx_word' id='word_1_146' title='bbox 403 1475 592 1513; x_wconf 87' lang='lat' dir='ltr'><strong>felicitate</strong></span> <span class='ocrx_word' id='word_1_147' title='bbox 620 1481 707 1512; x_wconf 88' lang='lat' dir='ltr'><strong>tum</strong></span> <span class='ocrx_word' id='word_1_148' title='bbox 735 1476 912 1512; x_wconf 83' lang='lat' dir='ltr'><strong>maxime</strong></span> <span class='ocrx_word' id='word_1_149' title='bbox 943 1476 1023 1512; x_wconf 84' lang='lat' dir='ltr'><strong>acri</strong></span> <span class='ocrx_word' id='word_1_150' title='bbox 1057 1483 1175 1528; x_wconf 89' lang='lat' dir='ltr'><strong>atque</strong></span> <span class='ocrx_word' id='word_1_151' title='bbox 1205 1484 1354 1515; x_wconf 86' lang='lat' dir='ltr'><strong>attenta</strong></span> <span class='ocrx_word' id='word_1_152' title='bbox 1385 1477 1569 1518; x_wconf 88' lang='lat' dir='ltr'><strong>codicum</strong></span> 
     </span>
     <span class='ocr_line' id='line_1_18' title="bbox 102 1555 1568 1607; baseline 0.001 -12"><span class='ocrx_word' id='word_1_153' title='bbox 102 1555 456 1595; x_wconf 82' lang='lat' dir='ltr'><strong>Ambrosianomm</strong></span> <span class='ocrx_word' id='word_1_154' title='bbox 477 1555 808 1606; x_wconf 82' lang='lat' dir='ltr'><strong>perscrutatione,</strong></span> <span class='ocrx_word' id='word_1_155' title='bbox 838 1560 896 1593; x_wconf 88' lang='lat' dir='ltr'><strong>tot</strong></span> <span class='ocrx_word' id='word_1_156' title='bbox 916 1560 1095 1592; x_wconf 83' lang='lat' dir='ltr'><strong>veterum</strong></span> <span class='ocrx_word' id='word_1_157' title='bbox 1120 1568 1238 1607; x_wconf 89' lang='lat' dir='ltr'><strong>opera</strong></span> <span class='ocrx_word' id='word_1_158' title='bbox 1261 1557 1304 1593; x_wconf 89' lang='lat' dir='ltr'><strong>in</strong></span> <span class='ocrx_word' id='word_1_159' title='bbox 1324 1559 1568 1598; x_wconf 86' lang='lat' dir='ltr'><strong>membranis</strong></span> 
     </span>
     <span class='ocr_line' id='line_1_19' title="bbox 102 1631 1569 1687; baseline 0.002 -15"><span class='ocrx_word' id='word_1_160' title='bbox 102 1635 369 1687; x_wconf 85' lang='lat' dir='ltr'><strong>palimpsestis</strong></span> <span class='ocrx_word' id='word_1_161' title='bbox 397 1635 560 1672; x_wconf 88' lang='lat' dir='ltr'><strong>latentia</strong></span> <span class='ocrx_word' id='word_1_162' title='bbox 591 1631 940 1686; x_wconf 83' lang='lat' dir='ltr'><strong>deprehendisset,</strong></span> <span class='ocrx_word' id='word_1_163' title='bbox 980 1647 1027 1671; x_wconf 90' lang='lat' dir='ltr'><strong>ea</strong></span> <span class='ocrx_word' id='word_1_164' title='bbox 1059 1634 1108 1672; x_wconf 87' lang='lat' dir='ltr'><strong>ab</strong></span> <span class='ocrx_word' id='word_1_165' title='bbox 1146 1636 1307 1673; x_wconf 89' lang='lat' dir='ltr'><strong>interitu</strong></span> <span class='ocrx_word' id='word_1_166' title='bbox 1333 1637 1569 1676; x_wconf 88' lang='lat' dir='ltr'><strong>mirabiliter</strong></span> 
     </span>
     <span class='ocr_line' id='line_1_20' title="bbox 102 1713 1568 1765; baseline 0.001 -12"><span class='ocrx_word' id='word_1_167' title='bbox 102 1713 302 1754; x_wconf 82' lang='lat' dir='ltr'><strong>vindicata</strong></span> <span class='ocrx_word' id='word_1_168' title='bbox 322 1720 476 1752; x_wconf 81' lang='lat' dir='ltr'><strong>tantmn</strong></span> <span class='ocrx_word' id='word_1_169' title='bbox 498 1714 834 1765; x_wconf 84' lang='lat' dir='ltr'><strong>exspectationem</strong></span> <span class='ocrx_word' id='word_1_170' title='bbox 859 1714 1075 1751; x_wconf 85' lang='lat' dir='ltr'><strong>attuleruut</strong></span> <span class='ocrx_word' id='word_1_171' title='bbox 1098 1721 1261 1765; x_wconf 87' lang='lat' dir='ltr'><strong>repente</strong></span> <span class='ocrx_word' id='word_1_172' title='bbox 1286 1715 1492 1764; x_wconf 89' lang='lat' dir='ltr'><strong>omnibus,</strong></span> <span class='ocrx_word' id='word_1_173' title='bbox 1522 1723 1568 1754; x_wconf 86' lang='lat' dir='ltr'><strong>ut</strong></span> 
     </span>
     <span class='ocr_line' id='line_1_21' title="bbox 104 1791 1567 1848; baseline 0.001 -16"><span class='ocrx_word' id='word_1_174' title='bbox 104 1807 197 1832; x_wconf 88' lang='lat' dir='ltr'><strong>cum</strong></span> <span class='ocrx_word' id='word_1_175' title='bbox 223 1794 371 1847; x_wconf 88' lang='lat' dir='ltr'><strong>ubique</strong></span> <span class='ocrx_word' id='word_1_176' title='bbox 399 1800 485 1831; x_wconf 90' lang='lat' dir='ltr'><strong>tum</strong></span> <span class='ocrx_word' id='word_1_177' title='bbox 514 1800 615 1831; x_wconf 86' lang='lat' dir='ltr'><strong>certe</strong></span> <span class='ocrx_word' id='word_1_178' title='bbox 645 1795 806 1832; x_wconf 85' lang='lat' dir='ltr'><strong>Parisiis</strong></span> <span class='ocrx_word' id='word_1_179' title='bbox 834 1794 876 1831; x_wconf 89' lang='lat' dir='ltr'><strong>in</strong></span> <span class='ocrx_word' id='word_1_180' title='bbox 903 1791 1146 1831; x_wconf 84' lang='lat' dir='ltr'><strong>bibliotheca</strong></span> <span class='ocrx_word' id='word_1_181' title='bbox 1175 1800 1335 1844; x_wconf 84' lang='lat' dir='ltr'><strong>nostra,</strong></span> <span class='ocrx_word' id='word_1_182' title='bbox 1382 1797 1567 1848; x_wconf 88' lang='lat' dir='ltr'><strong>antiquos</strong></span> 
     </span>
     <span class='ocr_line' id='line_1_22' title="bbox 103 1871 1565 1927; baseline 0 -16"><span class='ocrx_word' id='word_1_183' title='bbox 103 1874 299 1926; x_wconf 85' lang='lat' dir='ltr'><strong>utilesque</strong></span> <span class='ocrx_word' id='word_1_184' title='bbox 326 1872 448 1912; x_wconf 84' lang='lat' dir='ltr'><strong>libros</strong></span> <span class='ocrx_word' id='word_1_185' title='bbox 475 1874 572 1911; x_wconf 88' lang='lat' dir='ltr'><strong>item</strong></span> <span class='ocrx_word' id='word_1_186' title='bbox 603 1871 832 1912; x_wconf 85' lang='lat' dir='ltr'><strong>delitescere</strong></span> <span class='ocrx_word' id='word_1_187' title='bbox 856 1875 1163 1926; x_wconf 85' lang='lat' dir='ltr'><strong>suspicarentur.</strong></span> <span class='ocrx_word' id='word_1_188' title='bbox 1222 1881 1464 1927; x_wconf 88' lang='lat' dir='ltr'><strong>quapropter</strong></span> <span class='ocrx_word' id='word_1_189' title='bbox 1481 1888 1565 1912; x_wconf 89' lang='lat' dir='ltr'><strong>non</strong></span> 
     </span>
     <span class='ocr_line' id='line_1_23' title="bbox 102 1952 1566 2006; baseline 0 -14"><span class='ocrx_word' id='word_1_190' title='bbox 102 1954 240 2006; x_wconf 78' lang='lat' dir='ltr'><strong>putavi</strong></span> <span class='ocrx_word' id='word_1_191' title='bbox 260 1966 345 1992; x_wconf 87' lang='lat' dir='ltr'><strong>esse</strong></span> <span class='ocrx_word' id='word_1_192' title='bbox 370 1953 546 1990; x_wconf 88' lang='lat' dir='ltr'><strong>alienum</strong></span> <span class='ocrx_word' id='word_1_193' title='bbox 564 1952 703 1991; x_wconf 90' lang='lat' dir='ltr'><strong>studiis</strong></span> <span class='ocrx_word' id='word_1_194' title='bbox 723 1954 823 1991; x_wconf 89' lang='lat' dir='ltr'><strong>meis</strong></span> <span class='ocrx_word' id='word_1_195' title='bbox 846 1954 1031 2005; x_wconf 84' lang='lat' dir='ltr'><strong>colligere</strong></span> <span class='ocrx_word' id='word_1_196' title='bbox 1053 1966 1155 2006; x_wconf 85' lang='lat' dir='ltr'><strong>quae</strong></span> <span class='ocrx_word' id='word_1_197' title='bbox 1177 1961 1215 1991; x_wconf 90' lang='lat' dir='ltr'><strong>et</strong></span> <span class='ocrx_word' id='word_1_198' title='bbox 1234 1967 1311 1992; x_wconf 91' lang='lat' dir='ltr'><strong>usu</strong></span> <span class='ocrx_word' id='word_1_199' title='bbox 1332 1953 1566 2006; x_wconf 86' lang='lat' dir='ltr'><strong>quotidiano</strong></span> 
     </span>
     <span class='ocr_line' id='line_1_24' title="bbox 103 2030 1567 2086; baseline 0.001 -15"><span class='ocrx_word' id='word_1_200' title='bbox 103 2030 306 2082; x_wconf 79' lang='lat' dir='ltr'><strong>codicum,</strong></span> <span class='ocrx_word' id='word_1_201' title='bbox 337 2037 376 2070; x_wconf 87' lang='lat' dir='ltr'><strong>et</strong></span> <span class='ocrx_word' id='word_1_202' title='bbox 397 2031 602 2084; x_wconf 87' lang='lat' dir='ltr'><strong>diligentia</strong></span> <span class='ocrx_word' id='word_1_203' title='bbox 622 2044 744 2085; x_wconf 84' lang='lat' dir='ltr'><strong>quam</strong></span> <span class='ocrx_word' id='word_1_204' title='bbox 763 2045 786 2069; x_wconf 85' lang='lat' dir='ltr'><strong>a</strong></span> <span class='ocrx_word' id='word_1_205' title='bbox 804 2045 870 2069; x_wconf 86' lang='lat' dir='ltr'><strong>me</strong></span> <span class='ocrx_word' id='word_1_206' title='bbox 891 2034 1113 2084; x_wconf 88' lang='lat' dir='ltr'><strong>exspectari</strong></span> <span class='ocrx_word' id='word_1_207' title='bbox 1140 2035 1320 2071; x_wconf 84' lang='lat' dir='ltr'><strong>maxime</strong></span> <span class='ocrx_word' id='word_1_208' title='bbox 1340 2040 1435 2085; x_wconf 90' lang='lat' dir='ltr'><strong>puto</strong></span> <span class='ocrx_word' id='word_1_209' title='bbox 1450 2063 1461 2082; x_wconf 91' lang='lat'><strong>,</strong></span> <span class='ocrx_word' id='word_1_210' title='bbox 1490 2048 1567 2086; x_wconf 88' lang='lat' dir='ltr'><strong>po-</strong></span> 
     </span>
     <span class='ocr_line' id='line_1_25' title="bbox 102 2099 1565 2164; baseline 0.001 -14"><span class='ocrx_word' id='word_1_211' title='bbox 102 2099 249 2150; x_wconf 79' lang='lat' dir='ltr'><strong>tuerim</strong></span> <span class='ocrx_word' id='word_1_212' title='bbox 272 2111 356 2149; x_wconf 83' lang='lat' dir='ltr'><strong>eius</strong></span> <span class='ocrx_word' id='word_1_213' title='bbox 375 2112 532 2162; x_wconf 87' lang='lat' dir='ltr'><strong>generis</strong></span> <span class='ocrx_word' id='word_1_214' title='bbox 550 2112 593 2148; x_wconf 90' lang='lat' dir='ltr'><strong>in</strong></span> <span class='ocrx_word' id='word_1_215' title='bbox 612 2109 812 2148; x_wconf 87' lang='lat' dir='ltr'><strong>codicibus</strong></span> <span class='ocrx_word' id='word_1_216' title='bbox 835 2111 995 2150; x_wconf 87' lang='lat' dir='ltr'><strong>Graecis</strong></span> <span class='ocrx_word' id='word_1_217' title='bbox 1020 2110 1151 2150; x_wconf 87' lang='lat' dir='ltr'><strong>adhuc</strong></span> <span class='ocrx_word' id='word_1_218' title='bbox 1182 2114 1434 2164; x_wconf 86' lang='lat' dir='ltr'><strong>investigare.</strong></span> <span class='ocrx_word' id='word_1_219' title='bbox 1495 2128 1565 2151; x_wconf 89' lang='lat' dir='ltr'><strong>ea-</strong></span> 
     </span>
     <span class='ocr_line' id='line_1_26' title="bbox 104 2189 1565 2244; baseline 0.001 -16"><span class='ocrx_word' id='word_1_220' title='bbox 104 2202 184 2244; x_wconf 85' lang='lat' dir='ltr'><strong>que</strong></span> <span class='ocrx_word' id='word_1_221' title='bbox 203 2197 286 2228; x_wconf 85' lang='lat' dir='ltr'><strong>erat</strong></span> <span class='ocrx_word' id='word_1_222' title='bbox 303 2191 346 2228; x_wconf 90' lang='lat' dir='ltr'><strong>in</strong></span> <span class='ocrx_word' id='word_1_223' title='bbox 365 2191 497 2228; x_wconf 88' lang='lat' dir='ltr'><strong>animo</strong></span> <span class='ocrx_word' id='word_1_224' title='bbox 517 2189 754 2241; x_wconf 88' lang='lat' dir='ltr'><strong>subiungere</strong></span> <span class='ocrx_word' id='word_1_225' title='bbox 770 2189 888 2228; x_wconf 90' lang='lat' dir='ltr'><strong>notis.</strong></span> <span class='ocrx_word' id='word_1_226' title='bbox 945 2197 1084 2242; x_wconf 88' lang='lat' dir='ltr'><strong>postea</strong></span> <span class='ocrx_word' id='word_1_227' title='bbox 1103 2205 1211 2240; x_wconf 77' lang='lat' dir='ltr'><strong>vero,</strong></span> <span class='ocrx_word' id='word_1_228' title='bbox 1243 2205 1333 2230; x_wconf 90' lang='lat' dir='ltr'><strong>cum</strong></span> <span class='ocrx_word' id='word_1_229' title='bbox 1353 2194 1394 2230; x_wconf 88' lang='lat' dir='ltr'><strong>in</strong></span> <span class='ocrx_word' id='word_1_230' title='bbox 1413 2193 1565 2231; x_wconf 86' lang='lat' dir='ltr'><strong>molem</strong></span> 
     </span>
     <span class='ocr_line' id='line_1_27' title="bbox 102 2267 1565 2317; baseline 0.001 -9"><span class='ocrx_word' id='word_1_231' title='bbox 102 2270 197 2309; x_wconf 86' lang='lat' dir='ltr'><strong>iusti</strong></span> <span class='ocrx_word' id='word_1_232' title='bbox 217 2270 431 2308; x_wconf 84' lang='lat' dir='ltr'><strong>voluminis</strong></span> <span class='ocrx_word' id='word_1_233' title='bbox 450 2267 628 2307; x_wconf 83' lang='lat' dir='ltr'><strong>viderem</strong></span> <span class='ocrx_word' id='word_1_234' title='bbox 646 2281 872 2307; x_wconf 82' lang='lat' dir='ltr'><strong>excrescere</strong></span> <span class='ocrx_word' id='word_1_235' title='bbox 884 2297 895 2317; x_wconf 92' lang='lat'>‚</span> <span class='ocrx_word' id='word_1_236' title='bbox 925 2270 1050 2308; x_wconf 86' lang='lat' dir='ltr'><strong>satius</strong></span> <span class='ocrx_word' id='word_1_237' title='bbox 1080 2269 1180 2309; x_wconf 83' lang='lat' dir='ltr'><strong>duxi</strong></span> <span class='ocrx_word' id='word_1_238' title='bbox 1202 2273 1380 2311; x_wconf 87' lang='lat' dir='ltr'><strong>conferre</strong></span> <span class='ocrx_word' id='word_1_239' title='bbox 1400 2274 1440 2311; x_wconf 91' lang='lat' dir='ltr'><strong>in</strong></span> <span class='ocrx_word' id='word_1_240' title='bbox 1465 2274 1565 2312; x_wconf 89' lang='lat' dir='ltr'><strong>scri-</strong></span> 
     </span>
     <span class='ocr_line' id='line_1_28' title="bbox 102 2349 1564 2404; baseline 0.002 -18"><span class='ocrx_word' id='word_1_241' title='bbox 102 2349 281 2401; x_wconf 84' lang='lat' dir='ltr'><strong>ptionem</strong></span> <span class='ocrx_word' id='word_1_242' title='bbox 306 2349 572 2400; x_wconf 83' lang='lat' dir='ltr'><strong>singularem,</strong></span> <span class='ocrx_word' id='word_1_243' title='bbox 604 2361 727 2400; x_wconf 86' lang='lat' dir='ltr'><strong>quae,</strong></span> <span class='ocrx_word' id='word_1_244' title='bbox 756 2354 801 2385; x_wconf 89' lang='lat' dir='ltr'><strong>ut</strong></span> <span class='ocrx_word' id='word_1_245' title='bbox 827 2361 963 2400; x_wconf 87' lang='lat' dir='ltr'><strong>spero,</strong></span> <span class='ocrx_word' id='word_1_246' title='bbox 991 2349 1227 2402; x_wconf 86' lang='lat' dir='ltr'><strong>propediem</strong></span> <span class='ocrx_word' id='word_1_247' title='bbox 1250 2351 1452 2404; x_wconf 89' lang='lat' dir='ltr'><strong>prodibit,</strong></span> <span class='ocrx_word' id='word_1_248' title='bbox 1482 2365 1564 2390; x_wconf 88' lang='lat' dir='ltr'><strong>non</strong></span> 
     </span>
     <span class='ocr_line' id='line_1_29' title="bbox 104 2426 1565 2482; baseline 0.002 -16"><span class='ocrx_word' id='word_1_249' title='bbox 104 2439 183 2480; x_wconf 89' lang='lat' dir='ltr'><strong>quo</strong></span> <span class='ocrx_word' id='word_1_250' title='bbox 217 2427 376 2466; x_wconf 85' lang='lat' dir='ltr'><strong>credam</strong></span> <span class='ocrx_word' id='word_1_251' title='bbox 409 2442 456 2466; x_wconf 89' lang='lat' dir='ltr'><strong>ea</strong></span> <span class='ocrx_word' id='word_1_252' title='bbox 481 2442 567 2466; x_wconf 90' lang='lat' dir='ltr'><strong>esse</strong></span> <span class='ocrx_word' id='word_1_253' title='bbox 591 2429 709 2477; x_wconf 76' lang='lat' dir='ltr'><strong>tanti,</strong></span> <span class='ocrx_word' id='word_1_254' title='bbox 749 2426 822 2466; x_wconf 87' lang='lat' dir='ltr'><strong>sed</strong></span> <span class='ocrx_word' id='word_1_255' title='bbox 841 2441 893 2466; x_wconf 88' lang='lat' dir='ltr'><strong>ne</strong></span> <span class='ocrx_word' id='word_1_256' title='bbox 922 2428 967 2465; x_wconf 89' lang='lat' dir='ltr'><strong>in</strong></span> <span class='ocrx_word' id='word_1_257' title='bbox 991 2442 1033 2466; x_wconf 89' lang='lat' dir='ltr'><strong>re</strong></span> <span class='ocrx_word' id='word_1_258' title='bbox 1061 2442 1163 2482; x_wconf 86' lang='lat' dir='ltr'><strong>quae</strong></span> <span class='ocrx_word' id='word_1_259' title='bbox 1188 2444 1295 2470; x_wconf 88' lang='lat' dir='ltr'><strong>nunc</strong></span> <span class='ocrx_word' id='word_1_260' title='bbox 1315 2433 1494 2470; x_wconf 83' lang='lat' dir='ltr'><strong>maxime</strong></span> <span class='ocrx_word' id='word_1_261' title='bbox 1521 2433 1565 2469; x_wconf 90' lang='lat' dir='ltr'><strong>in</strong></span> 
     </span>
     <span class='ocr_line' id='line_1_30' title="bbox 105 2503 1563 2561; baseline 0.003 -18"><span class='ocrx_word' id='word_1_262' title='bbox 105 2503 300 2544; x_wconf 78' lang='lat' dir='ltr'><strong>desiderio</strong></span> <span class='ocrx_word' id='word_1_263' title='bbox 320 2514 379 2545; x_wconf 89' lang='lat' dir='ltr'><strong>est</strong></span> <span class='ocrx_word' id='word_1_264' title='bbox 397 2508 454 2544; x_wconf 89' lang='lat' dir='ltr'><strong>rei</strong></span> <span class='ocrx_word' id='word_1_265' title='bbox 472 2507 655 2559; x_wconf 87' lang='lat' dir='ltr'><strong>publicae</strong></span> <span class='ocrx_word' id='word_1_266' title='bbox 673 2507 869 2546; x_wconf 83' lang='lat' dir='ltr'><strong>literariae</strong></span> <span class='ocrx_word' id='word_1_267' title='bbox 888 2508 1012 2561; x_wconf 89' lang='lat' dir='ltr'><strong>inque</strong></span> <span class='ocrx_word' id='word_1_268' title='bbox 1030 2522 1096 2547; x_wconf 89' lang='lat' dir='ltr'><strong>ore</strong></span> <span class='ocrx_word' id='word_1_269' title='bbox 1117 2517 1156 2547; x_wconf 94' lang='lat' dir='ltr'><strong>et</strong></span> <span class='ocrx_word' id='word_1_270' title='bbox 1173 2523 1356 2549; x_wconf 87' lang='lat' dir='ltr'><strong>sermone</strong></span> <span class='ocrx_word' id='word_1_271' title='bbox 1369 2513 1563 2559; x_wconf 88' lang='lat' dir='ltr'><strong>omnium,</strong></span> 
     </span>
     <span class='ocr_line' id='line_1_31' title="bbox 103 2584 1565 2639; baseline 0.003 -17"><span class='ocrx_word' id='word_1_272' title='bbox 103 2597 177 2622; x_wconf 84' lang='lat' dir='ltr'><strong>nos</strong></span> <span class='ocrx_word' id='word_1_273' title='bbox 210 2585 285 2622; x_wconf 87' lang='lat' dir='ltr'><strong>soli</strong></span> <span class='ocrx_word' id='word_1_274' title='bbox 315 2587 497 2635; x_wconf 80' lang='lat' dir='ltr'><strong>Parisiis,</strong></span> <span class='ocrx_word' id='word_1_275' title='bbox 534 2584 775 2624; x_wconf 85' lang='lat' dir='ltr'><strong>bibliotheca</strong></span> <span class='ocrx_word' id='word_1_276' title='bbox 803 2588 1074 2639; x_wconf 88' lang='lat' dir='ltr'><strong>copiosissima</strong></span> <span class='ocrx_word' id='word_1_277' title='bbox 1099 2602 1145 2627; x_wconf 86' lang='lat' dir='ltr'><strong>ac</strong></span> <span class='ocrx_word' id='word_1_278' title='bbox 1178 2589 1359 2627; x_wconf 86' lang='lat' dir='ltr'><strong>codicum</strong></span> <span class='ocrx_word' id='word_1_279' title='bbox 1386 2590 1565 2627; x_wconf 86' lang='lat' dir='ltr'><strong>refertis-</strong></span> 
     </span>
    </p>
   </div>
   <div class='ocr_carea' id='block_1_3' title="bbox 105 2661 1563 2719">
    <p class='ocr_par' dir='ltr' id='par_1_4' title="bbox 105 2661 1563 2719">
     <span class='ocr_line' id='line_1_32' title="bbox 105 2661 1563 2719; baseline 0.005 -19"><span class='ocrx_word' id='word_1_280' title='bbox 105 2663 231 2712; x_wconf 79' lang='lat' dir='ltr'><strong>sima,</strong></span> <span class='ocrx_word' id='word_1_281' title='bbox 260 2661 447 2703; x_wconf 87' lang='lat' dir='ltr'><strong>desidiosi</strong></span> <span class='ocrx_word' id='word_1_282' title='bbox 473 2667 695 2719; x_wconf 87' lang='lat' dir='ltr'><strong>inertesque</strong></span> <span class='ocrx_word' id='word_1_283' title='bbox 727 2680 813 2705; x_wconf 91' lang='lat' dir='ltr'><strong>esse</strong></span> <span class='ocrx_word' id='word_1_284' title='bbox 840 2666 1064 2706; x_wconf 71' lang='lat' dir='ltr'><strong>videamur.</strong></span> <span class='ocrx_word' id='word_1_285' title='bbox 1121 2682 1261 2707; x_wconf 80' lang='lat' dir='ltr'><strong>verum</strong></span> <span class='ocrx_word' id='word_1_286' title='bbox 1293 2675 1336 2705; x_wconf 93' lang='lat' dir='ltr'><strong>ut</strong></span> <span class='ocrx_word' id='word_1_287' title='bbox 1370 2667 1421 2705; x_wconf 90' lang='lat' dir='ltr'><strong>ad</strong></span> <span class='ocrx_word' id='word_1_288' title='bbox 1447 2675 1563 2707; x_wconf 87' lang='lat' dir='ltr'><strong>notas</strong></span> 
     </span>
    </p>
   </div>
   <div class='ocr_carea' id='block_1_4' title="bbox 1593 1001 1647 1042">
    <p class='ocr_par' dir='ltr' id='par_1_5' title="bbox 1593 1001 1647 1042">
     <span class='ocr_line' id='line_1_33' title="bbox 1593 1001 1647 1042; baseline 0.019 -1"><span class='ocrx_word' id='word_1_289' title='bbox 1593 1001 1647 1042; x_wconf 80' lang='lat'><strong>12</strong></span> 
     </span>
    </p>
   </div>
   <div class='ocr_carea' id='block_1_5' title="bbox 1590 1330 1748 1366">
    <p class='ocr_par' dir='ltr' id='par_1_6' title="bbox 1590 1330 1748 1366">
     <span class='ocr_line' id='line_1_34' title="bbox 1590 1330 1748 1366; baseline 0.013 -13"><span class='ocrx_word' id='word_1_290' title='bbox 1590 1330 1629 1366; x_wconf 81' lang='lat' dir='ltr'><strong>p.</strong></span> <span class='ocrx_word' id='word_1_291' title='bbox 1656 1331 1748 1355; x_wconf 70' lang='lat' dir='ltr'><strong>xxxv</strong></span> 
     </span>
    </p>
   </div>
   <div class='ocr_carea' id='block_1_6' title="bbox 105 2744 1718 2800">
    <p class='ocr_par' dir='ltr' id='par_1_7' title="bbox 105 2744 1718 2800">
     <span class='ocr_line' id='line_1_35' title="bbox 105 2744 1718 2800; baseline 0.005 -20"><span class='ocrx_word' id='word_1_292' title='bbox 105 2750 300 2793; x_wconf 78' lang='lat' dir='ltr'><strong>revertar,</strong></span> <span class='ocrx_word' id='word_1_293' title='bbox 329 2745 364 2782; x_wconf 84' lang='lat' dir='ltr'><strong>si</strong></span> <span class='ocrx_word' id='word_1_294' title='bbox 391 2744 550 2796; x_wconf 80' lang='lat' dir='ltr'><strong>quando</strong></span> <span class='ocrx_word' id='word_1_295' title='bbox 577 2746 634 2784; x_wconf 88' lang='lat' dir='ltr'><strong>ibi</strong></span> <span class='ocrx_word' id='word_1_296' title='bbox 656 2746 789 2785; x_wconf 89' lang='lat' dir='ltr'><strong>locum</strong></span> <span class='ocrx_word' id='word_1_297' title='bbox 810 2748 876 2787; x_wconf 80' lang='lat' dir='ltr'><strong>vel</strong></span> <span class='ocrx_word' id='word_1_298' title='bbox 898 2748 1119 2800; x_wconf 88' lang='lat' dir='ltr'><strong>interposui</strong></span> <span class='ocrx_word' id='word_1_299' title='bbox 1140 2749 1309 2786; x_wconf 89' lang='lat' dir='ltr'><strong>auctoris</strong></span> <span class='ocrx_word' id='word_1_300' title='bbox 1332 2746 1471 2786; x_wconf 88' lang='lat' dir='ltr'><strong>inediti</strong></span> <span class='ocrx_word' id='word_1_301' title='bbox 1494 2749 1560 2787; x_wconf 82' lang='lat' dir='ltr'><strong>vel</strong></span> <span class='ocrx_word' id='word_1_302' title='bbox 1582 2764 1620 2800; x_wconf 86' lang='lat' dir='ltr'><strong>p.</strong></span> <span class='ocrx_word' id='word_1_303' title='bbox 1643 2764 1718 2788; x_wconf 69' lang='lat' dir='ltr'><strong>xxv</strong></span> 
     </span>
    </p>
   </div>
  </div>
 </body>
</html>
