1748 3210
582 171 658 214 DE
690 169 964 215 MENSIBUS
994 169 1074 215 IV.
1477 167 1542 214 77

111 286 140 343 ἦ
157 285 234 344 γὰρ
262 285 377 343 τριὰς
402 282 506 342 ἆρχὴ
536 283 731 343 ἀριθμοῦ.
760 284 861 329 ὥστε
883 283 955 328 οὔκ
977 283 1055 336 ἔξω
1077 282 1318 342 φιλοσοφίας
1336 281 1404 325 τὸν
1418 279 1541 339 ’Άρεα

111 351 336 410 ζευγνῦουσι
365 358 416 409 τῇ
444 354 682 411 Ἀφροδίτῃ·
734 357 783 410 τῇ
811 354 889 411 γὰρ
921 352 1040 396 δυάδι
1067 350 1339 406 συνελθούσης
1367 350 1543 404 μονάδος

110 426 268 480 πρῶτος
291 421 469 478 ἀριθμὸς
488 422 646 476 ἐτέχθη,
683 419 728 471 ὃς
745 425 920 463 καλεῖται
939 419 1003 463 ὕπ’
1026 421 1135 464 ἐνίων
1155 421 1314 471 τέλειος,
1349 418 1410 461 ὅτι
1430 423 1543 476 πρῶ-

111 507 180 540 τος
195 490 248 532 τὰ
265 488 395 531 πάντα
415 491 596 544 σημαίνει
615 489 681 531 καὶ
707 493 863 545 πρῶτος
883 487 1027 539 ἔδειξεν
1047 488 1173 545 ἀρχὴν
1190 489 1295 543 μέσα
1314 488 1437 537 τέλος.
1476 487 1546 529 τὸν

78 559 158 610 ’5δέ
174 557 361 614 τέταρτον
378 557 594 614 (Ἀπρίλιον
613 555 867 611 ὀνομάζουσι)
890 557 993 599 κατὰ
1009 557 1084 612 τὴν
1104 561 1183 599 τῶν
1206 557 1406 611 στοιχείων
1426 553 1547 612 φύσιν

110 629 169 684 τῷ
191 625 367 682 τετάρτῳ
398 625 563 684 ἀριθμῷ
591 625 797 676 ἀνέθεντο,
831 625 1032 666 τουτέστιν
1057 624 1294 681 Ἀφροδίτῃ·
1322 621 1348 678 ἡ
1376 624 1453 679 γὰρ
1474 627 1547 665 τοῦ

112 693 259 743 παντὸς
287 696 485 748 αἰσθητοῦ
514 692 634 750 φύσις
659 693 701 734 ἔκ
720 691 925 749 τεσσάρων
947 693 1029 734 ἐστὶ
1053 694 1276 746 στοιχείων,
1311 690 1412 745 αὕτη
1433 691 1474 732 δ’
1498 689 1549 733 ἂν

114 761 174 815 εἴη
201 761 309 805 κατὰ
338 761 432 811 τοὺς
467 759 730 818 φυσιολόγους
756 760 986 817 Ἀφροδίτη.
1029 764 1186 816 πρῶτος
1213 755 1282 802 οὖν
1304 758 1548 815 τετράγωνος

114 828 293 886 ἀριθμὸς
319 823 434 879 οὗτος
459 830 525 870 καὶ
555 826 780 885 τετρακτύς.
822 827 923 869 ἀλλὰ
954 827 1036 881 μὴν
1062 828 1128 868 καὶ
1150 831 1308 884 πρῶτος
1330 826 1449 877 ἔδειξε
1475 827 1548 880 τὴν

60 908 104 945 10
115 897 277 953 στερεὰν
295 895 436 954 φύσιν·
468 903 630 951 σημεῖον
650 894 750 953 γάρ,
780 894 862 938 εἶτα
878 894 1066 952 γραμμή,
1103 893 1186 937 εἶτα
1206 894 1428 951 ἐπιφάνεια,
1465 893 1547 936 εἶτα

113 963 292 1022 στερεόν,
328 963 350 1006 ὅ
372 965 454 1007 ἔστι
481 969 610 1018 σῶμα.
644 965 688 1006 ἔκ
715 962 919 1021 τεσσάρων
942 964 987 1005 δὲ
1005 961 1031 1018 ἦ
1056 966 1128 1005 τοῦ
1150 961 1342 1019 τετάρτου
1367 962 1550 1019 ἀριθμοῦ

113 1026 471 1090 -ὲἈφροδίτῃ,
502 1032 681 1075 τουτέστι
711 1036 761 1088 τῇ
793 1031 911 1089 φύσει
942 1036 1022 1074 τῶν
1051 1029 1297 1088 πραγμάτων
1305 1062 1319 1082 ,
1350 1030 1551 1072 ἀνέθεντο.

113 1098 205 1142 ἄνθ’
229 1099 323 1142 ὅτου
341 1100 385 1141 δὲ
409 1099 534 1151 οὕτως
559 1099 667 1151 ἔδοξε
681 1098 892 1154 Ῥωμαίοις
909 1099 979 1142 τὸν
998 1099 1186 1156 τέταρτον
1204 1097 1402 1153 ὀνομάσαι
1427 1103 1548 1153 μῆνα,

113 1167 182 1209 διὰ
206 1168 390 1224 βραχέων
413 1169 514 1225 ἐρῶ·
546 1169 645 1218 τέως
672 1169 716 1210 δὲ
742 1168 845 1210 κατὰ
869 1168 916 1210 τὸ
934 1166 1115 1224 πρόσθεν
1135 1167 1418 1222 ἐπηγγελμένον
1438 1167 1550 1221 ὀλίγα

61 1246 102 1282 15
113 1234 213 1279 ἶίττα
227 1238 317 1293 περὶ
335 1240 406 1289 τῆς
426 1236 527 1278 κατὰ
538 1236 778 1293 Ἀφροδίτην
796 1236 973 1292 θεωρίας
991 1233 1260 1289 διαλήψομαι.

247 1304 286 1345 οἷ
313 1305 472 1360 φυσικοὶ
494 1308 703 1359 τοιγαροῦν
723 1303 793 1345 τὸν
818 1303 974 1360 εἀρινὸν
996 1301 1091 1344 εἶναι
1109 1303 1250 1359 καιρὸν
1274 1302 1347 1356 τὴν
1362 1300 1552 1358 Ἀφροδί-

92 1363 95 1367 ,
114 1388 186 1425 την
204 1370 429 1423 βούλονται,
457 1366 572 1421 οὗτος
590 1370 631 1413 δ’
659 1370 708 1413 ἂν
728 1371 785 1425 εἴη
803 1368 823 1412 ὅ
841 1372 881 1413 ἓν
898 1369 1034 1428 ταύρῳ
1053 1370 1177 1425 ἣλιος.
1211 1371 1278 1412 καὶ
1300 1370 1553 1426 ἀποστρεφο-
1604 1405 1613 1414 .

113 1440 235 1493 μένην
265 1439 388 1492 αὐτὴν
416 1439 485 1481 τὸν
504 1439 626 1495 Ἄρεα
653 1444 855 1489 ποιοῦσιν,
893 1437 948 1488 ὥς
975 1439 1162 1493 λέγομεν,
1191 1439 1260 1480 τὸν
1282 1437 1420 1494 Ἄρεος
1447 1442 1556 1492 μῆνα

114 1501 251 1562 (οὗτος
271 1509 297 1548 δ
301 1507 314 1523 ’
339 1506 388 1548 ἂν
407 1507 464 1561 εἴη
485 1505 737 1562 &Mamaea
755 1507 1071 1562 προστιθεμένην
1090 1507 1135 1547 δὲ
1154 1510 1210 1564 τῷ
1222 1505 1418 1556 Ἀδώνιδι,
1438 1523 1557 1548 τουτ-

58 1575 196 1622 ξοέστι
213 1578 270 1632 τῷ
290 1576 435 1632 Μαΐῳ,
465 1574 560 1616 καθ’
591 1573 635 1616 ὃν
653 1574 730 1628 ἤδη
748 1575 813 1615 καὶ
832 1575 975 1630 εἀρίζει
993 1575 1045 1616 τὰ
1063 1573 1194 1629 ὄρνεα.
1219 1578 1360 1616 τοῦτον
1379 1574 1423 1615 δὲ
1442 1573 1557 1615 ἀναι-

114 1646 282 1701 ρεθῆναι
301 1641 379 1685 ὕπὸ
407 1647 479 1685 τοῦ
501 1642 639 1699 Ἄρεος
662 1642 986 1697 μεταβληθέντος
1018 1644 1072 1691 εἶς
1089 1636 1150 1693 ὗν,
1185 1641 1300 1684 οἱονεὶ
1321 1642 1366 1684 τὸ
1387 1641 1458 1698 ἔαρ
1477 1639 1555 1684 ὑπὸ

114 1715 186 1754 τοῦ
213 1711 364 1768 θέρους
394 1710 669 1768 ἀναιρεῖσθαι·
702 1710 838 1766 θερμὴ
868 1711 945 1766 γὰρ
971 1708 996 1763 ἡ
1021 1709 1142 1767 φύσις
1160 1714 1231 1752 τοῦ
1252 1708 1345 1761 ὖός,
1380 1711 1447 1751 καὶ
1471 1709 1559 1751 ἀντὶ

114 1782 187 1822 τοῦ
212 1779 362 1836 θέρους
390 1779 577 1822 αὗτὸνιοῖ
602 1779 771 1834 μυθικοὶ
802 1777 1088 1832 λαμβάνοι-σιν.
1130 1777 1156 1832 ἢ
1186 1776 1240 1828 ὡς
1270 1777 1408 1828 ἄλλοις
1437 1779 1558 1829 δοκεῖ’,

209 1897 253 1931 14
269 1893 336 1931 τὸν
353 1897 449 1952 apud
463 1896 503 1931 S.
675 1897 718 1931 18
740 1893 834 1940 ἀέρα
853 1896 944 1941 apud
962 1896 1010 1930 S:
1029 1906 1109 1930 corr
1125 1894 1322 1930 Roetherus
1344 1894 1422 1930 coll.
1445 1896 1480 1938 S.
1499 1895 1558 1930 27.

205 1940 368 1987 λέγομεν]
393 1939 569 1986 ἐλέγομεν,
591 1938 712 1987 ὥσπερ
734 1942 945 1977 Roetherus.

117 2046 157 2078 ut
184 2054 254 2077 non
282 2046 382 2077 extra
411 2043 662 2089 philosophiam
687 2043 836 2078 Martem
864 2042 1010 2086 iungant
1037 2041 1188 2076 Veneri.
1219 2053 1295 2076 cum
1324 2041 1439 2086 dyade
1470 2039 1560 2075 enim

116 2093 298 2134 postquam
321 2088 405 2123 coiit
423 2101 540 2123 monas
553 2115 563 2132 ‚
590 2090 719 2134 primus
745 2100 904 2122 numerus
926 2089 1062 2132 genitus
1086 2093 1157 2131 est,
1187 2089 1247 2133 qui
1267 2094 1413 2122 vocatur
1431 2099 1451 2120 a
1473 2099 1559 2120 non-

112 2134 218 2168 nullis
236 2134 425 2179 perfectus,
444 2136 536 2179 quod
552 2135 682 2179 primus
701 2134 864 2169 universa
877 2134 1052 2178 significat
1069 2139 1106 2167 et
1121 2145 1250 2178 pnmus
1268 2133 1474 2167 monstravit
1490 2133 1560 2165 ini-

116 2180 215 2222 tium,
238 2180 396 2222 medium,
417 2180 532 2215 finem.
568 2186 726 2224 quartum
748 2184 860 2214 autem
880 2179 1047 2223 (Aprilem
1066 2179 1257 2219 nominant)
1278 2180 1464 2213 secundum
1486 2178 1558 2212 ele—

118 2230 308 2259 mentorum
330 2230 484 2259 naturam
502 2226 722 2269 quaternario
744 2236 884 2259 numero
903 2226 1080 2268 dicarunt,
1101 2224 1139 2258 id
1159 2229 1214 2258 est
1235 2225 1378 2258 Veneri:
1403 2223 1559 2257 universi

119 2270 210 2304 enim
227 2270 386 2304 sensibus
403 2270 552 2304 subiecti
569 2277 692 2305 natura
708 2276 871 2316 quattuor
888 2276 1024 2304 constat
1041 2270 1329 2323 elementis‚·1psa
1339 2274 1452 2303 autem
1467 2270 1560 2302 forte

118 2315 168 2350 sit
190 2327 234 2349 ex
250 2316 531 2360 physiologorurn
548 2316 722 2350 sententia
743 2317 876 2350 Venus.
916 2316 1046 2370 primu?
1068 2315 1176 2360 igitur
1194 2318 1380 2360 quadratus
1403 2325 1564 2348 numerus

118 2361 177 2396 hic
194 2366 249 2395 est
259 2365 296 2396 et
311 2361 504 2406 quaternio,
522 2373 643 2396 verum
655 2368 691 2396 et
702 2362 832 2407 primus
850 2361 1057 2396 monstravit
1072 2361 1215 2395 solidam
1232 2368 1408 2396 naturam.
1429 2361 1564 2404 signum

119 2407 233 2450 enim,
261 2407 387 2442 deinde
403 2407 515 2450 linea,
543 2414 615 2441 tum
633 2408 836 2460 superficies
849 2433 860 2452 ,
877 2412 958 2452 post
971 2406 1115 2440 solidum
1127 2432 1136 2450 ,
1156 2407 1248 2452 quod
1267 2411 1322 2440 est
1340 2416 1477 2450 corpus.
1522 2415 1566 2438 ex

119 2456 284 2496 quattuor
310 2456 424 2487 autem
449 2453 662 2497 quaternarii
690 2454 823 2487 numeri
840 2473 886 2478 -—
902 2472 948 2478 —-
961 2452 1112 2495 Veneri,
1140 2452 1178 2486 id
1200 2456 1255 2486 est
1272 2462 1387 2486 rerum
1409 2455 1567 2493 naturae,

120 2497 291 2532 dicarunt.
325 2509 434 2543 quare
451 2503 565 2532 autem
585 2498 635 2532 ita
652 2499 763 2533 visum
783 2499 830 2532 sit
846 2498 1011 2533 Romanis
1032 2502 1190 2542 quartum
1208 2497 1384 2530 nominare
1402 2507 1567 2538 mensem,

121 2542 242 2588 paucis
261 2543 390 2577 dicam·
415 2548 495 2577 ante
513 2549 648 2586 autem,
675 2550 715 2578 ut
738 2545 841 2597 prius
854 2544 1085 2588 significatum
1107 2548 1178 2586 est,
1202 2554 1313 2595 pauca
1335 2542 1501 2585 quaedam
1522 2542 1568 2574 de

123 2600 167 2622 ea
189 2598 278 2632 quae
299 2589 344 2622 ad
361 2589 534 2623 Venerem
556 2590 710 2634 pertinet
731 2589 890 2624 doctrina
918 2589 1098 2623 disseram.
1138 2569 1277 2633 physici
1298 2587 1406 2631 igitur
1423 2597 1567 2620 vernum

122 2638 258 2687 tempus
275 2633 447 2668 Venerem
464 2646 542 2668 esse
559 2634 692 2678 volunt,
710 2635 747 2670 id
769 2640 882 2669 autem
904 2635 979 2668 fere
999 2634 1106 2668 fuerit
1125 2634 1206 2668 sol
1195 2645 1230 2667 ιιι
1246 2633 1388 2673 Tauro;
1413 2636 1450 2666 et
1467 2643 1510 2665 av
1513 2642 1570 2664 er-

121 2678 193 2712 sari
220 2689 294 2712 eam
323 2677 471 2712 Martem
499 2681 653 2723 faciunt,
677 2686 716 2714 ut
733 2681 902 2722 diximus,
925 2679 1022 2713 velut
1038 2680 1163 2713 Martis
1184 2690 1335 2712 mensem
1362 2678 1435 2721 (hic
1456 2682 1570 2710 autem

121 2724 170 2758 sit
189 2723 367 2767 Martius),
389 2724 551 2769 coniungi
569 2731 683 2759 autem
702 2737 776 2760 cum
793 2725 971 2767 Adonide‚
995 2725 1032 2759 id
1051 2730 1106 2759 est
1125 2725 1232 2767 Maio,
1256 2735 1324 2768 quo
1345 2729 1380 2757 et
1397 2723 1464 2756 iam
1487 2733 1568 2756 ver-

122 2774 206 2803 nant
227 2781 333 2810 aves;
353 2769 442 2802 hunc
463 2775 576 2804 autem
595 2771 817 2806 interfectum
838 2783 859 2805 a
881 2772 997 2806 Marte
1015 2782 1184 2805 converso
1202 2770 1238 2803 in
1259 2780 1367 2812 suem,
1389 2767 1487 2813 quasi
1506 2778 1570 2800 ver

122 2816 167 2850 ab
186 2819 319 2850 aestate
340 2814 510 2849 interfici.
533 2815 643 2851 calida
662 2817 751 2852 enim
772 2820 898 2853 natura
915 2816 1009 2863 suis,
1030 2819 1068 2853 et
1086 2815 1124 2852 in
1143 2818 1311 2852 aestatem
1332 2825 1408 2850 eum
1425 2812 1569 2859 mythici
