1748 3210
257 242 281 287 1
291 242 348 288 18
404 242 623 286 IOANNIS
642 241 774 285 LYDI
790 241 864 284 DE
879 240 1148 284 MENSIBUS
1165 241 1364 286 FRAGM.
1381 243 1597 288 CASEOL.

361 347 484 392 Kato?
525 348 570 392 δὲ
604 348 683 404 τὴν
717 349 810 403 ἑξῆς
845 345 1038 397 Εὔδοξος
1071 343 1148 389 τόν
1183 346 1351 404 τοξότην
1387 349 1560 406 ἀνίσχειν
1595 351 1670 394 καὶ

251 417 438 471 χειμῶνα
464 415 681 469 προλέγει·
718 412 940 457 ἐπετέλουν
967 411 1012 455 δὲ
1039 412 1112 455 καὶ
1138 411 1289 467 ἑορτήν
1315 415 1532 469 λεγομένην
1557 417 1668 471 Ἀγω-

250 481 379 525 νάλια
413 480 685 537 δαφνηφόρῳ
722 480 793 523 καὶ
828 478 1012 534 γενάρχῃ
1035 476 1184 533 “Ηλίῳ,
1225 476 1363 533 ὥσπερ
1389 479 1612 538 Ἀθήνησιν
1639 477 1666 538 ἦ

246 548 307 586 ἐπὶ
332 554 410 591 τοῖς
434 547 760 602 ’δαφνηφορίοις
786 544 939 601 τελετή.
968 545 1015 589 ἐν
1042 543 1175 601 ταύτῃ
1202 545 1276 588 καὶ
1301 544 1328 600 ἡ
1355 547 1555 603 λεγομένη
1573 549 1664 597 παρ’

246 613 368 652 αὐτῶν
397 610 718 667 Σεπτιμούνδιος
746 611 870 667 ἑορτὴ
898 611 1146 664 ἐπετελεῖτο,
1174 609 1391 654 τουτέστιν
1416 610 1445 666 ἡ
1467 615 1698 669 melodos-5

244 681 321 732 τῆς
348 678 519 726 πόλεως,
563 678 619 717 ὅτι
655 680 714 718 ἐπὶ
749 679 840 716 ἑπτὰ
873 677 1034 734 λόφους
1059 677 1111 719 τὰ
1137 677 1249 733 τείχη
1275 680 1349 732 τῆς
1372 677 1532 735 Ῥώμης
1557 679 1668 724 ἐκτέ-

243 760 380 787 ταται.
436 743 623 800 ὀνόματα
650 746 690 784 δὲ
718 744 839 784 αὐτῶν
867 745 952 793 ὅρος
983 747 1236 795 Παλατῖνον,
1270 742 1516 796 Ἐσκύλιον,
1558 749 1668 801 Ταρ-

242 810 393 865 πήϊον,
421 808 684 866 Ἀβεντῖνον,
718 814 944 867 Τιβορτῖνον
973 809 998 859 ἦ
1026 809 1247 858 Ἰανοῦκλον,
1281 815 1464 860 Κέστιον,
1493 812 1669 867 Βιμινά-

242 880 351 919 λιον.
409 880 511 926 παρὰ
539 878 586 922 δὲ
610 883 701 928 τοῖς
728 876 922 932 ἄρχαίοις
949 875 1112 931 ἑτέρως,
1141 874 1292 921 οὕτως·
1318 877 1540 929 Ἀβεντῖνος,
1572 880 1671 922 Καί-

244 947 346 994 λιος,
374 941 595 997 Ἐσκύλιος,
623 947 934 996 Καπιτωλῖνος,
967 940 1263 999 Βελινὴνσιος,
1289 945 1555 996 Κυρινάλιος,
1582 947 1672 989 11oe-
1681 952 1723 987 10

244 1014 409 1055 λατῖνος.

357 1080 420 1132 Τῇ
448 1076 532 1131 πρὸ
561 1080 695 1132 τριῶν
714 1078 885 1119 Νωνῶν
914 1072 1008 1131 6ὲῆ
1038 1075 1154 1122 ἡμέρα
1173 1099 1306 1113 ······
1319 1074 1547 1129 ἄπρακτος,
1575 1075 1674 1120 καθ’
1714 1131 1717 1135 .

241 1141 298 1197 ἢν
324 1142 347 1186 ὁ
378 1141 613 1198 Εὐκτήμων
650 1142 726 1185 τὸν
760 1141 874 1185 κύνα
910 1140 1090 1183 δύεσθαι
1118 1140 1192 1182 καὶ
1230 1143 1294 1179 τὸν
1320 1147 1487 1189 χειμῶνα
1514 1141 1672 1198 ἐνάρχε-

243 1215 332 1247 σθαι
364 1211 473 1256 λέγει.
528 1209 602 1252 καὶ
628 1208 751 1263 ἤγετο
782 1207 1058 1260 ἱπποδρομία,
1088 1204 1191 1249 καθ’
1223 1205 1279 1261 ἣν
1306 1204 1385 1250 ἀπε

330 1309 354 1342 2
374 1305 546 1351 Ἀγωοὶλια
568 1307 611 1341 C.
794 1306 836 1340 14
868 1305 925 1339 hic
956 1304 1075 1340 deficit
1105 1304 1223 1339 folium
1245 1304 1387 1340 alterum
1408 1307 1671 1351 stagmentomm

331 1352 412 1388 libri
438 1355 482 1388 de
505 1352 696 1387 Mensibus.
743 1351 900 1385 HAanS.

329 1441 475 1476 Postero
499 1442 556 1476 die
580 1441 747 1475 Eudoxus
770 1439 899 1475 exoriri
929 1440 1143 1484 sagittarium
1168 1444 1203 1474 et
1231 1443 1467 1485 tempestatem
1491 1442 1673 1487 praedicit.

239 1486 462 1521 celebrabant
479 1498 615 1532 quoque
636 1489 760 1520 festum
783 1487 875 1530 quod
897 1492 1040 1519 vocatur
1059 1485 1245 1528 Agonalia,
1269 1486 1343 1519 Soli
1366 1486 1487 1520 victori
1513 1499 1553 1521 ac
1574 1488 1672 1532 geni-

240 1533 320 1574 tori,
345 1533 439 1565 velut
456 1532 599 1566 Athenis
622 1531 861 1565 lauriferorum
883 1530 1050 1563 solennia.
1097 1531 1216 1563 eodem
1235 1530 1292 1564 die
1310 1532 1353 1564 ab
1372 1531 1438 1564 illis
1461 1532 1535 1566 dies
1553 1533 1671 1577 Septi-

239 1577 387 1610 montius
416 1577 527 1610 dictus
557 1578 666 1610 festus
700 1577 883 1619 agebatur,
916 1574 980 1608 hoc
1004 1578 1056 1608 est
1079 1574 1240 1608 circuitus
1263 1575 1383 1618 urbis,
1416 1578 1507 1620 quod
1540 1578 1675 1611 moenia

239 1623 368 1654 Romae
387 1633 450 1665 per
468 1626 600 1666 septem
619 1620 721 1655 colles
743 1621 984 1653 extenduntur.
1032 1630 1174 1663 quorum
1200 1620 1335 1654 nomina
1357 1621 1441 1654 haec
1464 1626 1553 1663 sunt,
1576 1631 1672 1655 mons

238 1666 436 1707 Palatinus,
471 1666 673 1709 Exquilius,
708 1665 900 1708 Tarpeius,
931 1664 1142 1707 Aventinus,
1178 1665 1382 1698 Tiburtinus
1405 1677 1467 1699 seu
1490 1667 1673 1710 Ianiculus,

242 1710 395 1754 Cispius,
419 1710 610 1744 Viminalis.
657 1711 747 1754 apud
767 1710 898 1753 priscos
919 1714 1032 1742 tamen
1051 1708 1150 1742 aliter
1171 1709 1404 1751 nominantur,
1434 1709 1470 1743 in
1493 1711 1582 1744 hunc
1599 1724 1671 1744 mo-

241 1755 337 1788 dum:
371 1755 573 1799 Aventinus,
597 1755 747 1798 Coelius,
772 1754 965 1798 Exquilius,
990 1753 1215 1798 Capitolinus,
1240 1754 1447 1799 Velinensis,
1471 1756 1672 1800 Quirinalis,

239 1799 430 1834 Palatinus.

328 1845 351 1878 3
378 1846 496 1878 Nonas
523 1845 731 1878 Decembres
756 1843 830 1878 dies
848 1868 858 1878 .
875 1867 885 1878 .
903 1868 913 1877 .
939 1843 1102 1886 feriatus,
1138 1855 1204 1888 quo
1231 1845 1421 1879 Euctemon
1442 1857 1559 1878 canem
1580 1844 1671 1879 occi-

239 1889 324 1953 der}
333 1889 563 1954 *hagan-imaque
595 1889 748 1935 incipere
779 1890 840 1924 ait.
888 1893 924 1923 et
953 1890 1120 1933 agebatur
1150 1889 1315 1924 ludicrum
1337 1895 1515 1934 equestre,
1547 1890 1583 1924 in
1605 1901 1672 1935 quo

239 1935 283 1967 ab
