1748 3210
379 213 456 258 DE
487 209 931 256 MAGISTRATIBUS
962 209 1010 254 Ρ.
1040 207 1095 253 R.
1127 206 1232 251 LIB.
1264 206 1300 252 I.
1477 206 1574 254 137

118 328 187 374 καὶ
214 325 261 371 τὸ
292 326 431 372 λοιπὸν
464 326 537 370 οὔκ
569 326 663 383 ἵστη
675 360 688 379 ,
714 330 795 370 τῶν
819 326 860 369 ἓν
879 323 975 381 ἡμῖν
995 322 1166 376 ἐνδόξων
1189 322 1306 382 ἄχρις
1326 319 1480 365 ἑαυτῶν
1499 322 1573 377 τὴν

119 396 317 456 ὗπεροχὴν
335 401 409 452 τῆς
427 395 550 452 τύχης
574 395 889 449 ἐνδεικνυμένων.

254 465 334 510 21.
404 467 489 508 Καὶ
507 465 585 522 πρὸ
603 463 810 519 Ῥωμύλου
834 464 877 505 δὲ
893 462 944 505 ἄν
963 480 1024 514 τις
1046 461 1155 520 εὕροι
1172 461 1363 516 Σιλβίους
1379 458 1474 510 τοὺς
1492 464 1574 514 βα-

120 534 254 584 σιλέας
273 539 346 590 τῆς
362 533 503 591 χώρας
528 533 894 589 ε’πονομαζομένους
920 531 999 574 ἀπὸ
1024 533 1191 586 Σιλβίου
1213 531 1378 574 Αἰνείου
1400 533 1473 572 τοῦ
1495 528 1574 571 ἀπὸ

87 604 288 648 6-Λῗνείου
325 608 398 647 τοῦ
433 602 608 661 πρώτου.
676 603 717 645 ἐν
734 602 812 658 γὰρ
834 607 922 651 ταῖς
940 599 1058 651 ὕλαις
1076 600 1150 650 τὰς
1168 598 1340 655 οἰκήσεις
1361 598 1515 651 ἔχοντες
1537 597 1576 640 οἱ

121 674 235 731 πρίν,
265 674 334 715 καὶ
356 672 426 730 τὸν
444 670 663 727 νομαδικὸν
684 674 875 725 τιμῶντες
891 671 980 723 βίον
991 700 1004 720 ,
1040 670 1229 723 Σιλβίους
1252 671 1362 725 σφᾶς
1384 664 1577 721 σεμνυνό-

119 758 234 796 μενοι
261 739 578 799 προσηγόρευον,
618 740 721 794 μηδὲ
751 739 883 781 αὐτῶν
911 737 1111 793 βασιλέων
1144 734 1421 787 ἀπαξιούντων
1447 736 1579 789 νέμειν

122 810 269 866 ἀγέλας
297 812 364 853 καὶ
388 808 584 868 χρήματα
613 808 814 863 συλλέγειν
844 806 920 848 ἀπ’
953 805 1108 848 αὐτῶν·
1139 805 1237 847 ὅθεν
1273 806 1341 847 καὶ
1369 805 1581 846 πεκουνιάν

123 879 215 921 κατ’
241 878 390 929 αὐτοὺς
407 879 457 920 τὰ
471 875 664 934 χρήματα
684 880 866 920 καλοῦσι.
934 872 1061 931 ταύτῃ
1090 875 1158 915 καὶ
1180 871 1304 923 κύνας
1327 874 1583 930 παρέπεσθαι

67 949 115 986 1⁰
125 945 324 1006 Εὐάνδρῳ
343 947 439 989 ποτὲ
455 952 513 1005 τῷ
533 944 711 1003 Τεγεάτῃ
733 943 759 999 ἦ
778 941 1000 998 παλαιότης
1020 940 1115 985 οἶδε.
1185 943 1252 984 καὶ
1283 942 1331 984 οὗ
1361 942 1486 996 μόνον
1509 944 1582 984 ἆν-

124 1014 246 1072 δράσι
263 1016 310 1058 τὸ
329 1016 503 1070 Σιλβίων
526 1013 734 1069 ἐπώνυμον
754 1013 858 1055 ἀλλὰ
879 1015 946 1055 καὶ
964 1013 1143 1068 γυναιξὶν
1165 1011 1369 1054 ἐπετίθετο
1379 1043 1392 1063 ,
1425 1009 1584 1070 ὡςῬέᾳ

124 1085 271 1144 Σιλβίᾳ
291 1086 358 1127 καὶ
373 1085 473 1142 Ἰλίᾳ
491 1085 651 1143 Σιλβίᾳ.
714 1082 816 1137 μετὰ
836 1082 879 1124 δὲ
898 1082 972 1136 τὴν
992 1086 1064 1137 τῆς
1076 1078 1235 1135 Ῥώμης
1253 1081 1403 1137 γένεσιν
1422 1081 1490 1122 καὶ
1510 1080 1584 1134 τὴν

123 1150 310 1209 ἁρπαγὴν
327 1157 407 1196 τῶν
424 1154 610 1207 Σαβίνων
631 1156 790 1209 πρῶτος
807 1149 827 1194 ὃ
844 1150 1036 1205 βασιλεὺς
1053 1154 1228 1205 Νουμᾶς
1248 1149 1448 1203 ὃιώνυμος
1465 1150 1585 1206 ἔχρη-

123 1219 290 1276 μάτισε,
325 1223 557 1276 Πομπίλιος
586 1225 760 1275 Νουμᾶς
792 1218 1211 1277 προσαγορευόμενος,
1247 1213 1304 1260 ὧν
1325 1218 1371 1261 τὸ
1392 1219 1466 1273 μὲν
1483 1217 1586 1260 Ῥω-

70 1292 256 1344 15μαίων
289 1290 336 1333 τὸ
371 1292 414 1333 δὲ
445 1292 632 1344 Σαβίνων
662 1288 871 1341 ἐπώνυμον
899 1283 971 1342 ἦν·
1007 1288 1100 1329 οὐδὲ
1122 1287 1198 1343 γὰρ
1222 1287 1300 1343 πρὸ
1328 1288 1453 1329 αὐτοῦ
1476 1285 1587 1343 εὕροι

125 1376 187 1409 ’τις
211 1357 419 1412 Ῥωμύλον
451 1357 479 1412 ἦ
515 1374 604 1399 τινα
637 1356 740 1407 ὅλως
773 1356 851 1413 πρὸ
890 1360 963 1411 τῆς
1005 1357 1192 1410 Σαβίνων
1229 1355 1332 1413 πρὸς
1363 1354 1589 1409 Ῥωμαίους

125 1427 373 1484 συναφείας,
399 1425 510 1483 παρὰ
529 1426 603 1480 τὴν
622 1420 746 1468 οὖσαν
765 1426 875 1481 αὐτῷ
894 1425 1058 1481 κυρίαν,
1086 1426 1357 1482 προσηγορίαν
1384 1422 1588 1479 κτησάμε-

126 1512 210 1538 νον.
279 1494 404 1551 (22)
439 1495 507 1537 καὶ
539 1493 628 1537 τότε
658 1494 731 1548 μὲν
762 1493 918 1547 σπουδὴ
948 1495 1016 1535 καὶ
1046 1492 1198 1547 κόσμος
1226 1488 1276 1547 ἦν
1298 1494 1459 1543 ἐκείνοις
1478 1497 1528 1549 τῇ
1547 1495 1589 1543 ἓξ

127 1561 319 1621 ἑκατέρας
350 1568 486 1619 γενεᾶς
518 1560 787 1618 σεμνύνεσθαι
819 1562 1091 1620 προσηγορία·
1137 1561 1287 1617 προϊών
1319 1562 1363 1602 δὲ
1395 1560 1415 1602 ὃ
1442 1560 1591 1618 χρόνος

71 1632 357 1687 Ξθέπωνυμίας
377 1630 558 1687 εἰσήγαγε
577 1630 738 1682 καινάς,
774 1635 845 1672 νῦν
864 1630 936 1684 μὲν
961 1629 1040 1671 ἀπὸ
1062 1633 1249 1686 Τρωϊκῆς
1270 1631 1486 1685 εὐγενείας,
1520 1634 1591 1671 νῦν

130 1702 176 1744 δὲ
207 1701 287 1744 ἀπὸ
318 1704 399 1744 τῶν
427 1701 647 1757 λεγομένων
671 1700 930 1763 Ἀβοριγίνων
961 1700 1029 1741 καὶ
1067 1697 1329 1753 αὐτοχθόνων
1357 1703 1429 1753 τῆς
1450 1697 1592 1755 χώρας

130 1771 227 1826 (καὶ
254 1770 334 1827 γὰρ
365 1768 480 1824 ἴσμεν
506 1770 697 1825 Κέθηγον
724 1770 766 1820 ἐξ
795 1770 952 1812 ἐκείνων
972 1771 1053 1811 τῶν
1072 1773 1246 1824 γηγενῶν
1269 1768 1394 1811 ἕλκειν
1413 1768 1459 1810 τὸ
1480 1769 1592 1824 γένος

219 1901 240 1936 1
265 1897 305 1934 &a
349 1911 371 1933 ν
387 1899 432 1934 C.
523 1899 546 1935 8
564 1896 636 1934 ἀπ’
653 1898 756 1944 vulgo
774 1910 842 1934 om.
934 1897 1129 1933 πεκουνίαι
1146 1898 1265 1944 vulgo.
1357 1898 1403 1933 20
1420 1895 1530 1939 κένας
1547 1898 1592 1934 C.

217 1945 264 1982 22
284 1957 331 1980 κα
366 1945 496 1991 θηγῶν
514 1945 558 1980 C.

131 2062 284 2094 nostram
314 2059 460 2094 Romam
491 2071 534 2094 ea
564 2058 775 2100 humanitas3
810 2062 846 2092 at
868 2070 938 2092 non
963 2056 1104 2091 duravit
1121 2061 1263 2102 postea,
1297 2057 1400 2092 claris
1418 2056 1512 2092 inter
1530 2069 1594 2093 nos

131 2105 328 2140 hominibus
351 2106 514 2139 fortunae
538 2104 671 2138 culmen
694 2104 796 2138 haud.
810 2104 901 2138 ultra
926 2115 1006 2137 sese
1029 2103 1308 2138 ostendentibus.

222 2152 283 2186 21.
329 2151 403 2185 Iam
423 2155 505 2184 ante
529 2149 710 2184 Romulum
732 2150 890 2195 reperias
916 2149 1046 2183 Silvios
1070 2148 1144 2183 eius
1167 2149 1322 2194 regionis
1345 2162 1448 2195 reges
1471 2150 1593 2196 appel-

133 2197 223 2232 latos
247 2208 270 2231 a
297 2195 410 2230 Silvia
433 2196 572 2239 Aenea,
608 2207 716 2240 genus
749 2208 770 2230 a
794 2196 904 2240 primo
930 2195 1050 2229 Aenea
1072 2195 1234 2230 ducente.
1282 2195 1413 2242 quippe
1436 2198 1473 2231 in
1494 2197 1595 2231 silvis

134 2242 333 2277 habitantes
357 2241 468 2287 prisci
486 2241 665 2284 homines,
698 2253 739 2276 ac
760 2243 940 2276 nomadum
963 2241 1071 2275 vitam
1091 2240 1266 2286 colentes,
1301 2242 1432 2277 Silvios
1457 2255 1494 2278 se
1518 2243 1596 2287 glo-

134 2288 268 2323 riantes
296 2287 483 2332 dicebant,
518 2298 564 2322 ne
586 2286 674 2332 ipsis
696 2288 838 2332 regibus
863 2287 1002 2333 quidem
1025 2298 1171 2331 pascere
1193 2299 1318 2332 greges
1343 2295 1380 2324 et
1399 2301 1472 2323 rem
1496 2289 1595 2323 colli-

133 2345 221 2380 gere
247 2333 538 2378 dedignantibus;
572 2334 665 2368 unde
687 2333 790 2368 etiam
819 2333 990 2379 pecuniae
1016 2344 1134 2367 eorum
1157 2346 1315 2368 sermone
1336 2335 1520 2369 facultates
1540 2335 1595 2369 di-

134 2385 272 2416 cuntur.
320 2380 401 2414 hinc
422 2386 460 2414 et
479 2391 582 2414 canes
604 2380 806 2414 Evandrum
826 2380 1026 2424 Tegeaeum
1050 2378 1130 2412 olim
1153 2380 1334 2415 comitatos
1358 2393 1438 2415 esse
1456 2387 1598 2415 veteres

134 2430 291 2462 narrant.
339 2438 454 2472 neque
474 2425 561 2460 viris
584 2431 717 2460 tantum
743 2425 930 2460 Silviorum
954 2437 1162 2470 cognomen,
1191 2427 1254 2460 sed
1278 2426 1479 2461 mulieribus
1507 2439 1595 2471 quo-

136 2481 206 2517 que
234 2472 402 2516 dabatur,
437 2471 547 2506 veluti
575 2472 675 2506 Rhea
708 2472 821 2506 Silvia
844 2479 880 2506 et
902 2472 968 2506 Ilia
993 2471 1116 2506 Silvia.
1170 2478 1251 2517 post
1280 2473 1453 2507 conditam
1483 2478 1598 2507 autem

135 2519 280 2553 Romam
303 2523 341 2553 et
363 2523 482 2564 raptas
509 2518 659 2553 Sabinas
685 2519 816 2564 primus
834 2530 898 2552 rex
922 2519 1035 2552 Numa
1053 2519 1187 2552 duobus
1206 2519 1402 2553 nominibus
1426 2530 1507 2552 usus
1532 2524 1598 2563 est,

134 2563 326 2609 Pompilius
348 2565 464 2600 Numa
486 2564 698 2610 appellatus;
736 2576 881 2609 quorum
903 2564 987 2598 illud
1010 2564 1264 2607 Romanorum,
1301 2565 1368 2598 hoc
1392 2565 1600 2599 Sabinorum

136 2621 328 2654 cognomen
346 2615 435 2645 erat.
481 2622 596 2655 neque
613 2611 704 2645 enim
724 2616 804 2644 ante
823 2610 915 2644 illnun
934 2609 1092 2654 reperias
1110 2610 1304 2655 Romulum,
1327 2622 1441 2655 neque
1462 2612 1600 2645 omnino

137 2666 333 2701 quenquam
353 2661 435 2690 ante
457 2656 667 2691 Sabinorum
685 2669 760 2691 cum
780 2657 944 2691 Romanis
966 2656 1242 2691 coniunctionem
1261 2663 1402 2702 praeter
1419 2657 1598 2702 proprium

139 2701 215 2736 eius
238 2713 364 2736 nomeu
383 2701 478 2737 aliud
497 2704 688 2748 accepisse.
736 2704 829 2748 (22)
855 2715 895 2737 ac
916 2708 988 2736 tum
1012 2702 1150 2747 quidem
1168 2703 1319 2737 studium
1342 2710 1596 2737 ornamentum-

138 2758 208 2792 que
231 2746 300 2781 illis
320 2751 396 2782 erat
418 2747 556 2782 nomine
579 2751 623 2784 ab
643 2754 791 2794 utraque
813 2749 924 2793 stirpe
947 2747 1102 2792 gloriari.
1149 2749 1338 2783 succedens
1362 2755 1477 2783 autem
1500 2755 1598 2783 aetas

140 2804 234 2828 nova
251 2793 455 2838 cognomina
477 2793 689 2840 introduxit,
722 2807 813 2829 nunc
835 2807 856 2829 a
879 2794 1036 2829 Troiana
1056 2795 1260 2838 nobilitate,
1289 2807 1380 2830 nunc
1402 2797 1446 2829 ab
1470 2796 1597 2830 Abori-

140 2837 303 2884 ginibus,
338 2851 424 2884 quos
450 2845 602 2886 vocant,
636 2841 998 2885 autochthonibusque
1023 2841 1178 2885 regionis
1202 2841 1357 2885 (etenim
1379 2841 1505 2875 scimus
1525 2842 1597 2875 Ce-

142 2884 303 2931 thegum,
337 2897 361 2922 a
381 2885 570 2932 terrigenis
597 2886 666 2923 illis
688 2899 798 2934 genus
819 2887 1026 2932 iactantem,
1061 2888 1188 2922 nudum
1213 2894 1334 2933 veste,
1367 2892 1450 2933 toga
1466 2892 1599 2923 tantum
