1748 3210
221 203 316 249 238
736 202 953 247 IOANNIS
994 203 1125 247 LYDI

211 313 423 371 χημᾶτων·
447 314 502 365 ὥς
522 314 640 358 αὐτὸν
657 315 811 366 ἐκεῖνον,
832 315 901 357 τὸν
917 316 1083 368 βασιλέα
1102 308 1212 371 λέγω,
1231 323 1313 368 τοῖς
1333 319 1485 368 οἷκείοις
1501 325 1634 368 κακοῖς

214 382 502 439 ταραττόμενον
530 383 586 434 μὴ
612 380 734 434 μόνον
761 382 834 435 τὴν
867 382 989 436 αὐλὴν
1020 383 1240 434 ἀπολιπεῖν,
1274 384 1491 440 φασμάτων
1514 386 1634 427 αὐτὸν

217 450 348 505 ῶσπερ
365 450 551 503 Ὀρέστην
571 447 763 503 ἄνανδρον
780 448 1040 502 ἐνοχλούντων
1060 449 1226 506 ἑτέρωθι
1248 451 1498 503 διαιτᾶσθαι,
1531 453 1632 494 ἀλλὰ

216 520 282 559 καὶ
310 516 432 568 αὐτὴν
465 515 507 555 δὲ
533 514 605 567 τὴν
631 513 856 570 πάγχρυσον
874 517 1074 558 ἄπολιπεΐν
1098 517 1394 570 διασκέψασθαι
1413 519 1552 560 ἀπολεῖ
1568 520 1634 560 καὶ

217 582 273 631 εἷς
289 580 472 634 τοιαύτην
487 582 693 633 βασιλείαν
713 584 970 636 μετατρέψαι,
997 586 1030 624 εἲ
1050 584 1106 637 μὴ
1128 583 1223 633 θεὸς
1242 584 1363 625 τοῦθ’
1383 582 1406 625 ὃ
1423 586 1564 626 δέδωκε
1584 589 1634 640 τῇ
1643 593 1665 628 5

213 648 324 690 πόλει
348 646 562 689 διεσώσατο
585 647 740 703 κράτος.
809 648 911 703 (45)
938 651 1001 691 καὶ
1014 652 1136 692 Λέων
1155 651 1226 703 μέν
1243 667 1335 692 ποτε
1357 650 1635 704 ἀπηλλάττετο,

212 714 238 769 ἦ
265 716 306 756 δὲ
330 715 431 768 ἀρχὴ
454 721 536 763 τοῖς
557 716 702 756 ἐκείνου
734 720 1023 769 κατακλυσμοῖς
1052 719 1254 770 ἓβυθίζετο
1266 748 1279 767 ,
1321 715 1506 770 Ζήνωνος
1524 716 1635 759 ἔνθεν

212 782 258 824 τὸ
276 786 348 823 τοῦ
368 783 560 835 κηδεστοῦ
581 781 724 838 κράτος
741 781 1033 832 ὖπεξελθόντος.
1101 784 1226 833 δειλὸς
1245 785 1288 825 δὲ
1308 778 1375 836 ἦν,
1420 786 1572 836 μᾶλλον
1591 784 1636 825 δὲ

212 850 405 899 δείλαιος,
439 850 504 889 καὶ
524 849 617 898 τοὺς
639 850 832 902 πολέμους
851 850 1126 906 ἀπηργυρίζετο
1135 883 1149 902 ,
1182 851 1284 904 μηδὲ
1304 851 1344 891 ἐν
1365 848 1485 892 εἰκόσι
1504 847 1636 903 μάχην

210 914 415 969 ὑπομένων
436 913 545 970 δρᾶν,
574 917 639 956 καὶ
659 915 829 958 συνῶθει
846 916 914 957 τὸν
931 917 1107 972 ὕπαρχον
1119 919 1273 973 χρυσίῳ
1290 921 1424 973 πολλῷ
1440 916 1510 971 τὴν
1530 915 1636 972 εἲρή-
1646 924 1689 960 10

209 1000 279 1036 νην
301 983 501 1032 ὠνεῖσθαι,
536 982 655 1031 αὐτὸς
673 985 760 1038 περὶ
784 982 988 1036 δημεύσεις
1012 985 1077 1024 καὶ
1102 983 1269 1038 ὄλεθρον
1288 988 1365 1024 τῶν
1384 985 1424 1024 ἕν
1443 985 1543 1024 τέλει
1567 987 1638 1036 τῆς

207 1051 402 1098 πολιτείας
434 1050 652 1105 ἀγρυπνῶν.
721 1049 804 1103 ἴσχε
842 1051 884 1091 δὲ
919 1050 1026 1102 ὅμως
1062 1053 1126 1091 καὶ
1155 1050 1273 1098 αὐτὸς
1301 1051 1476 1092 ἅναίσιον
1500 1050 1636 1105 πέρας.

209 1115 408 1158 τοσούτων
442 1121 573 1156 κακῶν
603 1117 859 1167 ἓπιχεθέντων
890 1122 938 1170 τῇ
967 1115 1142 1170 πρόσθεν
1171 1118 1370 1168 εὐδαίμονι
1387 1121 1465 1157 τῶν
1487 1116 1635 1171 ἀρχῶν,

208 1182 234 1223 ‚⁶-
263 1181 361 1234 τύχη
389 1181 522 1236 βραχύ
551 1198 588 1222 τι
615 1180 773 1235 γνήσιον
799 1183 841 1222 δὲ
868 1186 1022 1235 γελῶσα
1048 1183 1115 1222 τὸν
1132 1181 1386 1223 Ἀναστάσιον
1406 1187 1635 1224 θανατῶσιν

210 1249 394 1301 ἐπέστησε
413 1254 496 1295 τοῖς
508 1245 694 1300 ὑπηκόοις
703 1279 716 1298 ,
752 1247 796 1296 ὃς
815 1247 881 1288 διὰ
899 1247 1027 1301 πάσης
1045 1243 1168 1300 ἦλθεν
1189 1246 1283 1289 ὁδοῦ
1301 1248 1372 1302 τὴν
1393 1248 1540 1290 ἴνδειαν
1555 1252 1633 1290 τῶν
1647 1256 1688 1292 15

209 1319 347 1357 κοινῶν
371 1315 637 1355 ἀποτίσασθαι
647 1345 660 1364 ,
707 1316 771 1355 καὶ
804 1316 913 1367 δίκην
942 1313 1218 1356 οἰκοδεσπότου
1237 1313 1342 1363 τινὸς
1361 1314 1452 1363 τοὺς
1472 1313 1635 1371 φόρους,

209 1382 296 1423 ὅσοι
317 1380 515 1432 σώζεσθαι
534 1379 726 1432 δύναιντο,
760 1388 847 1429 ταῖς
866 1382 1071 1434 ἀληθείαις
1089 1388 1175 1430 ταῖς
1193 1379 1387 1430 δαπάναις
1403 1379 1637 1437 προσαρμό-

208 1466 296 1499 σας,
329 1451 395 1489 καὶ
414 1449 627 1502 λογισμοὺς
645 1447 781 1503 ἀπῄτει
803 1452 881 1489 τῶν
902 1450 1086 1489 δαπανῶν
1105 1450 1170 1489 καὶ
1192 1449 1351 1496 δικαίως
1366 1440 1531 1498 ἐτίθετο,
1564 1448 1636 1501 τὴν

209 1517 398 1571 ἀμετρίαν
420 1514 664 1570 διαφεύγων,
699 1517 770 1567 οὐχ
792 1514 920 1569 ῶσπερ
946 1513 966 1554 ὃ
987 1515 1126 1569 Νέρων
1149 1516 1254 1565 ποτέ,
1286 1516 1351 1555 καὶ
1371 1514 1410 1555 εἴ
1421 1531 1520 1563 τινες
1537 1516 1635 1556 ἐκεῖ-

205 1599 272 1624 νον
294 1581 534 1635 ζηλώσαντες
561 1580 740 1630 δαπάνας
763 1582 834 1632 μὲν
857 1582 1049 1635 ἀμέτρους
1075 1580 1328 1634 ἐποιήσαντο,
1362 1581 1574 1635 λογισμοὺς
1591 1581 1688 1623 δὲΞΟ

206 1651 321 1705 μέχρι
340 1646 499 1701 μνήμης
518 1647 542 1701 ἢ
566 1651 700 1701 λαβεῖν
727 1648 826 1703 πρὸς
852 1652 924 1701 τῆς
948 1646 1211 1703 ἕπαρχότητος
1232 1647 1256 1702 ἢ
1279 1650 1422 1703 πρᾶξαι
1440 1639 1540 1704 πρὸς
1557 1647 1632 1689 αι’]-

294 1833 318 1866 Ξ
335 1828 404 1865 τὸν
424 1831 467 1864 C.
566 1828 590 1865 4
608 1827 742 1864 πόλινί)
831 1831 852 1866 8
873 1829 1028 1872 κηδετοῦ
1050 1830 1228 1864 c.10
1244 1830 1294 1873 θρ
1298 1829 1344 1865 ἄν
1362 1830 1404 1863 C.
1497 1828 1541 1863 14
1561 1829 1630 1862 θα-

292 1886 451 1911 νατωσεν
471 1875 514 1909 C.
566 1880 572 1885 ’
674 1877 716 1910 17
735 1875 816 1914 ταῖς
840 1871 1103 1918 α’ληθεστοὶταις
1130 1874 1182 1909 6.
1172 1875 1191 1897 ⁹
1345 1875 1388 1910 19
1411 1870 1477 1917 οὐχ
1497 1875 1564 1909 add
1585 1875 1628 1907 F.

202 2043 452 2076 innumerarum
473 2041 718 2083 calamitatum3
748 2046 787 2075 ut
807 2041 881 2085 ipse
899 2040 976 2084 ille,
1009 2041 1193 2086 imperator
1207 2042 1373 2095 inquam,
1401 2040 1472 2075 suis
1492 2043 1629 2085 pertur-

203 2090 304 2122 batus
326 2087 440 2128 malis,
473 2098 540 2119 non
562 2087 659 2119 modo
679 2087 755 2120 aula
777 2087 914 2128 relicta,
952 2067 1098 2130 s'pectris
1122 2087 1218 2130 quasi
1240 2087 1382 2130 ignavus
1406 2086 1549 2119 Orestes
1568 2096 1629 2118 ex—

202 2132 370 2175 agitatus,
395 2131 478 2163 alibi
497 2131 722 2174 habitaverit,
753 2142 869 2164 verum
892 2131 999 2174 ipsam
1022 2143 1156 2176 quoque
1175 2143 1310 2164 auream
1333 2131 1512 2182 civitatem·
1523 2130 1629 2163 exitio

201 2177 395 2219 relinquere
413 2175 630 2218 cogitaverit,
654 2157 806 2219 nmisque
829 2181 955 2208 tantam
978 2176 1111 2220 imperii
1129 2177 1243 2210 sedem
1263 2176 1456 2218 evertisset,
1479 2175 1514 2208 ni
1532 2175 1628 2218 deus,

204 2222 297 2266 quod
318 2220 414 2253 dedit
435 2220 512 2252 urbi
535 2219 724 2263 imperium,
746 2227 994 2254 conservasset.
1041 2222 1117 2265 (45)
1143 2228 1178 2255 et
1198 2222 1269 2254 Leo
1291 2221 1427 2265 quidem
1449 2219 1630 2264 aliquando

204 2278 280 2299 esse
301 2265 421 2298 desiit·
445 2270 481 2297 at
498 2265 716 2308 praetectum
738 2265 917 2298 concitatis
940 2267 981 2298 ab
1006 2277 1045 2299 eo
1070 2266 1344 2300 inundationibus
1368 2267 1543 2299 submersa
1563 2268 1629 2306 est,

202 2311 343 2344 Zenone
364 2309 488 2343 deinde
505 2309 615 2342 soceri
637 2309 813 2353 imperium
834 2315 985 2343 tenente.
1032 2316 1108 2344 erat
1128 2317 1239 2344 autem
1261 2311 1410 2353 timidus,
1433 2319 1495 2343 seu
1513 2307 1629 2352 potius

202 2356 317 2398 miser,
345 2360 380 2388 et
397 2353 485 2387 bella
505 2354 649 2397 pecunia
671 2355 870 2396 redimebat,
896 2365 939 2387 ne
963 2355 999 2388 in
1023 2355 1224 2399 imaginibus
1248 2355 1384 2398 quidem
1401 2364 1561 2405 pugnam
1568 2362 1628 2385 su-

202 2401 333 2434 stinens
354 2399 491 2441 videre,
524 2399 800 2451 praefectumque
824 2398 925 2431 multo
950 2411 1032 2432 auro
1054 2411 1176 2452 pacem
1193 2399 1336 2432 mercari
1358 2399 1522 2442 cogebat,
1550 2396 1627 2441 ipse

203 2445 302 2479 bonis
334 2443 545 2488 publicandis
569 2449 605 2476 et
626 2443 814 2495 principum
843 2443 879 2476 in
908 2455 947 2476 re
979 2444 1114 2488 publica
1141 2444 1292 2477 virorum
1328 2443 1432 2476 exitio
1461 2443 1626 2475 intentus.

202 2489 324 2523 habuit
345 2501 427 2522 vero
449 2494 485 2522 et
506 2489 581 2541 ipse
601 2488 732 2532 pariter
754 2487 924 2521 infelicem
950 2489 1087 2522 exitum.
1133 2489 1237 2522 tantis
1261 2487 1356 2522 malis
1377 2489 1551 2521 submerso
1571 2487 1627 2520 fe-

201 2533 260 2567 lici
278 2535 444 2578 quondam
467 2533 683 2576 magistratu,
715 2534 852 2566 fortuna
874 2532 1047 2585 paulisper
1069 2533 1203 2585 quidem
1232 2534 1293 2566 sed
1317 2533 1450 2566 sincere
1471 2531 1627 2565 arridens

201 2579 415 2613 Anastasium
434 2578 640 2611 moribundis
659 2578 790 2611 civibus
814 2579 1030 2621 praeposuit3
1055 2577 1114 2622 qui
1137 2583 1174 2611 ut
1187 2578 1368 2630 publicae*
1359 2577 1496 2621 lnopiae
1510 2577 1626 2610 mede-

201 2629 310 2666 retur,
334 2623 453 2657 nullam
476 2634 544 2656 non
561 2622 639 2656 iniit
660 2623 837 2664 rationem,
863 2628 896 2655 et
916 2633 1007 2655 more
1025 2622 1277 2666 patrisfamilias
1297 2622 1468 2656 cuiusdam
1484 2621 1624 2662 tributa,

202 2674 330 2712 quanta
349 2668 481 2701 servari
502 2671 682 2719 poterant,
705 2649 894 2710 sumptibus
919 2677 958 2699 re
982 2667 1057 2710 ipsa
1077 2669 1342 2710 accommodans,
1364 2667 1514 2700 rationes
1534 2675 1624 2699 eum«

201 2719 320 2758 ptuum
342 2718 377 2746 et
397 2712 556 2756 exigebat
578 2719 614 2746 et
635 2713 723 2746 iuste
741 2713 924 2754 reddebat,
953 2711 1164 2745 immodicum
1183 2713 1336 2755 sugiens3
1374 2722 1484 2755 neque
1506 2719 1624 2761 quem—

201 2758 378 2791 admodum
395 2758 490 2791 Nero
509 2757 598 2800 olim,
623 2762 658 2790 et
679 2757 709 2790 si
730 2757 788 2800 qui
809 2767 883 2790 eum
906 2756 1075 2799 aemulati,
1098 2763 1250 2808 sumptus
1273 2757 1408 2801 quidem
1431 2753 1624 2788 immodicos

200 2803 339 2848 fecere,
373 2802 524 2839 rationes
541 2808 652 2838 autem
678 2802 849 2836 mentione
870 2806 968 2836 tenus
989 2807 1049 2836 aut
1070 2801 1227 2848 accipere
1251 2813 1272 2836 ιι
1302 2801 1477 2847 praefecto
1510 2803 1570 2836 aut
1590 2797 1624 2832 ei
