1748 3210
354 205 430 249 DE
453 203 900 248 MAGISTRATmus
925 204 972 246 P.
994 202 1048 247 R.
1082 202 1185 246 Lm.
1214 172 1293 246 ιιι.
1439 202 1536 249 243

88 325 158 377 τῆς
178 319 316 378 ἀρχῆς.
383 324 463 362 τῶν
490 323 586 375 γοῦν
613 319 824 361 δικανικῶν
848 313 1028 375 ῥητόρων
1055 315 1150 366 τοὺς
1179 315 1367 372 ἀρίστους
1387 315 1447 356 ἐπὶ
1466 316 1539 370 τὴν

87 388 213 446 ἀρχὴν
231 385 453 445 προύφερε·
488 389 562 429 καί
578 404 672 430 ποτε
694 386 797 444 πρὸς
816 390 890 440 τῆς
911 388 1085 441 γαμετῆς
1107 382 1319 441 Ἀριάδνης
1343 383 1539 438 ὀχλούμε-

86 473 154 508 νος
171 456 370 513 Ἀνθεμίῳ
390 459 447 514 τῷ
470 454 681 509 Ἀνθεμίου
710 459 782 497 τοῦ
808 453 966 508 Ῥώμης
985 451 1317 507 βεβασιλευκότος
1334 454 1446 494 παιδὶ
1467 453 1539 506 τὴν

86 524 213 582 ἆρχὴν
230 525 443 580 ἐγχειρίσαι
463 521 748 579 ἠγανάκτησεν,
782 522 902 565 εἰπὼν
924 522 967 564 δὲ
981 521 1152 576 μηδενὸς
1173 520 1199 575 ἢ
1219 520 1352 575 μόνων
1370 525 1538 576 λογικῶν

52 592 201 644 afflgiar
222 591 319 635 εἶναι
338 593 411 646 τὴν
428 590 692 648 ἔπαρχότητα.
761 589 869 641 ὅπως
890 591 934 632 δὲ
955 589 1136 646 ἠρυθρία
1155 590 1228 644 τὴν
1249 587 1376 646 ἀρχήν
1384 621 1398 640 ,
1435 586 1540 644 γνώ-

83 661 200 704 σεταί
227 678 287 711 τις
314 661 356 702 ἐκ
382 658 539 703 τούτου.
600 657 768 716 Ἑρμιάς
789 676 849 708 τις
870 665 953 708 τοῖς
971 659 1139 708 Λυδίας
1161 659 1422 715 σκρινιαριόις
1443 675 1542 700 συν-

85 726 386 786 αριθμούμενος
403 726 481 771 ὑπὸ
499 728 657 782 μέμψιν
675 728 805 782 γέγονε
815 759 828 779 ,
872 727 1040 783 Σεργίου
1069 730 1142 768 τοῦ
1167 724 1254 768 τότε
1276 727 1348 780 τὴν
1368 723 1542 782 ἕπαρχό-

84 813 187 851 τητα
206 797 407 846 διέποντος
425 794 786 851 ἀγανακτήσαντος.
855 792 876 837 ὅ
902 796 944 838 δὲ
962 794 1153 848 βασιλεὺς
1170 795 1270 850 πρὸς
1289 798 1359 848 τῆς
1375 791 1541 850 Ἑρμίου

84 864 239 922 μητρὸς
258 862 499 919 ὀχλούμενος
529 863 654 914 πολὺς
680 864 823 918 ἐγίνετο
847 862 915 905 τὸν
942 861 1126 918 ὕπαρχον
1147 866 1391 918 παρακαλῶν
1409 878 1544 918 παρα-

30 941 76 976 10
82 939 228 990 χωρεῖν
243 931 411 992 Ἑρμίᾳ·
453 933 597 981 ἐκεῖνος
618 932 661 973 δὲ
679 933 797 988 μέχρι
818 930 967 980 παντὸς
992 927 1256 983 ἀνεβάλλετο,
1291 931 1358 971 καὶ
1379 927 1399 970 ὅ
1421 934 1544 983 βασι-

84 1001 175 1051 λεῦς
194 1002 382 1052 ἐνεδίδου,
407 998 479 1054 τήν
496 1016 537 1041 τε
556 999 684 1055 ἀρχὴν
700 997 772 1053 τήν
791 1015 832 1041 τε
856 999 1021 1054 Σεργιόυ
1043 995 1268 1051 σεμνότητα
1286 997 1544 1054 παρατηρού-

82 1085 222 1124 μενος·
258 1068 393 1123 ἴσχυσε
414 1070 439 1110 δ
446 1068 458 1083 '
481 1066 591 1122 ὅμως
612 1065 711 1122 ὑπὲρ
734 1067 889 1109 δικαίου
910 1069 1169 1122 παρακαλῶν.
1221 1065 1354 1109 αὐτῶν
1375 1060 1446 1107 οὖν
1462 1069 1543 1107 τῶν

83 1138 126 1179 ἓν
155 1134 260 1194 λόγῳ
287 1134 514 1189 ἀμοιβαδὸν
540 1135 614 1188 τὴν
648 1134 778 1191 ἀρχὴν
809 1132 1230 1191 παραλαμβανόντων,
1265 1135 1543 1191 παραδίδωσιν

83 1205 127 1247 ἔκ
152 1209 232 1247 τῶν
261 1204 480 1260 λεγομένων
501 1203 818 1258 Αὖγουσταλίων
842 1203 887 1244 οἳ
908 1200 1087 1254 μάλιστα
1113 1208 1196 1252 τοῖς
1223 1199 1356 1256 λόγοις
1384 1203 1542 1257 ἐνέπρε-

30 1283 74 1320 15
86 1290 183 1324 πον,
231 1273 298 1314 καὶ
329 1272 410 1326 μὴν
438 1273 504 1313 καὶ
533 1269 804 1326 ταχυγράφων
833 1277 916 1319 τοῖς
946 1267 1215 1320 ἀκολούθοις,
1262 1270 1445 1325 παριέναι
1473 1270 1542 1310 καὶ

86 1339 228 1396 λόγους
256 1338 525 1395 παραδιδόναι
554 1340 622 1379 καὶ
651 1337 866 1394 ἀκροάσεσι
900 1339 1112 1392 δημοσίαις
1145 1338 1444 1380 ἐπιδείκνυσθαι
1469 1337 1541 1391 τὴν

86 1425 211 1451 ουσαν
244 1407 379 1458 αὐτοῖς
407 1408 470 1451 ἐπὶ
499 1412 582 1459 τοῖς
612 1404 744 1462 λόγοις
771 1404 1047 1465 παρασκευήν,
1089 1410 1216 1495 γερῶν
1245 1423 1286 1450 τε
1318 1405 1365 1450 οὗ
1386 1410 1541 1463 μικρῶν

84 1475 303 1533 τυγχάνειν.

222 1545 300 1589 51.
337 1546 518 1586 Τοιαῦτα
535 1541 607 1596 μέν
627 1559 715 1585 τινα
736 1540 822 1586 τότε
843 1540 1071 1599 ἐπράττετο,
1107 1560 1128 1584 ο
1154 1543 1198 1585 δὲ
1216 1541 1406 1596 βασιλευς
1426 1539 1543 1598 ἔτρυ-

31 1621 162 1670 ωφα,
185 1619 274 1662 ταῖς
285 1612 478 1667 Μαρίνου
500 1612 714 1667 περινοιάις
737 1614 918 1653 πλουτῶν
939 1613 1006 1654 καὶ
1025 1617 1113 1661 ταῖς
1133 1614 1212 1652 τῶν
1233 1608 1396 1653 ὑπάτων
1415 1610 1543 1666 εὐφη-

86 1682 198 1735 μιάις
216 1678 538 1736 ἐναβρυνόμενος.
611 1677 744 1734 εἷρήνη
766 1679 809 1720 δὲ
825 1683 981 1732 βαθεῖα
995 1679 1068 1733 τὴν
1087 1683 1221 1721 πᾶσαν
1239 1676 1407 1731 ἕχαύνου
1426 1681 1542 1720 πολι-

86 1750 195 1791 τείαν
204 1780 217 1800 ,
251 1750 318 1790 καὶ
341 1748 413 1802 οὐχ
431 1746 574 1801 ἣκιστα
594 1746 662 1791 τὸν
680 1745 949 1803 στρατιώτην,
984 1745 1144 1790 πάντων
1164 1744 1266 1800 ὁμοῦ
1284 1746 1356 1800 τὴν
1375 1751 1447 1801 τῆς
1465 1745 1540 1787 αι’·-

87 1819 160 1872 λῆς
187 1815 394 1876 ῥᾳστώνην
423 1813 645 1870 ζηλούντων
673 1817 742 1858 καὶ
774 1814 998 1860 διωκόντων
1027 1815 1078 1860 τὰ
1103 1815 1302 1869 βασιλέως
1334 1813 1541 1869 ἐπιτηδιύ-

176 1932 200 1968 9
221 1929 271 1978 μὴ
291 1929 386 1977 πρὸς
405 1932 449 1968 C.
586 1930 727 1976 ἐγένετο
750 1932 868 1978 vulgo.
1017 1932 1063 1970 13
1084 1929 1301 1977 παράδωσιν
1325 1932 1368 1969 C.
1417 1943 1461 1971 an
1485 1931 1543 1967 δί-

177 1978 314 2014 δωσινὶ)
451 1978 495 2012 16
514 1977 700 2022 δημοσίοις
722 1979 765 2013 C.

88 2091 161 2115 mos
184 2080 229 2116 ad
250 2063 506 2132 praefecturam
527 2079 667 2120 evexit;
701 2082 806 2122 atque
832 2077 1015 2131 aliquando
1039 2078 1083 2112 ab
1108 2088 1217 2111 uxore
1238 2076 1391 2112 Ariadne
1412 2077 1543 2112 sollici-

88 2131 181 2161 tatus
203 2131 243 2160 ut
258 2124 442 2159 Anthemio
462 2124 648 2168 Anthemii,
673 2124 733 2168 qui
746 2125 877 2159 Romae
892 2123 1089 2168 imperavit,
1113 2123 1184 2157 filio
1204 2125 1458 2168 praefecturam
1481 2125 1545 2159 de-

89 2172 222 2214 ferret,
257 2182 463 2205 succensens
487 2170 622 2204 nemine
644 2169 711 2205 nisi
733 2169 881 2204 literatis
903 2169 1041 2214 dignam
1066 2180 1143 2203 esse
1165 2171 1418 2214 praefecturam
1440 2170 1542 2206 dixit.

91 2196 260 2269 quomo’do
283 2221 396 2250 autem
419 2215 552 2250 veritus
575 2215 623 2248 sit
644 2215 901 2268 magistratum,
934 2227 977 2248 ex
1001 2215 1066 2248 hoc
1088 2214 1170 2248 licet
1190 2214 1399 2259 intelligere.
1447 2216 1543 2250 Her-

91 2260 176 2295 mias
200 2260 335 2305 quidam
362 2273 382 2295 e
401 2261 537 2303 Lydiae
561 2260 751 2295 scriniariis
774 2261 1079 2314 reprehensionem
1101 2260 1267 2305 incurrit,
1301 2261 1451 2305 sergio,
1482 2261 1543 2306 qui

91 2312 163 2342 tum
184 2307 406 2351 praefectura
426 2307 645 2350 fungebatur,
669 2312 907 2342 succensente.
954 2306 1143 2350 imperator
1165 2311 1290 2350 autem,
1314 2307 1357 2342 ab
1378 2307 1546 2341 Hermiae

92 2357 202 2386 matre
223 2351 438 2394 sollicitatus,
462 2351 600 2386 multum
623 2352 826 2387 hortabatur
848 2353 1062 2398 pxaefectum
1079 2357 1118 2385 ut
1133 2352 1298 2386 Hermiae
1321 2353 1543 2388 concederet.

93 2403 131 2432 at
150 2397 208 2432 ille
231 2408 340 2442 usque
362 2397 568 2439 differebat3
592 2397 803 2451 indulsitque
823 2398 1037 2450 imperator,
1053 2402 1088 2430 et
1108 2397 1344 2440 magistratum
1369 2403 1405 2431 et
1425 2397 1544 2441 Sergii

93 2442 309 2488 splendorem
332 2454 511 2486 reverens,
534 2443 691 2496 quamvis
716 2454 819 2479 causa
836 2449 931 2478 esset
955 2441 1092 2485 fortior,
1116 2442 1246 2495 quippe
1269 2442 1329 2487 qui
1351 2443 1395 2477 ad
1416 2442 1545 2477 iustam

92 2499 165 2524 rem
187 2489 397 2524 hortaretur.
445 2500 519 2522 cum
546 2489 654 2532 igitur
676 2488 883 2525 clarissimus
907 2488 1055 2542 quisque
1076 2487 1279 2531 magistratu
1301 2488 1455 2522 vicissim
1478 2500 1543 2533 po-

93 2533 238 2577 tiretur,
263 2545 306 2568 ex
327 2534 594 2578 Augustalibus,
624 2539 663 2569 ut
682 2541 830 2578 vocant,
853 2535 897 2571 iis
918 2533 979 2579 qui
999 2532 1146 2568 maxime
1169 2532 1367 2577 eloquentia
1386 2539 1545 2579 praesta-

94 2579 197 2622 bant,
239 2591 304 2614 nec
335 2591 405 2613 non
438 2579 688 2616 aemulantibus
719 2592 778 2614 eos
811 2581 905 2614 inter
939 2578 1114 2622 notarios,
1157 2579 1326 2614 accedere
1360 2580 1544 2623 concessit,

95 2624 339 2670 orationesque
355 2625 507 2679 tradere,
531 2631 568 2660 et
590 2625 764 2670 publicis
753 2637 791 2660 ιιι
805 2625 987 2662 auditoriis
1008 2635 1104 2660 suam
1119 2623 1156 2659 in
1179 2624 1326 2660 dicendo
1345 2624 1545 2660 facultatem

94 2670 290 2714 ostendere,
281 2653 533 2751 ,ΊΡι-ιιειιιίιιςιιιι
553 2683 623 2707 ιιοιι
647 2672 773 2716 exigua
792 2670 972 2725 consequi

185 2714 241 2751 51.
288 2715 392 2751 'lalia
421 2717 586 2760 quaedam
617 2723 688 2753 tum
714 2718 1095 2762 fiebant.1mperator
1116 2719 1230 2751 autem
1253 2715 1409 2750 mollitiei
1431 2715 1544 2750 indul-

94 2762 212 2805 gebat,
235 2760 363 2797 Marini
384 2761 516 2796 artibus
540 2762 651 2807 dives,
676 2768 713 2798 et
733 2763 907 2799 consulum
933 2762 1090 2796 laudibus
1114 2762 1237 2797 elatus.
1260 2773 1330 2806 pax
1352 2773 1437 2796 vero
1460 2773 1544 2806 pro-

94 2807 203 2842 funda
224 2812 331 2841 totam
352 2806 492 2841 laxabat
511 2819 584 2842 rem
602 2809 786 2853 publicam,
811 2815 848 2844 et
869 2808 1015 2844 maxime
1035 2807 1188 2852 militem,
1212 2808 1369 2842 omnibus
1390 2819 1459 2845 una
1481 2818 1545 2843 au-

95 2850 151 2888 lae
173 2851 279 2888 otium
302 2852 550 2889 aemulantibus
573 2855 856 2903 sectantibusque
876 2854 992 2891 studia
1013 2853 1246 2901 imperatoris.
1282 2865 1323 2892 ac
1344 2853 1424 2891 finis
1448 2858 1545 2891 cete-
