1748 3210
258 173 353 220 394
622 179 765 222 HASII
791 179 1309 227 ANIMADVERSIONES

255 281 612 334 monstrat.'evang.
631 283 711 325 437
727 286 756 323 C
782 292 821 322 et
843 287 1064 337 Praeparat.
1082 301 1218 340 evang.
1239 290 1316 331 815
1334 293 1383 330 D.
1437 291 1530 332 inde
1556 294 1669 333 fluxit

253 347 433 376 nentrum
460 341 696 377 substantive
725 349 924 391 sumptum
951 340 994 382 τὸ
1022 340 1203 395 ἀρχικόν,
1233 346 1449 394 ιἠιρενίιιηιῑ
1477 350 1668 400 quemad-

254 394 415 431 modum
443 393 487 433 τό
515 391 672 445 ἆρχικδν
690 397 766 434 τῶν
785 395 1103 449 ’ὑποτεταγμένων
1125 400 1334 436 dominatio
1355 409 1412 439 est
1431 405 1474 439 in
1495 404 1667 441 subditos

253 449 357 500 apud
394 451 434 486 S.
468 450 698 498 Gregorium
723 453 941 501 Nyssenum
973 460 1102 490 contra
1133 456 1368 492 Euuomium
1399 459 1422 496 3
1463 460 1539 499 137
1564 462 1599 496 A
1629 466 1667 496 et

252 504 356 554 apud
373 503 577 540 Philonem
596 503 705 549 Quod
725 508 849 543 omnis
866 508 1008 557 probus
1025 509 1124 546 liber
1141 512 1219 550 687
1236 511 1279 546 C.
1335 511 1377 546 iu
1395 512 1572 550 Nemesio
1594 527 1666 551 au-

251 567 330 595 tem
360 557 407 594 de
434 566 570 596 natura
598 557 703 596 hom.
733 563 809 602 177
836 564 871 598 A
900 560 947 601 voi
975 560 1114 614 ἀρχικοὶ
1140 567 1218 603 τῶν
1247 567 1427 615 ψυχικῶν
1450 573 1576 616 partes
1597 582 1666 606 eae

251 620 340 650 sunt
359 615 509 650 animae
531 627 628 665 quae
647 615 896 653 dominantur
918 625 1032 668 atque
1053 620 1256 668 imperant.
1313 621 1354 655 in
1371 618 1534 658 Philone
1554 621 1666 660 deni-

251 682 326 719 que
345 670 555 718 Legatione
576 669 626 706 ad
643 671 777 707 Caium
795 671 874 713 774
893 674 929 708 A
955 671 1002 711 τοὶ
1021 669 1158 725 ἆρχικοὲ
1179 675 1339 710 scientia
1358 682 1416 712 est
1433 676 1661 724 imperandi.

357 723 408 774 2)
438 723 528 761 huic
548 726 815 774 significationi
834 728 1024 777 subiungo
1043 727 1265 776 secundam,
1289 731 1536 779 peculiarem,
1561 732 1667 782 quod

248 777 299 815 ad
314 779 562 829 imperatores
577 782 769 819 Romanos
789 784 935 829 attinet,
958 784 1212 832 principalia,
1240 784 1567 835 quemadmodum
1583 788 1667 824 Ta-

248 836 344 871 citus
372 848 524 886 quoque
544 838 755 885 pessimum
773 839 1010 887 principali-s·
1032 840 1268 875 matrimonii
1293 841 1588 878 instrumentum
1613 843 1667 879 ait

246 892 346 926 Hist.
365 891 386 929 1
415 893 482 930 22.
522 893 575 927 ita
594 890 821 929 Theodotus
836 894 1064 943 Ancyranus
1085 900 1213 931 contra
1233 896 1451 931 Nestorium
1465 898 1484 935 1
1517 897 1667 936 1667A

245 942 293 983 τοὶ
315 941 456 995 doxazo}
468 946 668 995 palatium
684 947 916 998 Augustum
924 963 940 994 ,·
970 947 1200 985 Theodorus
1223 950 1430 986 Balsamon
1450 948 1606 988 scholiis
1623 953 1666 988 in

246 1013 412 1037 canones
435 1002 487 1042 75
508 1003 539 1037 Β
562 998 765 1054 γράμματα
783 999 922 1054 οἷρχικά
942 1003 1074 1040 literae
1086 1005 1280 1053 principis·
1308 1004 1400 1055 (ubi
1422 1005 1524 1041 male
1543 1007 1666 1042 inter-

243 1054 379 1105 pres),
409 1069 563 1105 prorsus
594 1064 636 1093 ut
665 1055 824 1109 γράμμα
852 1057 1050 1109 βασιλικόν
1079 1066 1136 1095 est
1162 1058 1265 1107 apud
1288 1059 1509 1096 Palladium
1525 1061 1603 1096 vita
1621 1061 1665 1098 S.

242 1112 398 1147 Ioannis
424 1109 687 1162 Chrysostomi
707 1115 757 1152 73
776 1115 825 1148 A.
881 1114 1071 1149 Eusebius
1097 1113 1144 1149 de
1170 1114 1402 1163 martyribus
1421 1115 1664 1157 Palaestinae
1695 1132 1706 1143 n

243 1167 323 1205 320
341 1167 369 1202 C
392 1164 420 1216 ἦ
436 1162 574 1217 ἄρχική
595 1167 873 1218 εἰκοσαετηρίς,
906 1168 1128 1203 vicennalia
1146 1169 1399 1216 imperatoris.
1457 1170 1595 1220 quibus
1615 1169 1664 1207 de

241 1221 359 1257 sacris
391 1220 591 1258 adeundus
618 1222 805 1258 Cellarius
829 1221 878 1258 ad
905 1224 1148 1259 Lactantium
1167 1221 1214 1259 de
1232 1224 1419 1260 mortibus
1437 1231 1663 1274 persecuto-

241 1287 328 1311 rum
349 1287 381 1311 ο.
401 1277 464 1322 17,
487 1276 568 1317 954
582 1279 614 1312 Β
636 1276 697 1313 ed.
720 1280 941 1314 Heumann.

352 1330 402 1379 3)
433 1328 590 1380 ἀρχικός
618 1345 731 1382 porro
758 1331 912 1369 videtur
935 1331 1164 1369 vertendtun
1191 1334 1418 1381 imperiosus
1446 1331 1520 1384 (eo
1547 1346 1663 1371 sensu

241 1397 317 1435 qno
337 1387 487 1423 Plinius
508 1389 555 1422 H.
575 1390 621 1423 N.
642 1389 693 1427 29
726 1389 748 1426 1
779 1389 988 1438 imperiosi,
1016 1390 1164 1438 inquit,
1194 1387 1302 1424 nobis
1331 1388 1426 1436 zpais
1454 1395 1491 1423 ec
1515 1389 1666 1425 molesti

239 1443 396 1489 sumus)
409 1469 423 1485 ,
453 1444 485 1479 si
504 1455 582 1478 non
600 1441 684 1490 hic,
716 1449 754 1478 at
775 1450 876 1480 certe
898 1442 1001 1493 apud
1021 1445 1184 1480 Paulum
1206 1441 1518 1480 Alexandrinum
1537 1443 1663 1480 Rudi-

237 1498 380 1532 mentis
401 1496 448 1533 de
468 1498 651 1534 natalitiis
672 1498 723 1537 49
744 1498 791 1534 C:
823 1493 1006 1549 ἆρχικοῦς
1034 1498 1101 1537 καὶ
1126 1495 1336 1546 ἐπιδόξους.
1391 1497 1560 1535 reddidit
1576 1500 1663 1535 An-

239 1550 350 1587 dreas
370 1550 511 1589 Scllato
532 1553 589 1588 acl
599 1554 868 1602 principatum
883 1567 1105 1602 propensos.
1165 1555 1260 1590 item
1287 1551 1391 1603 apud
1414 1553 1456 1590 S.
1475 1555 1660 1590 Ioannem

237 1605 558 1655 Chrysostomum
584 1609 683 1644 libro
710 1611 821 1645 tertio
849 1608 896 1644 de
927 1608 1140 1645 sacerdotio
1170 1611 1194 1649 6
1223 1607 1275 1648 25
1304 1609 1378 1655 28,
1410 1609 1479 1644 ubi
1502 1604 1662 1660 ἀρχικός

238 1663 446 1710 opponitur
466 1665 517 1714 τῷ
536 1666 777 1714 κοινωνικῷ,
805 1665 1031 1712 imperiosus
1053 1664 1248 1699 communi
1267 1664 1348 1699 sive
1369 1665 1482 1699 comi.

347 1715 398 1765 4)
430 1723 470 1752 at
491 1718 595 1752 enim
614 1730 692 1754 non
709 1719 839 1754 minus
858 1719 1126 1768 frequentatur
1146 1714 1302 1768 ἀρχικός
1319 1730 1365 1754 ea
1381 1717 1660 1767 significatione

237 1783 356 1822 quam
380 1769 444 1807 hic
467 1772 597 1807 locum
619 1771 761 1808 habere
787 1773 967 1820 arbitror,
996 1780 1112 1822 aptus
1133 1773 1190 1808 ad
1204 1779 1433 1821 potestatem
1451 1779 1517 1809 aut
1535 1774 1660 1822 impe-

235 1827 338 1862 rium
358 1827 620 1862 exercendum.
653 1829 706 1863 ita
720 1829 884 1877 positivo
901 1829 1094 1877 Diogenes
1111 1829 1286 1864 Laertius
1303 1829 1370 1863 vit.
1389 1826 1658 1878 philosopher.

239 1883 314 1920 193
335 1883 362 1918 C
388 1882 537 1918 Stoicos
557 1881 764 1919 credidisse
796 1884 848 1919 ait
877 1884 1069 1932 sapientes
1099 1882 1149 1918 ad
1178 1880 1367 1931 gerendos
1396 1884 1657 1932 magistratus,

236 1935 287 1971 ad
311 1936 584 1983 iudicandum,
614 1937 663 1974 ad
689 1937 917 1985 dicendum,
947 1938 1050 1974 solos
1073 1951 1155 1974 esse
1178 1936 1362 1974 idoneos:
1393 1933 1578 1987 ἆρχικοῦς
1603 1938 1659 1977 δι-

234 1988 444 2037 καστικούς
481 2006 520 2030 τε
557 1991 623 2031 καὶ
664 1990 898 2044 ῥητορικοὺς
929 1991 1076 2043 μόνους
1107 1989 1218 2031 εἶναι.
1273 1991 1387 2028 Philo
1422 1991 1470 2028 de
1502 1991 1656 2042 Ioseph.

234 2047 311 2086 431
333 2048 389 2082 G:
422 2043 582 2096 ἀρχικόν
599 2044 717 2095 φύσει
734 2047 799 2086 καὶ
820 2044 996 2087 δυνατόν.
1054 2054 1092 2084 et
1112 2046 1215 2097 apud
1230 2048 1411 2084 Proclum
1425 2046 1658 2096 Paraphrasi

235 2102 276 2136 in
305 2103 573 2138 Ptolemaeum
602 2105 682 2143 227
702 2105 733 2138 Β
770 2099 953 2153 ἄρχικοῦς
980 2098 1277 2154 μεγαλοψύχους
1303 2108 1405 2138 recte
1435 2103 1550 2138 vertit
1575 2103 1656 2139 Leo

234 2156 400 2192 Allatius
425 2171 579 2205 gmwos
605 2159 647 2193 in
674 2159 860 2206 imperiis,
889 2159 1184 2207 magnanimos:
1229 2157 1279 2193 cf.
1314 2169 1468 2207 quoque
1495 2158 1575 2197 229
1611 2158 1656 2194 C.

235 2214 494 2260 comparativo
521 2212 562 2248 S.
583 2213 751 2249 Basilius
769 2214 933 2262 Magnus
954 2214 1212 2249 Commentar.
1233 2213 1275 2248 in
1293 2218 1408 2262 caput
1427 2215 1452 2252 2
1472 2213 1610 2248 Esaiae
1632 2215 1653 2252 1

234 2268 313 2306 881
333 2268 383 2302 C:
415 2264 541 2318 ἄνδρα
566 2265 635 2306 τόν
662 2263 922 2320 ἄρχικώτερον
944 2268 986 2307 ἐν
1002 2271 1051 2322 τῇ
1070 2264 1220 2317 νοήσει,
1249 2264 1319 2307 τὸν
1337 2263 1571 2318 τελειότερον
1588 2266 1656 2306 καὶ

234 2318 498 2371 δυνατώτερον
520 2321 562 2361 ἐν
586 2326 670 2368 ταῖς
691 2318 866 2372 πράξεσι.
923 2336 995 2359 nec
1019 2325 1146 2359 minus
1166 2324 1266 2359 bene
1295 2320 1483 2372 (opinor)
1511 2322 1653 2358 Fronto

232 2378 410 2414 Ducaeus
429 2378 497 2413 illa
516 2377 557 2414 S.
580 2378 754 2427 Gregorii
769 2379 935 2428 Nysseni
951 2380 1162 2429 quaestion.
1186 2376 1281 2428 quid
1301 2379 1351 2415 sit
1371 2375 1422 2414 ad
1441 2378 1653 2426 imaginem

233 2431 295 2468 dei
329 2435 348 2471 1
376 2432 455 2474 845
474 2434 530 2480 A,
563 2430 607 2472 vo*
637 2429 795 2484 ἀρχικὸν
822 2436 894 2472 τοῦ
917 2429 1156 2485 ἀνθρώπου,
1173 2432 1414 2483 facultatem
1436 2432 1656 2480 imperandi

234 2486 401 2524 reddidit
426 2487 610 2534 liominis;
640 2501 715 2539 quo
743 2486 882 2524 eodem
909 2501 1026 2526 sensu
1056 2488 1260 2525 adhibetur
1284 2488 1330 2523 ab
1351 2489 1494 2523 Ioanne
1515 2485 1653 2523 Philo-

231 2555 334 2591 pono
365 2542 413 2578 de
444 2545 635 2580 creatione
664 2541 802 2580 mundi
829 2546 910 2584 230
940 2545 975 2580 A
1003 2547 1055 2593 B,
1085 2545 1165 2585 238
1197 2543 1246 2590 C,
1275 2541 1408 2583 240A
1425 2543 1458 2578 B
1491 2548 1530 2578 et
1558 2542 1651 2578 alibi

232 2610 362 2648 saepe.

342 2655 422 2690 Nec
447 2654 590 2690 mirum
620 2654 784 2691 aestuari
810 2654 957 2703 passim
982 2654 1022 2690 in
1050 2651 1235 2689 vertendo
1263 2650 1474 2698 adiectivo,
1503 2663 1591 2688 cum
1608 2651 1649 2687 in

234 2710 316 2757 ipso
349 2709 586 2746 substantivo
618 2705 717 2760 ἀρχή
746 2709 859 2745 multi
888 2707 1131 2745 offenderint.
1195 2708 1303 2744 velut
1329 2707 1650 2743 Montefalconius

233 2764 335 2801 Bibl.
365 2765 524 2802 Coislin.
545 2764 624 2805 596
642 2766 698 2801 D:
728 2763 904 2804 πολιτεία
988 2763 1091 2804 ἐστὶν
1116 2759 1214 2816 ἀρχὴ
1237 2761 1304 2802 καὶ
1331 2757 1527 2813 συνήθεια
1552 2775 1650 2814 πρα-
