1748 3210
85 700 457 773 ΠΕΡΙ
537 698 1531 776 ΔΙΟΣΗΜΕΙΩΝ.

231 1015 411 1065 LIBRI
443 1015 532 1064 DE
569 1015 907 1066 OSTENTIS
943 1014 1383 1066 ARGUMENTA.

80 1115 331 1190 Exordium,
357 1149 458 1183 initio
483 1149 657 1190 mutilum,
681 1150 724 1184 de
752 1150 978 1184 divinationis
1005 1150 1100 1193 apud
1125 1149 1299 1183 Romanos
1325 1150 1461 1196 origine
1489 1165 1531 1188 ac

75 1205 273 1240 progressu,
296 1206 371 1238 cap.
386 1197 447 1228 1—
451 1195 483 1228 8.
509 1195 582 1239 (1).
631 1197 674 1229 cle
691 1196 864 1239 effectibus
879 1197 1131 1239 defectibusque
1146 1195 1238 1235 solis,
1262 1207 1290 1228 c.
1302 1196 1370 1230 9et
1382 1199 1434 1231 10.
1458 1199 1529 1242 (2),

77 1245 238 1283 excerpta
254 1251 272 1274 e
293 1241 517 1284 Campestrio,
540 1241 583 1274 de
599 1241 706 1275 stellis
720 1242 864 1283 crinitis,
889 1253 917 1276 c.
930 1241 1075 1276 11-16,
1100 1240 1169 1285 (3).
1217 1240 1260 1273 de
1276 1241 1396 1275 habitu
1415 1244 1530 1286 lunae,

49 1308 56 1314 ·
73 1296 138 1330 per
155 1286 472 1330 duodecimsigna,
494 1287 683 1320 c.17—i›o.
705 1286 778 1329 (4).
825 1288 867 1320 de
888 1287 1087 1326 tonitribus,
1111 1298 1139 1321 e.
1150 1285 1296 1320 21-26.
1322 1286 1394 1330 (5).
1449 1290 1529 1323 dia-

74 1332 164 1365 n'um
192 1332 379 1365 tonitmale
404 1332 585 1365 secundum
612 1333 825 1376 PNigidium
851 1333 1033 1378 Figulum,
1067 1343 1108 1365 ex
1130 1331 1267 1375 scriptis
1299 1333 1443 1377 Tagetis
1470 1347 1529 1368 ex-

72 1387 245 1421 pressum,
265 1387 292 1410 c.
312 1377 458 1411 27—38.
483 1377 555 1420 (6).
619 1379 806 1412 tonitruale
833 1389 873 1412 ex
898 1379 1034 1422 scriptis
1056 1377 1211 1419 Fonteii,
1238 1389 1266 1412 c.
1285 1377 1432 1415 39-41.
1454 1381 1527 1423 (7).

74 1422 248 1466 generalis
279 1422 469 1456 observatio
502 1424 545 1456 de
567 1424 790 1464 fulminibus,
828 1435 868 1457 ex
897 1424 1053 1457 Labeone
1081 1423 1273 1462 translata,
1309 1435 1337 1457 c
1363 1424 1420 1458 42.
1455 1426 1524 1469 (8).

74 1468 118 1500 de
131 1467 311 1512 fulgurali
328 1468 510 1512 disciplina
524 1474 675 1502 veterum
692 1470 966 1511 commentarius,
992 1471 1163 1511 confectus
1181 1469 1313 1511 abipso
1332 1470 1448 1514 Lydo,
1473 1483 1526 1505 se-

73 1513 220 1546 cundum
248 1518 404 1547 auctores
426 1514 589 1554 Latinos,
622 1526 649 1548 c.
675 1514 824 1549 43—52.
855 1515 923 1559 (9).
989 1517 1031 1548 de
1055 1515 1312 1548 terraemotibus
1339 1517 1526 1559 exordium,

73 1558 163 1592 c.53
179 1562 214 1592 et
229 1557 284 1592 54.
309 1558 402 1602 (10).
468 1560 510 1593 de
523 1561 799 1601 terraemotibus,
817 1571 882 1604 per
899 1561 1077 1595 duodecim
1095 1561 1220 1604 signu,
1247 1571 1289 1593 ex
1313 1561 1339 1593 1
1335 1562 1451 1595 icellio
1471 1574 1526 1596 se-

71 1604 219 1637 cundum
250 1604 372 1648 Tagae
397 1605 569 1647 carmina,
593 1617 622 1640 c.
642 1604 788 1639 55—58.
811 1606 900 1650 (11).
971 1611 1066 1640 ortus
1085 1611 1188 1650 atque
1205 1616 1343 1639 occasus
1362 1607 1523 1652 siderum,

73 1659 93 1684 e
112 1649 248 1694 scriptis
271 1650 411 1686 Claudii
435 1651 554 1693 Tusci,
573 1662 601 1686 c.
617 1651 764 1686 59—70.
787 1651 876 1696 (12).
942 1651 1128 1696 conclusio,
1152 1662 1181 1685 c.
1199 1651 1256 1688 71.
1280 1651 1370 1697 (13).

67 1904 190 1948 τουτὶ
231 1883 433 1959 πράττειν
473 1906 840 1963 ἐπαγγειλάμενοι.
898 1908 975 1963 τῆς
1015 1905 1095 1962 μὲν
1138 1901 1207 1945 οὖν
1244 1910 1318 1945 τῶν
1354 1910 1519 1951 πολλων

66 1970 194 2028 δόξης
230 1971 350 2027 κᾶγώ
382 1973 537 2030 πρῴην
575 1973 813 2029 ἐτύγχανον
850 1971 938 2025 ω’ν,
976 1974 1049 2016 καὶ
1078 1989 1308 2027 γραμματα
1336 1974 1441 2029 μόνα
1471 1993 1518 2014 τα

63 2042 149 2089 περὶ
178 2055 335 2082 τουτων
362 2040 634 2095 γεγραμμένα
662 2045 753 2090 τοῖς
789 2038 985 2095 ἄρχαίοις
1020 2039 1232 2095 ἐνόμιζον.
1289 2040 1434 2098 ἐπειδὴ
1476 2044 1516 2080 δὲ

63 2106 89 2154 ἤ
118 2112 228 2155 πεῖρα
255 2106 332 2163 τὴν
359 2107 457 2162 περὶ
486 2106 632 2150 αὐτῶν
662 2104 868 2162 ἀλήθειαν
893 2107 1021 2159 ἔδειξε
1048 2107 1121 2151 καὶ
1148 2106 1176 2165 ἦ
1205 2108 1414 2165 γενομένη
1434 2112 1516 2152 τοῦ
1552 2101 1554 2104 ’

32 2176 226 2222 ὁκομήτου
263 2173 410 2231 πρώην
449 2173 622 2230 ἐπιτολὴ
669 2173 849 2230 (ἷππεύς
889 2174 934 2218 δὲ
971 2173 1056 2229 ἄρα
1095 2170 1152 2231 ἦν
1186 2174 1236 2219 τὸ
1275 2174 1515 2232 γενόμενον

63 2243 217 2295 σχῆμα)
252 2244 314 2281 καὶ
341 2242 364 2290 ἡ
395 2241 462 2285 διοὶ
490 2241 652 2297 ταύτην
687 2245 890 2297 συμβᾶσα
920 2245 1009 2285 τῶν
1040 2242 1373 2298 κακοδαιμόνων
1400 2248 1513 2299 Περ-

62 2311 154 2351 σῶν
181 2307 338 2356 ἔφοδος,
375 2310 489 2364 μέχρι
516 2309 595 2365 μὲν
621 2312 709 2352 τῶν
730 2308 942 2366 Ὀρόντου
969 2309 1178 2366 γενομένη
1207 2315 1373 2365 μερῶν,
1410 2323 1512 2355 συν-

60 2375 311 2431 τομωτάτην
340 2377 380 2416 δὲ
409 2378 476 2425 τήν
506 2375 781 2434 ὑποστροφήν
813 2375 872 2430 ὥς
902 2374 1000 2421 οἶόν
1026 2393 1071 2421 τε
1099 2381 1296 2434 λαβοῦσα
1326 2376 1511 2435 (ἐδήλου

151 2476 173 2513 6
195 2489 276 2512 num
297 2475 518 2522 λεγόμενονῖ
538 2478 668 2513 Hasius
687 2479 770 2523 (H).

59 2568 95 2602 id
124 2568 242 2602 facere
269 2569 434 2622 professi.
479 2570 538 2605 ita
562 2571 689 2605 dudum
716 2571 836 2605 eadem
858 2569 1022 2615 opinione
1047 2580 1116 2614 qua
1137 2568 1262 2614 vulgus
1285 2580 1350 2614 ego
1373 2581 1511 2615 quoque

59 2613 128 2655 fui,
155 2619 191 2647 et
210 2615 421 2660 scripturas,
455 2628 519 2650 nec
543 2617 725 2662 quicquam
747 2617 911 2661 amplius,
951 2626 1039 2659 quae
1063 2616 1128 2649 hac
1153 2626 1258 2659 super
1280 2627 1319 2649 re
1341 2627 1361 2649 a
1383 2616 1508 2660 priscis

57 2659 190 2704 scripta
211 2666 291 2694 sunt
313 2673 389 2695 esse
407 2642 613 2696 {rbitraban
660 2664 722 2696 sed
744 2668 926 2707 postquam
950 2672 1067 2695 earum
1088 2672 1204 2695 rerum
1227 2662 1409 2695 veritatem
1432 2673 1508 2696 cum

57 2705 256 2739 observatio
280 2713 440 2741 constans
463 2708 720 2753 comprobavit,
744 2714 816 2742 tum
839 2719 949 2753 nuper
972 2708 1084 2740 factus
1103 2706 1223 2741 stellae
1247 2707 1391 2740 crinitae
1410 2714 1506 2741 ortus

57 2751 125 2794 (ea
148 2751 259 2794 figura
281 2762 381 2805 quam
404 2750 532 2806 hippea
552 2756 721 2798 vocant),
756 2759 792 2788 et
817 2755 860 2788 ob
896 2755 986 2787 hunc
1009 2758 1120 2787 ortum
1143 2760 1326 2787 consecuta
1351 2752 1503 2796 impuro-

57 2807 131 2830 rum
154 2796 338 2831 Persarum
357 2797 525 2844 irrupti0‚
553 2811 642 2844 quae,
665 2802 710 2834 ad
728 2800 872 2834 Orontis
892 2810 1001 2843 usque
1024 2804 1142 2843 partes
1162 2803 1312 2843 evagata
1328 2803 1502 2843 receptum

57 2845 169 2876 tamen
188 2853 289 2886 quam
313 2843 523 2880 celerrimum
544 2845 666 2882 habuit
688 2847 791 2891 (nam
813 2845 994 2882 fortissimi
1016 2844 1184 2892 principis
1203 2844 1384 2879 victoriam
1406 2844 1503 2880 stella

110 2895 258 2931 Ioannes
287 2895 414 2942 hydas.
888 2902 893 2946 ',
1178 2894 1229 2935 18
