1748 3210
249 212 345 256 258
769 207 987 250 lOANNlS
1022 206 1152 249 LYDI

249 317 373 376 πάνης
391 327 633 378 περισπεῒραι
651 316 875 371 θαλάσσης.
941 320 1106 359 τοιαῦτα
1122 315 1194 370 μέν
1207 334 1293 360 τινα
1311 322 1383 361 τοῦ
1397 315 1537 372 ἶχθῦος
1551 315 1671 374 χάριν

249 388 438 446 εῗρήσθω.

382 453 458 498 64.
524 453 627 507 Περὶ
663 452 706 492 δὲ
739 450 810 504 τὴν
843 449 1007 501 ἄνοδον,
1055 454 1207 504 μᾶλλον
1246 450 1289 490 δὲ
1324 449 1564 504 ἀνακομιδὴν
1599 454 1671 491 τοῦ

248 518 521 564 Καππαδόκου
547 518 731 572 στιχηὸὸν
756 518 863 575 αὐτῷ
887 518 1172 574 παρεφαίνοντο
1201 515 1316 571 κόραι
1337 515 1498 567 σάνδυξι
1517 534 1670 572 περικε-

243 589 408 641 χυμὲναι
428 586 478 627 τὰ
496 585 610 638 μέλη,
641 590 857 641 προφανῶς
876 583 1186 626 ἐκκαλύπτουσαι
1202 583 1279 624 ὅσα
1295 581 1500 624 καλύπτειν
1515 583 1664 636 ὄμματ’
1679 591 1700 624 5

247 655 420 709 ἀρσένων
442 654 572 706 ἐχρῆν.
639 652 738 707 πρὸς
758 653 889 707 βραχὺ
912 653 954 694 δὲ
972 653 1017 693 τὸ
1037 652 1288 707 προκείμενον
1311 649 1423 705 ἀφείς
1429 681 1442 699 ,
1478 649 1499 690 ὅ
1520 667 1557 691 τι
1575 666 1668 704 τυγ-

239 719 354 774 χάνει
380 719 527 768 σάνὸυξ
552 720 617 759 καὶ
639 726 750 760 ποῖον
769 717 871 767 εἶδος
892 717 1120 772 ἐσθήματος
1141 718 1271 772 γέγονε
1288 717 1447 764 Λυδοῖς
1469 715 1514 756 τὸ
1535 714 1669 766 πάλαι,

244 785 480 842 ἑρμηνεῦσαι
500 784 750 841 πειράσομαι.
783 786 938 838 σπουδὴ
955 786 1084 840 γέγονε
1102 791 1183 832 τοῖς
1203 781 1465 838 πολυχρύσοις
1483 781 1528 823 τὸ
1549 780 1670 823 πάλαι

243 855 401 902 Λυδοῖς
422 853 584 910 εὐπορία
597 854 789 908 χρυσίου,
825 851 917 894 ὅσον
937 852 1072 900 αὐτοῖς
1087 849 1108 891 ὃ
1131 849 1351 898 Πακτωλὸς
1373 848 1472 902 μετὰ
1494 849 1562 890 τὸν
1574 847 1670 903 ’Ἐρ-

241 937 318 973 μον
359 917 558 975 ἐχορήγει,
602 921 669 959 καὶ
701 917 1028 974 χρυσοστήμονας
1067 915 1341 973 διεργάζεσθαι
1369 920 1539 970 χιτῶνας
1572 915 1668 968 (καὶ
1681 922 1723 954 10

202 1004 207 1008 ·
239 985 394 1042 μάρτυς
416 984 437 1027 ὃ
460 986 709 1041 Πείσανδρος
731 985 848 1027 εἰπὼν
865 986 1002 1026 Λυδοὶ
1024 983 1362 1040 χρυσοχίτωνες),
1393 984 1459 1023 καὶ
1493 981 1564 1023 οὐκ
1596 981 1670 1022 αὖ-

240 1053 333 1102 τοὺς
365 1051 511 1106 μόνους
541 1052 642 1092 ἀλλὰ
674 1054 739 1092 καὶ
768 1053 861 1100 τοὺς
888 1051 1154 1104 καλουμένους
1185 1049 1384 1097 σάνδυκας
1417 1051 1603 1102 (χιτῶνες
1627 1050 1670 1089 δὲ

240 1115 342 1173 ἦσαν
362 1118 432 1160 ὑπ’
460 1119 589 1159 αὐτῶν
617 1117 842 1173 εὑρημένοι,
876 1123 991 1159 λινῶν
1015 1119 1087 1169 μὲν
1108 1117 1146 1157 οἳ
1171 1117 1444 1164 διειδὲστατοι,
1475 1113 1669 1162 σᾶνὸυκος
1719 1160 1721 1163 .

240 1188 285 1227 δὲ
305 1190 417 1241 χυλῷ
447 1189 517 1236 τῆς
542 1182 713 1236 βοτάνης
743 1182 1060 1235 καταβάπτοντες
1097 1181 1262 1230 αὐτούς·
1309 1180 1542 1237 σαρκοειδὴς
1572 1182 1615 1222 δέ
1645 1179 1667 1220 ὃ

236 1251 345 1306 χρὼς
365 1255 436 1303 τῆς
455 1248 655 1303 βοτάνης)
666 1282 678 1300 ,
713 1250 782 1299 οὓς
812 1250 853 1290 αἱ
883 1257 1059 1304 γυναῖκες
1079 1253 1158 1289 τῶν
1178 1249 1332 1289 Λυδῶν
1350 1252 1485 1303 γυμνῷ
1507 1251 1563 1303 τῷ
1585 1246 1664 1288 σώ-
1679 1253 1721 1286 15

238 1335 336 1372 ματι
360 1315 653 1367 ἐπισκιάζουσαι
681 1317 794 1358 οὐδὲν
815 1317 888 1368 μὲν
916 1314 1078 1357 ἐδόκουν
1100 1314 1126 1368 ἢ
1148 1315 1246 1370 ἀέρα
1264 1313 1385 1367 μόνον
1408 1318 1667 1367 περικεῖσθαι,

238 1384 374 1426 κάλλει
393 1385 436 1425 δὲ
453 1383 529 1432 ἔξω
546 1388 615 1425 τοῦ
635 1387 759 1425 καλοῦ
775 1385 841 1424 καὶ
860 1381 1067 1439 σώφρονος
1084 1383 1305 1438 ἐφείλκοντο
1322 1380 1416 1429 τοὺς
1430 1379 1669 1432 θεωμένους.

237 1450 403 1508 τοιούτῳ
431 1451 499 1492 τὸν
522 1449 724 1506 εΗρακλέα
737 1455 874 1504 χιτῶνι
891 1453 1160 1506 περιβαλοῦσα
1177 1447 1363 1504 Ὀμφάλη
1384 1447 1477 1488 ποτὲ
1496 1448 1670 1502 αἰσχρῶς

238 1520 390 1575 ἐρῶντα
408 1516 670 1574 παρεθηλυνε.
736 1516 861 1572 ταύτῃ
882 1518 946 1557 καὶ
964 1515 1130 1557 Σανδών
1140 1513 1344 1572 (Ηρακλῆς
1361 1514 1579 1567 ἀνηνέχθη,
1615 1511 1669 1561 ὥς

234 1583 465 1638 Ἀπουλήιος
496 1583 516 1625 ὃ
541 1583 734 1637 Ῥωμαῖος
763 1582 984 1639 φιλόσοφος
1011 1584 1050 1624 ἐν
1075 1586 1130 1638 τῷ
1155 1581 1453 1638 ἐπιγραφομένῳ
1478 1581 1665 1636 ἐρωτικῷ,
1678 1587 1721 1620 20

236 1653 302 1693 καὶ
331 1655 372 1691 Τ
370 1650 586 1706 ράγκυλλος
619 1652 662 1691 δὲ
691 1651 767 1706 πρὸ
792 1650 914 1691 αὐτοῦ
935 1652 975 1691 ἐν
994 1653 1051 1706 τῷ
1071 1652 1158 1705 περὶ
1181 1648 1381 1702 ἐπισήμων
1401 1651 1555 1703 πορνῶν
1577 1647 1667 1688 ἆνε-

236 1717 458 1772 νηνόχασιν.
524 1716 638 1758 ἔνθεν
672 1715 780 1770 οἶμαι
814 1715 1010 1765 σανὸόνας
1043 1716 1098 1757 ἔτι
1131 1718 1194 1758 καὶ
1226 1721 1295 1757 νῦν
1325 1715 1424 1771 πρὸς
1443 1716 1667 1768 ὃιασυρμοῦ

236 1786 442 1841 λέγεσθαι,
477 1781 546 1834 οὓς
571 1784 615 1826 τὸ
638 1788 794 1838 πλῆθος
815 1783 892 1824 ἀπὸ
912 1788 983 1835 τῆς
1000 1787 1242 1837 κατασκευῆς
1261 1786 1339 1824 τῶν
1361 1779 1548 1823 σινδόνων
1570 1797 1666 1822 σαν-

325 1900 349 1934 7
369 1895 538 1942 τυγχάνοι
559 1898 676 1943 vulgo.
810 1900 853 1934 11
872 1898 1071 1942 πίσανδρος
1092 1899 1136 1932 C.
1270 1897 1314 1931 14
1333 1894 1590 1941 κατέβαπτονΐ

234 1998 390 2052 attulisse
421 2001 526 2043 atque
559 1997 649 2032 inter
678 1997 841 2033 Ostiense
864 2001 899 2033 et
922 1999 1130 2044 Campanum
1157 2008 1250 2032 mare
1278 1997 1461 2042 sparsisseu
1507 1996 1593 2031 haec
1621 1995 1664 2030 de

258 2056 343 2077 1sce.

232 2057 255 2089 P
322 2088 378 2121 64.
424 2087 677 2121 Revertebatur
707 2091 818 2122 autem
848 2088 1055 2133 Cappadox,
1087 2099 1149 2122 seu
1169 2088 1385 2122 referebatur
1403 2085 1537 2131 potina,
1573 2084 1664 2118 serie

230 2132 418 2177 puellarum
439 2133 598 2176 utrinque
619 2132 818 2176 comitatus,
848 2144 936 2177 quae
959 2133 1166 2176 sandycibus
1189 2134 1336 2166 membra
1358 2130 1663 2165 circumfundentes

232 2182 354 2211 cuncta
386 2182 506 2220 aperte
533 2178 759 2210 ostendebant
791 2189 879 2221 quae
909 2178 1021 2212 celare
1050 2179 1169 2211 viriles
1203 2178 1317 2212 oculos
1347 2177 1540 2221 oportebat.
1598 2186 1661 2218 ego

230 2233 334 2264 vero,
358 2220 478 2254 relicto
496 2221 670 2265 paulisper
687 2222 882 2267 proposito,
907 2223 990 2267 quid
1008 2224 1142 2266 sandyx
1165 2227 1198 2256 et
1222 2223 1321 2267 quale
1341 2221 1449 2255 vestis
1469 2231 1577 2264 genus
1600 2230 1661 2253 an-

231 2266 338 2311 tiquis
372 2265 481 2308 Lydis
520 2266 645 2308 fuerit,
692 2278 863 2311 exponere
894 2269 1056 2302 conabor.
1105 2279 1187 2301 auro
1218 2268 1296 2301 olim
1322 2268 1534 2301 abundantes
1558 2265 1662 2308 Lydi,

232 2312 324 2355 quod
343 2310 504 2344 Pactolus
532 2309 575 2343 iis
602 2311 817 2355 Hermusque
839 2314 1070 2357 praebebant,
1105 2313 1238 2346 tunicas
1261 2312 1346 2346 adeo
1370 2311 1483 2345 aureis
1505 2309 1659 2343 stamini-

230 2358 294 2390 bus
325 2360 444 2388 texere
472 2355 675 2388 studuerunt
710 2357 825 2400 (quod
855 2362 1002 2391 testatur
1030 2359 1214 2399 pisander,
1249 2357 1366 2391 dicens
1395 2353 1516 2398 “Lydi
1537 2365 1660 2388 aureas

230 2400 366 2435 tunicas
383 2397 610 2444 gerentes'');
635 2411 744 2444 neque
765 2402 839 2435 illas
860 2407 1008 2446 tantum,
1031 2414 1149 2436 verum
1173 2403 1275 2436 etiam
1297 2402 1464 2443 sandyces
1487 2410 1572 2444 quos
1595 2411 1661 2432 vo-

230 2451 311 2480 cant
340 2446 463 2488 (erant
487 2450 598 2478 autem
615 2445 752 2479 tunicae
773 2449 816 2480 ab
838 2446 883 2480 iis
904 2447 1085 2491 inventae,
1113 2448 1276 2480 linearum
1298 2444 1544 2488 lucidissimae,
1576 2455 1660 2488 quas

230 2501 332 2525 succo
354 2489 513 2533 sandycis
532 2489 667 2534 plantae
683 2489 878 2533 tingebant:
902 2504 1065 2526 carnosus
1087 2497 1199 2526 autem
1217 2492 1354 2536 plantae
1371 2489 1511 2532 color);
1537 2490 1660 2535 quibus

230 2537 355 2568 nudum
378 2546 501 2579 corpus
521 2534 750 2568 inumbrantes
772 2536 947 2580 Lydorum
970 2537 1128 2571 mulieres
1146 2538 1225 2570 aere
1244 2540 1372 2570 tantum
1396 2535 1534 2568 indutae
1560 2534 1657 2568 vide-

229 2581 373 2623 bantur,
397 2581 590 2623 formaque,
614 2580 739 2613 decore
763 2585 799 2613 et
820 2583 952 2626 pudore
969 2582 1128 2625 remotis,
1157 2582 1328 2615 intuentes
1349 2580 1553 2614 alliciebant.
1598 2578 1658 2612 tali

229 2625 412 2659 Herculem
433 2624 549 2658 tunica
571 2624 738 2668 Omphale
761 2624 839 2658 olim
862 2626 1100 2670 circumdedit,
1126 2637 1200 2660 cum
1221 2626 1368 2670 turpiter
1390 2629 1555 2658 amantem
1573 2623 1655 2657 effe-

232 2670 386 2704 minavit.
434 2669 514 2702 hinc
544 2672 579 2702 et
607 2670 748 2703 Sandon
777 2670 944 2705 Hercules
977 2671 1088 2705 dictus
1120 2676 1193 2714 est,
1227 2675 1264 2704 ut
1291 2670 1455 2715 Apuleius
1485 2670 1657 2703 Romanus

225 2714 471 2792 philosophus,
506 2714 542 2747 in
563 2713 651 2747 libro
674 2715 732 2759 qui
754 2715 952 2749 amatorium
974 2715 1192 2760 inscribitur,
1218 2720 1253 2749 et
1276 2721 1355 2749 ante
1373 2726 1448 2748 eum
1469 2712 1655 2758 Tranquil-

241 2770 278 2792 us
299 2759 335 2793 in
359 2771 463 2805 opere
485 2760 528 2793 de
549 2758 741 2802 insignibus
763 2761 1000 2795 meretricibus
1017 2761 1162 2795 rettulit.
1208 2761 1289 2794 inde
1308 2759 1464 2794 existimo
1487 2758 1656 2792 sandonas

226 2804 408 2840 etiamnum
430 2804 636 2849 ignominiae
658 2815 761 2841 causa
784 2806 872 2853 dici,
909 2816 994 2850 quos
1016 2805 1137 2851 vulgus
1162 2806 1209 2842 ab*
1234 2805 1352 2841 habitu
1369 2803 1554 2840 ‘sindonum
1575 2814 1656 2838 san·
