1748 3210
545 185 994 230 COMMENTARIUS.
1083 195 1085 197 “
1391 197 1492 226 xxxx

54 315 161 361 'enlm
188 318 318 363 modis
350 320 552 370 scribitur,
592 320 745 358 Harles.
765 318 868 356 Bibl.
891 320 958 357 Gr.
986 319 1064 358 vol.
1085 321 1111 359 2
1132 332 1173 370 p.
1197 316 1292 368 130)
1317 319 1491 355 camnine

51 386 296 429 nobilissimo
315 389 358 425 in
376 389 560 425 Nemesin
578 393 681 435 sunt,
710 387 752 423 in
772 385 858 424 cod.
874 389 971 439 Reg.
994 387 1114 435 2532,
1146 387 1239 424 olim
1257 385 1380 433 3221,
1399 399 1490 422 cum

51 454 260 495 modorum
272 457 512 493 musicorum
529 457 650 506 signis
671 461 864 492 exstante.
892 462 1019 493 totum
1041 461 1173 492 autem
1192 453 1267 491 hoc
1286 454 1492 504 fragmen-

51 515 138 562 tum
162 536 184 560 a
201 525 364 563 Boivino
392 524 468 561 sibi
497 523 828 561 communicatum
855 524 1037 560 Burettus
1069 523 1178 559 Actis
1210 523 1334 559 Paris.
1365 521 1493 559 Acad.

49 593 231 643 inscript.
249 598 279 628 t.
302 590 352 639 5,
381 593 506 628 Paris.
533 592 657 638 1729,
694 588 740 638 4,
780 603 822 640 p.
847 592 942 637 189,
982 604 1003 627 e
1025 588 1112 627 cod.
1136 592 1240 630 1630
1261 590 1376 642 quale
1400 596 1490 626 aute

51 659 272 697 rettulimus
292 659 371 696 tale
388 658 581 708 vulgavit,
610 657 687 694 nisi
707 655 812 708 quod
832 669 903 707 pro
927 653 1031 697 οὕτω
1049 671 1134 704 πως
1152 657 1250 707 legit
1271 658 1336 694 vel
1361 671 1491 696 corre-

50 728 114 764 xit
131 723 236 767 οὕτω
255 741 346 767 που.
402 725 523 778 idque
543 725 830 775 fraguwntum,
868 725 902 760 si
920 723 1038 761 modo
1064 725 1158 772 fuit,
1203 726 1245 761 in
1266 732 1375 776 parte
1396 739 1491 776 per-

52 793 136 832 dita
157 791 256 831 libri'
277 792 325 831 de
344 793 635 845 Magistratibus
661 793 782 830 fuisse
804 804 963 831 necesse
993 798 1071 830 est:
1108 798 1211 829 certe
1241 793 1282 829 iu
1301 790 1364 830 his
1389 805 1490 845 quae

49 859 169 900 hodie
189 867 343 899 exstant
366 874 445 899 non
462 862 671 900 iuvenitur.

160 928 224 968 Ad
242 927 340 967 haec
350 930 471 980 igitur
484 937 635 982 septem
653 938 734 968 tam
748 929 940 968 disiuncta
954 937 1114 982 tamque
1127 929 1255 966 lacera
1268 926 1491 979 fragmenta
1519 926 1577 972 22

49 996 193 1036 renatis
207 998 331 1035 literis
349 999 522 1049 quinque
539 1000 790 1048 potissimum
810 998 953 1036 eruditi
980 998 1054 1034 viri
1081 1010 1126 1034 eo
1149 997 1310 1034 consilio
1330 1003 1374 1034 ut
1394 995 1492 1033 ede-

47 1071 136 1103 rent
153 1064 252 1118 (non
279 1065 418 1117 loquor
441 1063 490 1102 de
520 1079 598 1104 uno
624 1068 692 1119 qui
708 1074 859 1103 vertere
877 1064 1018 1114 voluit)
1039 1070 1298 1102 accesserunt.
1356 1065 1492 1101 nullus

45 1138 180 1170 tamen
207 1131 258 1170 ad
277 1133 410 1170 omnia
428 1134 654 1183 coniuncta,
685 1133 755 1171 sed
771 1135 854 1172 fere
874 1132 924 1171 ad
943 1134 1099 1184 singula
1119 1133 1280 1183 singuli.
1338 1133 1490 1183 primus
1511 1146 1548 1180 p.
1572 1144 1594 1168 Ι,

44 1201 212 1238 Ioannes
234 1201 447 1248 Mem-sius,
487 1206 531 1237 ut
556 1209 638 1238 erat
660 1201 949 1240 reconditarum
967 1202 1170 1239 literarum
1190 1207 1359 1248 amator,
1398 1206 1489 1237 ante

45 1279 84 1305 a.
107 1269 213 1309 1612
234 1265 521 1317 Heidelbergae
542 1281 595 1305 ex
618 1268 704 1306 cod.
724 1270 904 1306 Palatino
925 1270 1006 1311 312
1032 1268 1238 1319 descripsit
1255 1266 1404 1318 Nigidii
1419 1268 1490 1304 Fi-

45 1334 132 1386 guli
148 1332 463 1386 ephemeridem,
494 1332 543 1370 de
564 1347 642 1384 qua
658 1337 838 1385 superius
858 1334 956 1372 dixi.
994 1349 1135 1373 verum
1154 1347 1245 1372 cum
1264 1335 1352 1372 aliis
1372 1335 1490 1372 rebus

45 1398 355 1448 abstraheretur,
393 1400 601 1437 consilium
635 1401 718 1438 eius
747 1400 923 1437 edendae
953 1403 1117 1450 abiecit,
1135 1413 1138 1416 ·
1158 1404 1279 1454 inque
1306 1404 1411 1441 notis
1438 1402 1491 1440 ad

44 1470 189 1507 Leonis
209 1468 370 1506 Tactica
402 1466 549 1519 (Lugd.
581 1469 717 1505 Batav.
746 1469 875 1515 1612,
906 1468 954 1517 4,
984 1483 1024 1520 p.
1047 1468 1146 1521 447)
1175 1471 1231 1507 ita
1260 1471 1334 1507 ait:
1373 1470 1493 1507 Clzeci

45 1536 163 1574 codex
186 1534 252 1572 hic
281 1536 379 1571 citat
404 1535 520 1570 etiam
549 1534 713 1571 Ioannis-
732 1534 842 1584 Lydi·
867 1535 1060 1573 Dim-nam
1076 1544 1400 1589 menstruamque
1419 1539 1494 1576 ob-

43 1604 318 1643 servationem.
375 1601 566 1653 intelligit
594 1615 683 1639 vero
709 1615 750 1638 eo
777 1603 935 1639 nomine
963 1604 1127 1655 Nigidii
1151 1605 1292 1656 Egrali
1318 1606 1366 1642 de
1388 1608 1492 1643 toni-

44 1679 177 1711 aruum
195 1685 272 1722 per
294 1670 472 1722 singulos
501 1683 648 1707 menses
675 1677 711 1707 et
729 1670 812 1707 dies
837 1671 1127 1722 significatcbne
1153 1671 1301 1710 librum
1313 1701 1329 1719 ,
1374 1687 1491 1725 quem

42 1739 184 1791 [ydus
203 1739 269 1777 hie
287 1751 306 1775 e
324 1739 475 1775 Latina
496 1738 639 1789 lingua
660 1739 703 1775 in
725 1738 923 1776 Graecam
939 1740 1155 1778 transtulit.
1217 1748 1342 1778 exstat
1359 1743 1491 1792 ipsum

42 1821 142 1858 opus
158 1808 202 1844 in
219 1805 455 1844 bibliotheca
476 1806 696 1852 Palatina,
733 1805 803 1843 uhi
823 1821 894 1844 nos
914 1814 1007 1844 ante
1028 1808 1369 1860 quinquennium,
1399 1825 1491 1848 cam

41 1875 128 1912 illie
151 1877 357 1926 ageremus
377 1876 479 1912 inter
495 1875 855 1927 peregrinandum,
893 1875 1188 1925 descripsimus,
1232 1885 1270 1914 et
1296 1879 1490 1916 edendum

42 1942 222 1982 dedimus
238 1945 333 1982 Iano
351 1944 559 1995 Rutgersio
571 1973 582 1992 ‚
610 1945 946 1994 praestantissimi
964 1945 1119 1995 ingenii
1137 1951 1174 1980 et
1195 1946 1415 1984 multarum
1440 1947 1493 1984 li-

43 2018 216 2050 terarum
235 2012 380 2050 iuveni.
439 2024 570 2063 neque
603 2009 672 2048 diu
698 2018 787 2062 post
811 2012 1063 2062 Rutgersius,
1103 2014 1177 2050 etsi
1209 2021 1292 2051 erat
1319 2015 1490 2066 pubIIcis

41 2081 210 2132 negotiis
229 2079 546 2128 distentissimus,
579 2076 742 2116 traditas
762 2091 784 2115 a
803 2079 974 2116 Meursio
995 2080 1071 2117 sibi
1094 2088 1225 2131 partes
1246 2083 1340 2133 egit.
1371 2095 1490 2120 nam-

41 2159 120 2200 que
135 2148 179 2185 in
197 2149 318 2205 libros
335 2161 409 2186 sex
426 2149 631 2186 variarum
647 2147 882 2195 lect‘mnum,
922 2145 1106 2197 Lugdun.
1125 2150 1263 2187 Batav.
1289 2151 1395 2193 1618
1408 2180 1418 2199 ,
1448 2151 1488 2199 4,

41 2213 181 2265 editos,
210 2217 461 2268 Gustavoque
483 2217 595 2271 altexji
617 2215 834 2253 Suecorum
853 2215 936 2265 regi
963 2215 980 2266 (
992 2213 1066 2252 hoc
1085 2222 1143 2253 est
1166 2218 1339 2255 Gustavo
1359 2217 1490 2256 Adol-

39 2280 121 2334 pho
139 2283 200 2320 illi
221 2284 290 2335 qui
309 2295 346 2321 a.
369 2285 475 2325 1632
493 2285 534 2320 iu
554 2283 763 2320 Germania
778 2283 976 2334 proelians
994 2295 1204 2334 oppressus
1226 2292 1298 2334 est,
1325 2286 1388 2323 cui
1407 2292 1490 2323 erat

41 2361 66 2387 a
95 2351 269 2389 consiliis
299 2350 547 2403 Rutgersius)
580 2352 810 2401 inscriptos,
853 2357 979 2388 totam
1008 2351 1159 2402 Nigidii
1191 2352 1490 2404 ephemeridem

39 2429 82 2468 p.
101 2416 336 2461 247-260
358 2420 520 2468 rettulit,
552 2433 571 2456 e
588 2420 814 2456 Meursiano
834 2418 1062 2471 apographo
1084 2433 1328 2471 expressam.
1361 2434 1490 2473 quan-

41 2497 162 2536 quam
183 2499 312 2539 neque
340 2489 381 2524 in
410 2489 496 2538 ipso
528 2500 644 2538 opere
670 2500 799 2540 neque
825 2489 866 2523 iu
886 2488 988 2525 libro
1009 2486 1058 2525 de
1083 2489 1164 2526 vita
1184 2502 1254 2527 sua
1276 2489 1486 2541 (Lugdun.
1514 2511 1551 2546 p,
1578 2511 1617 2534 m

41 2552 178 2591 Batav.
207 2554 336 2604 1646,
373 2554 426 2606 4)
455 2555 560 2592 unde
591 2553 887 2607 ephemeridem
918 2569 1007 2593 eam
1037 2557 1250 2608 sumpserit
1282 2554 1488 2593 indicavit.

41 2619 308 2658 Mem-sianum
328 2629 460 2659 autem
478 2622 752 2674 apographum
779 2622 881 2660 nihil
896 2625 1028 2661 minus
1048 2623 1204 2661 videtur
1223 2624 1344 2659 fuisse
1364 2635 1486 2674 quam

42 2685 306 2726 emendatum.
361 2702 455 2728 nam
473 2692 672 2742 Rutgersii
701 2699 804 2730 certe
832 2698 965 2730 textus
989 2693 1207 2730 innumerIs
1233 2690 1404 2740 repletus
1426 2697 1485 2728 est

42 2753 248 2792 erroribus.
306 2758 437 2794 statim
456 2759 504 2796 ab
532 2761 644 2797 initio
666 2774 707 2811 p.
730 2759 811 2802 247
834 2761 905 2798 lin.
931 2764 950 2800 1
977 2774 1049 2811 pro
1071 2759 1136 2800 ἐπὶ
1156 2755 1287 2809 πάσης
1307 2757 1484 2795 scriben-

42 2817 138 2858 dum
157 2827 228 2871 est,
255 2821 322 2863 ἐπὶ
341 2820 499 2874 πάσαις.
555 2829 627 2865 lin.
646 2827 673 2867 3
690 2829 834 2880 legitur
850 2825 924 2880 τήν
945 2825 1115 2881 σελήνην
1135 2822 1246 2868 οἶκον
1266 2824 1479 2876 hatugato.-
