1748 3210
225 213 320 258 276
737 209 955 252 IOANNIS
993 210 1123 252 LYDI

223 316 491 372 ἀναδοθῆναι
529 316 610 370 γὰρ
645 317 724 357 τοῦ
762 312 945 363 αὔλακος
978 313 1175 367 παιδίον,
1213 314 1309 366 ἄρτι
1335 315 1413 370 μὲν
1438 317 1638 371 τεχθῆναι

223 385 403 432 δοκοῦν,
450 380 642 424 ὀδόντων
679 380 726 422 δὲ
761 380 834 423 καὶ
867 381 954 422 τῶν
988 377 1128 422 ἄλλων
1163 382 1250 421 τῶν
1284 381 1330 424 ἐν
1360 382 1503 438 ἡλικίᾳ
1528 397 1638 436 γνω-

223 446 438 502 ρισμάτων
473 443 715 497 ἀπροσδεές.
769 439 825 500 ἦν
861 445 906 488 δὲ
941 443 1024 498 ἄρα
1050 445 1097 488 τὸ
1126 446 1300 488 παιδίον
1329 444 1352 490 ὁ
1385 446 1549 502 Τάγης,
1586 446 1637 490 ὃν

222 511 275 567 δὴ
310 511 381 554 καὶ
418 510 595 564 χθόνιον
617 509 756 559 Ἑρμῆν
792 509 900 554 εἶναι
932 515 1021 560 τοῖς
1045 500 1242 566 “Em-now
1270 511 1430 563 ἔδοξεν,
1469 511 1525 563 ῶς
1551 527 1637 555 που

221 579 294 622 καὶ
341 575 540 628 Πρόκλος
588 577 720 632 φησὶν
768 576 791 619 ὁ
835 575 1045 631 διάδοχος.
1102 581 1231 619 τοῦτο
1271 577 1317 620 δὲ
1355 577 1668 632 ἅλληγορικῶς5

219 642 337 696 παρὰ
375 643 451 684 τὸν
493 642 708 695 ἱερατικὸν
743 641 1118 695 παρακεκοὶλυπται
1143 642 1304 698 νόμον,
1339 642 1427 685 ἐπεὶ
1455 642 1508 685 οὐ
1532 658 1639 698 προ-

219 711 368 764 φανῶς
406 705 430 750 ὁ
471 708 566 760 περὶ
600 706 830 760 θειοτέρων
865 707 1122 762 πραγμάτων
1147 708 1272 763 λόγος
1301 707 1372 751 διὰ
1399 709 1500 760 τούς
1527 709 1638 754 ἀνιέ-

218 791 344 830 ρους,
379 774 486 817 ἀλλὰ
514 776 595 816 νῦν
622 773 698 829 μὲν
725 777 920 828 μυθικῶς
947 778 1030 817 νῦν
1057 774 1101 817 δὲ
1129 777 1430 828 παραβολικῶς
1456 777 1639 830 παραδέ-

218 843 361 885 δοται·
405 838 500 882 ἄντὶ
527 838 611 894 γὰρ
639 843 719 881 τοῦ
747 840 879 883 εἰπεῖν
905 839 1047 895 ψυχήν
1074 841 1338 896 τελειοτάτην
1363 842 1436 885 καὶ
1463 845 1549 885 τῶν
1577 844 1639 885 ol-

215 909 344 952 κείων
370 905 590 960 ἐνεργειῶν
618 903 835 960 ἀπροσδεῆ
862 904 929 948 ἐπὶ
956 905 1034 960 τὴν
1060 904 1169 961 ὕλην
1189 905 1353 959 ἐλθεῖν,
1380 907 1544 963 βρέφος
1559 906 1634 963 ἄρ·
1650 918 1691 950 10

214 973 373 1029 τιγενὲς
407 972 453 1015 ἐκ
491 974 573 1013 τοῦ
611 969 796 1020 αὔλακος
835 969 1104 1027 ἀναδοθῆναί
1142 983 1259 1028 φησι.
1319 972 1497 1028 Τάρχων
1531 974 1578 1017 δὲ
1613 974 1637 1017 ὁ

214 1038 501 1095 πρεσβύτερος
530 1037 702 1092 (γέγονε
729 1035 810 1090 γὰρ
840 1035 891 1091 δὴ
919 1037 989 1080 καὶ
1018 1035 1235 1091 νεώτερος,
1264 1038 1332 1080 ἐπὶ
1359 1043 1447 1081 τῶν
1463 1041 1638 1082 Αἰνείου

215 1103 578 1160 στρατευσάμενος
605 1101 801 1157 χρόνων)
829 1101 879 1144 τὸ
907 1104 1081 1151 παιδίον
1109 1102 1338 1157 ἀναλαβών
1365 1106 1436 1147 καὶ
1465 1110 1553 1155 τοῖς
1581 1106 1637 1148 ἱε-

214 1176 309 1226 ροῖς
345 1168 659 1222 ἐναποθέμενος
692 1166 838 1215 τόποις
876 1165 999 1220 ἠξίου
1035 1183 1075 1210 τι
1112 1167 1216 1221 παρ’
1247 1169 1363 1207 mito&
1391 1172 1478 1212 τῶν
1503 1169 1636 1222 ἄπορ-

214 1236 356 1292 ρῆτων
383 1238 551 1290 μαθεῖν.
605 1234 684 1275 τοῦ
713 1231 758 1275 δὲ
787 1232 1043 1286 αἰτουμένου
1070 1233 1206 1287 τυχῶν
1233 1236 1376 1288 βιβλίον
1406 1235 1452 1277 ἐκ
1475 1238 1560 1277 τῶν
1578 1238 1635 1277 εἰ-
1650 1245 1687 1278 15

213 1300 409 1357 ρημένων
447 1296 734 1352 συνέγραψεν,
771 1296 818 1340 ἐν
855 1292 890 1355 ᾧ
925 1298 1188 1341 πυνθάνεται
1216 1299 1293 1353 μὲν
1321 1297 1344 1341 ὁ
1382 1298 1559 1354 Τάρχων
1584 1305 1638 1356 τῇ

213 1372 301 1411 τῶν
331 1365 505 1410 Ἰταλῶν
541 1362 675 1420 ταύτῃ
712 1364 765 1418 τῇ
803 1363 983 1419 συνήθει
1020 1368 1167 1422 φωνῇ,
1215 1363 1490 1418 ἀποκρίνεται
1526 1365 1572 1408 δὲ
1611 1367 1636 1408 ὁ

219 1432 359 1489 Τάγης
394 1431 637 1488 γράμμασιν
682 1428 875 1484 ἄρχαίοις
908 1446 952 1472 τε
991 1431 1064 1474 καὶ
1103 1430 1157 1474 οὐ
1196 1430 1366 1485 σφόδρα
1408 1432 1638 1486 γνωρίμοις

212 1499 318 1555 ἡμῖν
364 1514 412 1554 γε
457 1496 647 1552 ἐμμένων
680 1499 766 1538 τῶν
805 1494 1084 1549 ἀποκρίσεων.
1139 1495 1251 1551 πλήν
1287 1494 1378 1540 ἀλλ’
1417 1496 1524 1539 ὅσον
1561 1513 1635 1551 μοι

209 1566 358 1620 γέγονε
387 1562 590 1614 δυνατόν,
630 1561 677 1605 ἔκ
700 1576 743 1604 τε
771 1564 857 1604 τῶν
884 1561 1077 1605 πεύσεων
1109 1561 1156 1605 ἔκ
1182 1577 1227 1605 τε
1253 1567 1339 1606 τῶν
1367 1559 1505 1605 ἄλλων
1536 1562 1632 1606 ὅσοι
1643 1578 1688 1610 20

208 1629 390 1679 τούτους
437 1627 732 1683 ἦρμήνευσαν,
775 1626 1031 1678 Καπίτωνός
1064 1626 1108 1670 τέ
1143 1645 1254 1683 φημι
1295 1628 1367 1671 καὶ
1407 1631 1633 1683 Φωντηΐου

209 1697 282 1740 καὶ
317 1693 574 1749 Ἀπουληΐου
610 1694 834 1736 Βικελλίου
875 1709 919 1736 τε
953 1694 1025 1737 καὶ
1053 1696 1285 1749 Λαβεῶνος
1312 1695 1383 1737 καὶ
1412 1694 1632 1750 Φιγούλου

210 1762 392 1804 Πλινίου
434 1775 479 1803 τε
524 1762 603 1802 τοῦ
648 1762 860 1814 φυσικοῦ,
906 1759 1161 1816 πειράσομαι
1203 1764 1339 1804 ταῦτα
1375 1760 1484 1815 πρός
1521 1760 1633 1815 ὑμᾶς

209 1829 405 1871 διελθεῖν.

299 1939 318 1971 1
338 1935 552 1979 τετεχθῆναι
568 1934 609 1967 C.
760 1934 806 1967 22
823 1933 1002 1978 βεκελλίου
1018 1935 1061 1968 C.
1105 1935 1166 1969 sed
1181 1935 1261 1969 vide
1278 1934 1369 1969 infra
1383 1934 1426 1968 ad
1444 1946 1475 1968 c.
1493 1934 1550 1969 54.
1581 1935 1629 1969 H.

209 2047 369 2082 puerum,
399 2034 515 2078 specie
535 2033 671 2077 quidem
694 2043 810 2066 eorum
833 2034 892 2085 qui
913 2039 1069 2068 recentes
1095 2046 1117 2068 a
1143 2038 1244 2079 partu
1265 2038 1363 2078 sunt,
1396 2034 1554 2068 dentibus
1575 2038 1630 2068 ta-

208 2093 284 2115 men
306 2081 508 2113 instructum
532 2078 724 2120 ceterisque
752 2082 874 2110 aetatis
899 2078 1033 2112 adultae
1065 2080 1184 2122 signis.
1230 2080 1286 2112 hic
1308 2080 1414 2123 igitur
1445 2090 1530 2124 puer
1555 2085 1630 2112 erat

208 2127 344 2168 Tages,
379 2134 477 2166 quem
501 2124 643 2155 eundem
666 2122 871 2155 Mercurium
894 2122 1039 2157 inferum
1065 2136 1140 2157 esse
1157 2124 1283 2158 Graeci
1307 2124 1507 2169 opinantur,
1541 2123 1630 2157 sicut

205 2169 346 2203 Proclus
369 2167 493 2206 alicubi
518 2167 567 2200 ait
592 2167 799 2200 Diadochus.
846 2166 949 2211 idque
981 2169 1151 2212 allegoriis
1179 2169 1255 2211 lege
1284 2180 1454 2202 sacrorum
1483 2168 1630 2202 velatum

206 2215 293 2248 fuit:
325 2224 436 2256 neque
460 2211 546 2244 enim
570 2211 716 2244 dilucide
741 2223 853 2245 rerum
881 2212 1071 2247 divinarum
1094 2214 1272 2258 disciplina
1294 2219 1435 2258 propter
1455 2214 1630 2257 profanos,

206 2260 268 2293 sed
288 2258 386 2290 modo
410 2255 533 2290 fabulis
556 2257 654 2288 modo
685 2256 856 2299 parabolis
882 2256 1035 2291 involuta
1061 2259 1218 2292 traditur.
1264 2258 1313 2292 ita
1342 2270 1405 2302 pro
1437 2258 1520 2300 hoc,
1546 2257 1628 2290 ani—

205 2315 293 2337 mum
328 2301 610 2345 perfectissimum
639 2301 856 2344 propriisque
877 2302 1095 2337 facultatibus
1119 2303 1253 2336 minime
1280 2308 1433 2346 egentem
1455 2303 1498 2335 ad
1519 2306 1628 2334 mate-

204 2349 290 2381 riam
313 2345 519 2388 accessisse,
542 2344 623 2377 illud
647 2344 717 2387 ait,
741 2346 905 2380 infantem
927 2358 1046 2381 recens
1070 2352 1182 2381 natum
1206 2348 1378 2381 exstitisse
1401 2347 1452 2380 sic
1477 2358 1496 2379 e
1519 2345 1625 2379 sulco.

206 2391 368 2426 Tarchon
393 2390 499 2423 maior
529 2389 627 2431 (nam
651 2388 736 2430 alter
757 2402 892 2435 quoque
914 2390 1088 2426 inferioris
1113 2392 1235 2425 aetatis
1266 2393 1349 2434 fuit,
1380 2391 1518 2424 Aeneae
1539 2395 1625 2423 tem-

204 2436 346 2481 poribus
370 2434 406 2468 in
427 2434 515 2468 bello
539 2436 718 2476 versatus)
752 2446 825 2468 cum
851 2447 993 2479 puerum
1021 2437 1184 2471 sublatum
1206 2436 1289 2469 locis
1315 2435 1423 2468 sacris
1447 2435 1624 2478 deposuis-

205 2486 279 2524 set,
307 2480 396 2524 petit
418 2483 457 2512 ut
476 2479 489 2511 i
514 2489 586 2512 sum
611 2477 693 2522 quid
715 2489 913 2514 arcanorum
937 2483 1089 2515 edoceat.
1135 2491 1222 2524 quae
1243 2484 1427 2523 rogaverat
1452 2480 1624 2524 impetrat.

206 2537 225 2559 e
270 2523 474 2558 ronuntiatis
510 2523 617 2557 ibrum
641 2524 844 2567 conscribit,
865 2525 901 2558 in
922 2536 988 2569 quo
1012 2526 1202 2568 interrogat
1223 2526 1384 2558 Tarchon
1405 2524 1490 2558 Italo
1509 2529 1623 2557 nostro

202 2581 247 2603 vu
262 2569 337 2614 gari
357 2580 529 2610 sermone,
552 2568 737 2611 respondet
759 2570 894 2613 Tages,
918 2570 1036 2604 literas
1063 2575 1214 2604 vetustas
1240 2581 1351 2613 neque
1370 2570 1421 2602 ita
1440 2569 1539 2602 nobis
1563 2580 1620 2602 co-

201 2615 315 2658 gnitas
333 2614 484 2647 retinens
509 2613 544 2645 in
568 2613 756 2656 responsis.
802 2616 862 2647 sed
885 2619 1018 2658 tamen,
1055 2619 1212 2659 quantum
1234 2614 1270 2647 in
1293 2626 1346 2647 me
1366 2613 1450 2656 suit,
1485 2625 1559 2647 cum
1580 2625 1622 2647 ex

199 2658 545 2702 interrogationibus,
568 2663 638 2690 tum
658 2669 700 2690 ex
719 2658 915 2692 auctoribus
938 2660 1013 2692 aliis
1036 2660 1094 2704 qui
1116 2659 1177 2691 hos
1198 2658 1416 2703 interpretati
1439 2664 1535 2700 sunt,
1557 2658 1622 2691 hoc

202 2709 257 2737 est
279 2714 322 2737 ex
343 2702 442 2736 Ateio
463 2702 650 2747 Capitone,
679 2703 844 2746 Fonteio,
868 2703 1042 2748 LApuleio
1055 2730 1064 2748 ,
1088 2704 1252 2748 Vicellio,
1277 2703 1425 2738 Antistio
1447 2703 1620 2743 Labeone,

200 2748 263 2780 ΡΝ
266 2747 371 2790 igidio
391 2747 534 2792 Figulo,
557 2747 699 2782 CPlinio
717 2748 879 2785 naturalis
897 2749 1061 2784 historiae
1083 2749 1251 2795 scriptore
1263 2775 1274 2795 ,
1297 2749 1447 2783 conabor
1464 2758 1506 2782 ea
1522 2746 1620 2781 vobis

201 2803 375 2828 enarrare.
