<?xml version="1.0" encoding="UTF-8"?>
<!DOCTYPE html PUBLIC "-//W3C//DTD XHTML 1.0 Transitional//EN"
    "http://www.w3.org/TR/xhtml1/DTD/xhtml1-transitional.dtd">
<html xmlns="http://www.w3.org/1999/xhtml" xml:lang="en" lang="en">
 <head>
  <title>
</title>
<meta http-equiv="Content-Type" content="text/html;charset=utf-8" />
  <meta name='ocr-system' content='tesseract 3.04.00' />
  <meta name='ocr-capabilities' content='ocr_page ocr_carea ocr_par ocr_line ocrx_word'/>
</head>
<body>
  <div class='ocr_page' id='page_1' title='image "./corpusscriptorum27niebuoft/corpusscriptorum27niebuoft_0309.png"; bbox 0 0 1748 3210; ppageno 0'>
   <div class='ocr_carea' id='block_1_1' title="bbox 369 172 1581 243">
    <p class='ocr_par' dir='ltr' id='par_1_1' title="bbox 369 172 1581 268">
     <span class='ocr_line' id='line_1_1' title="bbox 369 172 1581 243; baseline 0 0"><span class='ocrx_word' id='word_1_1' title='bbox 369 200 444 243; x_wconf 89' lang='lat' dir='ltr'><strong><em>DE</em></strong></span> <span class='ocrx_word' id='word_1_2' title='bbox 476 195 924 242; x_wconf 68' lang='lat' dir='ltr'>nnGISTRATIBUS</span> <span class='ocrx_word' id='word_1_3' title='bbox 957 196 1004 238; x_wconf 88' lang='lat' dir='ltr'><strong><em>P.</em></strong></span> <span class='ocrx_word' id='word_1_4' title='bbox 1036 194 1090 238; x_wconf 86' lang='lat' dir='ltr'><strong><em>R.</em></strong></span> <span class='ocrx_word' id='word_1_5' title='bbox 1123 193 1229 237; x_wconf 79' lang='lat' dir='ltr'><strong>Lm.</strong></span> <span class='ocrx_word' id='word_1_6' title='bbox 1261 172 1342 238; x_wconf 87' lang='lat'><strong><em>111</em></strong></span> <span class='ocrx_word' id='word_1_7' title='bbox 1484 197 1581 243; x_wconf 78' lang='lat'><strong><em>239</em></strong></span> 
     </span>
    </p>
   </div>
   <div class='ocr_carea' id='block_1_2' title="bbox 58 308 1620 2004">
    <p class='ocr_par' dir='ltr' id='par_1_2' title="bbox 58 308 1620 2004">
     <span class='ocr_line' id='line_1_2' title="bbox 115 308 1582 373; baseline -0.003 -15"><span class='ocrx_word' id='word_1_8' title='bbox 115 316 205 373; x_wconf 50' lang='grc' dir='ltr'><strong><em>Ι,φῆν</em></strong></span> <span class='ocrx_word' id='word_1_9' title='bbox 222 315 396 371; x_wconf 75' lang='grc' dir='ltr'><strong><em>ἠξίωσαν</em></strong></span> <span class='ocrx_word' id='word_1_10' title='bbox 404 347 418 366; x_wconf 95' lang='grc'><strong><em>,</em></strong></span> <span class='ocrx_word' id='word_1_11' title='bbox 458 313 665 368; x_wconf 75' lang='grc' dir='ltr'><strong><em>ποταμοὺς</em></strong></span> <span class='ocrx_word' id='word_1_12' title='bbox 683 311 711 368; x_wconf 77' lang='grc' dir='ltr'><em>ἢ</em></span> <span class='ocrx_word' id='word_1_13' title='bbox 729 309 835 367; x_wconf 77' lang='grc' dir='ltr'><strong><em>τάχα</em></strong></span> <span class='ocrx_word' id='word_1_14' title='bbox 854 309 1069 356; x_wconf 76' lang='grc' dir='ltr'><strong><em>θάλασσαν</em></strong></span> <span class='ocrx_word' id='word_1_15' title='bbox 1087 311 1184 366; x_wconf 81' lang='grc' dir='ltr'><strong><em>ὅλην</em></strong></span> <span class='ocrx_word' id='word_1_16' title='bbox 1199 308 1359 369; x_wconf 68' lang='grc' dir='ltr'><strong><em>βλύζειν</em></strong></span> <span class='ocrx_word' id='word_1_17' title='bbox 1381 310 1516 361; x_wconf 73' lang='grc' dir='ltr'><strong><em>αὐτοῖς</em></strong></span> <span class='ocrx_word' id='word_1_18' title='bbox 1535 311 1582 355; x_wconf 78' lang='grc' dir='ltr'><strong><em>τὸ</em></strong></span> 
     </span>
     <span class='ocr_line' id='line_1_3' title="bbox 124 382 491 444; baseline -0.005 -17"><span class='ocrx_word' id='word_1_19' title='bbox 124 386 290 444; x_wconf 75' lang='grc' dir='ltr'><strong><em>χρυσίον</em></strong></span> <span class='ocrx_word' id='word_1_20' title='bbox 306 382 491 437; x_wconf 77' lang='grc' dir='ltr'><strong><em>οῗόμενοι.</em></strong></span> 
     </span>
     <span class='ocr_line' id='line_1_4' title="bbox 260 446 1581 506; baseline -0.005 -11"><span class='ocrx_word' id='word_1_21' title='bbox 260 451 340 498; x_wconf 84' lang='grc'><strong><em>46.</em></strong></span> <span class='ocrx_word' id='word_1_22' title='bbox 408 452 585 505; x_wconf 77' lang='grc' dir='ltr'><strong><em>Νέμασα</em></strong></span> <span class='ocrx_word' id='word_1_23' title='bbox 607 450 648 492; x_wconf 73' lang='grc' dir='ltr'><strong><em>δ’</em></strong></span> <span class='ocrx_word' id='word_1_24' title='bbox 676 446 843 505; x_wconf 79' lang='grc' dir='ltr'><strong><em>οιμωςῆ</em></strong></span> <span class='ocrx_word' id='word_1_25' title='bbox 867 447 988 504; x_wconf 82' lang='grc' dir='ltr'><strong><em>τύχη,</em></strong></span> <span class='ocrx_word' id='word_1_26' title='bbox 1030 450 1098 491; x_wconf 82' lang='grc' dir='ltr'><strong><em>καὶ</em></strong></span> <span class='ocrx_word' id='word_1_27' title='bbox 1121 453 1257 506; x_wconf 83' lang='grc' dir='ltr'><strong><em>σκοπῷ</em></strong></span> <span class='ocrx_word' id='word_1_28' title='bbox 1278 446 1510 502; x_wconf 84' lang='grc' dir='ltr'><strong><em>διοικήσεως</em></strong></span> <span class='ocrx_word' id='word_1_29' title='bbox 1530 446 1581 490; x_wconf 79' lang='grc' dir='ltr'><strong><em>τὰ</em></strong></span> 
     </span>
     <span class='ocr_line' id='line_1_5' title="bbox 126 515 1581 578; baseline -0.004 -14"><span class='ocrx_word' id='word_1_30' title='bbox 126 525 248 578; x_wconf 73' lang='grc' dir='ltr'><strong><em>νεῦρα</em></strong></span> <span class='ocrx_word' id='word_1_31' title='bbox 267 520 463 577; x_wconf 72' lang='grc' dir='ltr'><strong><em>παρέλυσε</em></strong></span> <span class='ocrx_word' id='word_1_32' title='bbox 486 525 558 574; x_wconf 76' lang='grc' dir='ltr'><strong><em>τῆς</em></strong></span> <span class='ocrx_word' id='word_1_33' title='bbox 578 521 790 568; x_wconf 83' lang='grc' dir='ltr'><strong><em>πολιτείας.</em></strong></span> <span class='ocrx_word' id='word_1_34' title='bbox 833 522 913 559; x_wconf 83' lang='grc' dir='ltr'><strong><em>τῶν</em></strong></span> <span class='ocrx_word' id='word_1_35' title='bbox 934 518 1011 574; x_wconf 84' lang='grc' dir='ltr'><strong><em>γὰρ</em></strong></span> <span class='ocrx_word' id='word_1_36' title='bbox 1028 521 1296 571; x_wconf 78' lang='grc' dir='ltr'><strong><em>βουλευτικῶν</em></strong></span> <span class='ocrx_word' id='word_1_37' title='bbox 1314 515 1581 571; x_wconf 80' lang='grc' dir='ltr'><em>συστημάτων</em></span> 
     </span>
     <span class='ocr_line' id='line_1_6' title="bbox 93 585 1578 643; baseline -0.003 -12"><span class='ocrx_word' id='word_1_38' title='bbox 93 587 380 636; x_wconf 61' lang='grc' dir='ltr'><strong><em>εδιοικούντων</em></strong></span> <span class='ocrx_word' id='word_1_39' title='bbox 397 588 470 638; x_wconf 79' lang='grc' dir='ltr'><strong><em>τὰς</em></strong></span> <span class='ocrx_word' id='word_1_40' title='bbox 489 586 622 638; x_wconf 81' lang='grc' dir='ltr'><strong><em>πόλεις</em></strong></span> <span class='ocrx_word' id='word_1_41' title='bbox 644 589 710 628; x_wconf 83' lang='grc' dir='ltr'><strong><em>καὶ</em></strong></span> <span class='ocrx_word' id='word_1_42' title='bbox 726 586 796 629; x_wconf 84' lang='grc' dir='ltr'><strong><em>τὸν</em></strong></span> <span class='ocrx_word' id='word_1_43' title='bbox 809 585 1057 643; x_wconf 72' lang='grc' dir='ltr'><em>στρατιώτην</em></span> <span class='ocrx_word' id='word_1_44' title='bbox 1071 585 1378 642; x_wconf 79' lang='grc' dir='ltr'><strong><em>ἀποτρεφόντων</em></strong></span> <span class='ocrx_word' id='word_1_45' title='bbox 1395 587 1460 627; x_wconf 81' lang='grc' dir='ltr'><strong><em>καὶ</em></strong></span> <span class='ocrx_word' id='word_1_46' title='bbox 1480 586 1578 639; x_wconf 85' lang='grc' dir='ltr'><strong><em>ἀλη-</em></strong></span> 
     </span>
     <span class='ocr_line' id='line_1_7' title="bbox 122 653 1582 712; baseline -0.005 -11"><span class='ocrx_word' id='word_1_47' title='bbox 122 662 214 708; x_wconf 73' lang='grc' dir='ltr'><strong><em>θῶς</em></strong></span> <span class='ocrx_word' id='word_1_48' title='bbox 232 657 544 711; x_wconf 74' lang='grc' dir='ltr'><strong><em>πολιτευομένων</em></strong></span> <span class='ocrx_word' id='word_1_49' title='bbox 562 662 646 706; x_wconf 81' lang='grc' dir='ltr'><strong><em>τοῖς</em></strong></span> <span class='ocrx_word' id='word_1_50' title='bbox 664 653 886 712; x_wconf 82' lang='grc' dir='ltr'><strong><em>πράγμασι,</em></strong></span> <span class='ocrx_word' id='word_1_51' title='bbox 913 654 1107 711; x_wconf 84' lang='grc' dir='ltr'><strong><em>Μαρΐνός</em></strong></span> <span class='ocrx_word' id='word_1_52' title='bbox 1122 672 1182 704; x_wconf 90' lang='grc' dir='ltr'><strong><em>τις</em></strong></span> <span class='ocrx_word' id='word_1_53' title='bbox 1202 656 1245 696; x_wconf 70' lang='grc' dir='ltr'><strong><em>ἐκ</em></strong></span> <span class='ocrx_word' id='word_1_54' title='bbox 1262 659 1341 697; x_wconf 78' lang='grc' dir='ltr'><strong><em>τῶν</em></strong></span> <span class='ocrx_word' id='word_1_55' title='bbox 1362 655 1582 709; x_wconf 77' lang='grc' dir='ltr'><strong><em>λεγομείἰον</em></strong></span> 
     </span>
     <span class='ocr_line' id='line_1_8' title="bbox 124 722 1588 783; baseline -0.004 -14"><span class='ocrx_word' id='word_1_56' title='bbox 124 727 378 783; x_wconf 88' lang='grc' dir='ltr'><strong><em>σκρινιαρίων</em></strong></span> <span class='ocrx_word' id='word_1_57' title='bbox 403 729 474 779; x_wconf 80' lang='grc' dir='ltr'><strong><em>τῆς</em></strong></span> <span class='ocrx_word' id='word_1_58' title='bbox 501 722 604 781; x_wconf 70' lang='grc' dir='ltr'><strong><em>ἑῴας</em></strong></span> <span class='ocrx_word' id='word_1_59' title='bbox 629 722 862 779; x_wconf 76' lang='grc' dir='ltr'><strong><em>διοικήσεως</em></strong></span> <span class='ocrx_word' id='word_1_60' title='bbox 885 724 1104 781; x_wconf 71' lang='grc' dir='ltr'><strong><em>παρεισδὺς</em></strong></span> <span class='ocrx_word' id='word_1_61' title='bbox 1129 723 1317 777; x_wconf 76' lang='grc' dir='ltr'><strong><em>ἐντέχνως</em></strong></span> <span class='ocrx_word' id='word_1_62' title='bbox 1342 727 1399 780; x_wconf 76' lang='grc' dir='ltr'><strong><em>τῷ</em></strong></span> <span class='ocrx_word' id='word_1_63' title='bbox 1423 726 1588 776; x_wconf 80' lang='grc' dir='ltr'><strong><em>βασιλεῖ</em></strong></span> 
     </span>
     <span class='ocr_line' id='line_1_9' title="bbox 123 790 1581 850; baseline -0.003 -13"><span class='ocrx_word' id='word_1_64' title='bbox 123 796 331 838; x_wconf 71' lang='grc' dir='ltr'><strong><em>ἀναπείθει</em></strong></span> <span class='ocrx_word' id='word_1_65' title='bbox 351 798 484 835; x_wconf 78' lang='grc' dir='ltr'><strong><em>πᾶσαν</em></strong></span> <span class='ocrx_word' id='word_1_66' title='bbox 505 793 613 850; x_wconf 75' lang='grc' dir='ltr'><strong><em>αὐτῷ</em></strong></span> <span class='ocrx_word' id='word_1_67' title='bbox 633 792 705 846; x_wconf 82' lang='grc' dir='ltr'><strong><em>τὴν</em></strong></span> <span class='ocrx_word' id='word_1_68' title='bbox 723 793 945 843; x_wconf 77' lang='grc' dir='ltr'><strong><em>πολιτείαν,</em></strong></span> <span class='ocrx_word' id='word_1_69' title='bbox 981 794 1280 848; x_wconf 80' lang='grc' dir='ltr'><strong><em>διαψηφίσαντι</em></strong></span> <span class='ocrx_word' id='word_1_70' title='bbox 1303 792 1396 841; x_wconf 74' lang='grc' dir='ltr'><strong><em>τοὺς</em></strong></span> <span class='ocrx_word' id='word_1_71' title='bbox 1415 790 1581 848; x_wconf 73' lang='grc' dir='ltr'><strong><em>φόρους,</em></strong></span> 
     </span>
     <span class='ocr_line' id='line_1_10' title="bbox 122 859 1580 917; baseline -0.003 -12"><span class='ocrx_word' id='word_1_72' title='bbox 122 867 455 913; x_wconf 82' lang='grc' dir='ltr'><strong><em>καταπιστεῦσαι,</em></strong></span> <span class='ocrx_word' id='word_1_73' title='bbox 491 859 742 916; x_wconf 80' lang='grc' dir='ltr'><strong><em>ὁμολογήσας</em></strong></span> <span class='ocrx_word' id='word_1_74' title='bbox 756 863 926 917; x_wconf 83' lang='grc' dir='ltr'><strong><em>χρυσίον</em></strong></span> <span class='ocrx_word' id='word_1_75' title='bbox 946 865 1005 917; x_wconf 74' lang='grc' dir='ltr'><strong><em>τῷ</em></strong></span> <span class='ocrx_word' id='word_1_76' title='bbox 1021 864 1187 914; x_wconf 81' lang='grc' dir='ltr'><strong><em>βασιλεῖ</em></strong></span> <span class='ocrx_word' id='word_1_77' title='bbox 1197 867 1424 917; x_wconf 82' lang='grc' dir='ltr'><strong><em>περιποιεῖν.</em></strong></span> <span class='ocrx_word' id='word_1_78' title='bbox 1461 865 1580 916; x_wconf 76' lang='grc' dir='ltr'><strong><em>φιλο-</em></strong></span> 
     </span>
     <span class='ocr_line' id='line_1_11' title="bbox 67 925 1579 988; baseline -0.004 -13"><span class='ocrx_word' id='word_1_79' title='bbox 67 941 113 976; x_wconf 84' lang='grc'><strong><em>10</em></strong></span> <span class='ocrx_word' id='word_1_80' title='bbox 123 931 270 988; x_wconf 85' lang='grc' dir='ltr'><strong><em>κερδὴς</em></strong></span> <span class='ocrx_word' id='word_1_81' title='bbox 289 931 332 972; x_wconf 73' lang='grc' dir='ltr'><strong><em>δὲ</em></strong></span> <span class='ocrx_word' id='word_1_82' title='bbox 348 931 478 986; x_wconf 73' lang='grc' dir='ltr'><strong><em>ἠρέμα</em></strong></span> <span class='ocrx_word' id='word_1_83' title='bbox 494 928 703 984; x_wconf 75' lang='grc' dir='ltr'><strong><em>ἐτύγχανεν</em></strong></span> <span class='ocrx_word' id='word_1_84' title='bbox 721 930 865 978; x_wconf 74' lang='grc' dir='ltr'><strong><em>ἐκεῖνος</em></strong></span> <span class='ocrx_word' id='word_1_85' title='bbox 885 925 952 969; x_wconf 76' lang='grc' dir='ltr'><strong><em>οἷα</em></strong></span> <span class='ocrx_word' id='word_1_86' title='bbox 979 927 1232 977; x_wconf 82' lang='grc' dir='ltr'><strong><em>Ταυλάντιος</em></strong></span> <span class='ocrx_word' id='word_1_87' title='bbox 1252 930 1317 969; x_wconf 83' lang='grc' dir='ltr'><strong><em>καὶ</em></strong></span> <span class='ocrx_word' id='word_1_88' title='bbox 1333 928 1579 981; x_wconf 70' lang='grc' dir='ltr'><strong><em>Ἐπιδάμνου</em></strong></span> 
     </span>
     <span class='ocr_line' id='line_1_12' title="bbox 120 995 1579 1056; baseline -0.003 -14"><span class='ocrx_word' id='word_1_89' title='bbox 120 1005 195 1056; x_wconf 83' lang='grc' dir='ltr'><strong><em>τῆς</em></strong></span> <span class='ocrx_word' id='word_1_90' title='bbox 206 1000 440 1055; x_wconf 72' lang='grc' dir='ltr'><strong><em>Ἰλλυρίδος*</em></strong></span> <span class='ocrx_word' id='word_1_91' title='bbox 467 995 701 1054; x_wconf 75' lang='grc' dir='ltr'><strong><em>Δυρράχιον</em></strong></span> <span class='ocrx_word' id='word_1_92' title='bbox 721 996 846 1051; x_wconf 77' lang='grc' dir='ltr'><strong><em>αὐτὴν</em></strong></span> <span class='ocrx_word' id='word_1_93' title='bbox 869 998 1026 1052; x_wconf 77' lang='grc' dir='ltr'><strong><em>Κρῆτες</em></strong></span> <span class='ocrx_word' id='word_1_94' title='bbox 1043 995 1332 1051; x_wconf 75' lang='grc' dir='ltr'><strong><em>ἀποικήσαντες</em></strong></span> <span class='ocrx_word' id='word_1_95' title='bbox 1351 998 1434 1038; x_wconf 74' lang='grc' dir='ltr'><strong><em>ἐκεῖ</em></strong></span> <span class='ocrx_word' id='word_1_96' title='bbox 1451 1013 1579 1052; x_wconf 91' lang='grc' dir='ltr'><strong><em>προσ-</em></strong></span> 
     </span>
     <span class='ocr_line' id='line_1_13' title="bbox 119 1063 1579 1125; baseline -0.004 -14"><span class='ocrx_word' id='word_1_97' title='bbox 119 1067 354 1125; x_wconf 78' lang='grc' dir='ltr'><strong><em>ηγόρευσαν,</em></strong></span> <span class='ocrx_word' id='word_1_98' title='bbox 384 1065 462 1108; x_wconf 83' lang='grc' dir='ltr'><strong><em>ἀπὸ</em></strong></span> <span class='ocrx_word' id='word_1_99' title='bbox 480 1063 724 1121; x_wconf 83' lang='grc' dir='ltr'><strong><em>Λουρράχου</em></strong></span> <span class='ocrx_word' id='word_1_100' title='bbox 741 1063 829 1107; x_wconf 86' lang='grc' dir='ltr'><strong><em>τότε</em></strong></span> <span class='ocrx_word' id='word_1_101' title='bbox 845 1063 1130 1118; x_wconf 79' lang='grc' dir='ltr'><strong><em>βασιλεύοντος</em></strong></span> <span class='ocrx_word' id='word_1_102' title='bbox 1149 1067 1336 1120; x_wconf 79' lang='grc' dir='ltr'><strong><em>Κρητῶν,</em></strong></span> <span class='ocrx_word' id='word_1_103' title='bbox 1370 1063 1424 1114; x_wconf 77' lang='grc' dir='ltr'><strong><em>ὡς</em></strong></span> <span class='ocrx_word' id='word_1_104' title='bbox 1442 1063 1462 1106; x_wconf 83' lang='grc' dir='ltr'>ὅ</span> <span class='ocrx_word' id='word_1_105' title='bbox 1478 1063 1579 1106; x_wconf 83' lang='grc' dir='ltr'><strong><em>Ῥω-</em></strong></span> 
     </span>
     <span class='ocr_line' id='line_1_14' title="bbox 117 1133 1577 1191; baseline -0.003 -13"><span class='ocrx_word' id='word_1_106' title='bbox 117 1142 239 1191; x_wconf 76' lang='grc' dir='ltr'><strong><em>μαῖος</em></strong></span> <span class='ocrx_word' id='word_1_107' title='bbox 257 1133 476 1183; x_wconf 82' lang='grc' dir='ltr'><strong><em>Λουκανός</em></strong></span> <span class='ocrx_word' id='word_1_108' title='bbox 509 1133 550 1175; x_wconf 77' lang='grc' dir='ltr'><strong><em>ἒν</em></strong></span> <span class='ocrx_word' id='word_1_109' title='bbox 579 1138 628 1189; x_wconf 81' lang='grc' dir='ltr'><strong><em>τῇ</em></strong></span> <span class='ocrx_word' id='word_1_110' title='bbox 661 1135 826 1191; x_wconf 71' lang='grc' dir='ltr'><strong><em>δευτέρᾳ</em></strong></span> <span class='ocrx_word' id='word_1_111' title='bbox 856 1137 936 1176; x_wconf 81' lang='grc' dir='ltr'><strong><em>τῶν</em></strong></span> <span class='ocrx_word' id='word_1_112' title='bbox 964 1134 1167 1189; x_wconf 65' lang='grc' dir='ltr'><strong><em>ἐμφυλίων</em></strong></span> <span class='ocrx_word' id='word_1_113' title='bbox 1199 1135 1334 1189; x_wconf 77' lang='grc' dir='ltr'><strong><em>φησίν,</em></strong></span> <span class='ocrx_word' id='word_1_114' title='bbox 1364 1133 1577 1190; x_wconf 76' lang='grc' dir='ltr'><strong><em>η’Κυρκυ-</em></strong></span> 
     </span>
     <span class='ocr_line' id='line_1_15' title="bbox 119 1197 1578 1262; baseline -0.003 -16"><span class='ocrx_word' id='word_1_115' title='bbox 119 1211 224 1262; x_wconf 81' lang='grc' dir='ltr'><strong><em>ραΐοι</em></strong></span> <span class='ocrx_word' id='word_1_116' title='bbox 246 1204 478 1259; x_wconf 73' lang='grc' dir='ltr'><strong><em>Κορινθίων</em></strong></span> <span class='ocrx_word' id='word_1_117' title='bbox 498 1201 656 1243; x_wconf 77' lang='grc' dir='ltr'><strong><em>ἄποικοι</em></strong></span> <span class='ocrx_word' id='word_1_118' title='bbox 676 1201 780 1243; x_wconf 80' lang='grc' dir='ltr'><strong><em>κατὰ</em></strong></span> <span class='ocrx_word' id='word_1_119' title='bbox 797 1201 866 1242; x_wconf 82' lang='grc' dir='ltr'><strong><em>τὸν</em></strong></span> <span class='ocrx_word' id='word_1_120' title='bbox 888 1203 1137 1258; x_wconf 76' lang='grc' dir='ltr'><strong><em>συγγραφέα.</em></strong></span> <span class='ocrx_word' id='word_1_121' title='bbox 1167 1203 1233 1242; x_wconf 81' lang='grc' dir='ltr'><strong><em>καὶ</em></strong></span> <span class='ocrx_word' id='word_1_122' title='bbox 1256 1203 1381 1251; x_wconf 76' lang='grc' dir='ltr'><strong><em>πολὺς</em></strong></span> <span class='ocrx_word' id='word_1_123' title='bbox 1396 1197 1444 1256; x_wconf 72' lang='grc' dir='ltr'><strong><em>ἧν</em></strong></span> <span class='ocrx_word' id='word_1_124' title='bbox 1461 1201 1578 1256; x_wconf 78' lang='grc' dir='ltr'><strong><em>λόγος</em></strong></span> 
     </span>
     <span class='ocr_line' id='line_1_16' title="bbox 63 1267 1577 1327; baseline -0.004 -10"><span class='ocrx_word' id='word_1_125' title='bbox 63 1282 108 1318; x_wconf 84' lang='lat'><strong><em>15</em></strong></span> <span class='ocrx_word' id='word_1_126' title='bbox 121 1273 342 1327; x_wconf 79' lang='grc' dir='ltr'><strong><em>ἀπληστίας</em></strong></span> <span class='ocrx_word' id='word_1_127' title='bbox 361 1275 593 1326; x_wconf 82' lang='grc' dir='ltr'><strong><em>κατηγορῶν</em></strong></span> <span class='ocrx_word' id='word_1_128' title='bbox 611 1269 680 1311; x_wconf 77' lang='grc' dir='ltr'><strong><em>τὸν</em></strong></span> <span class='ocrx_word' id='word_1_129' title='bbox 694 1267 955 1311; x_wconf 82' lang='grc' dir='ltr'><strong><em>Ἀναστάσιον</em></strong></span> <span class='ocrx_word' id='word_1_130' title='bbox 964 1301 976 1320; x_wconf 90' lang='grc'><strong><em>,</em></strong></span> <span class='ocrx_word' id='word_1_131' title='bbox 1019 1267 1073 1319; x_wconf 80' lang='grc' dir='ltr'><strong><em>ὡς</em></strong></span> <span class='ocrx_word' id='word_1_132' title='bbox 1101 1271 1167 1311; x_wconf 84' lang='grc' dir='ltr'><strong><em>καὶ</em></strong></span> <span class='ocrx_word' id='word_1_133' title='bbox 1196 1270 1366 1324; x_wconf 75' lang='grc' dir='ltr'><strong><em>ἐλεγείας</em></strong></span> <span class='ocrx_word' id='word_1_134' title='bbox 1387 1270 1497 1319; x_wconf 78' lang='grc' dir='ltr'><strong><em>τινὰς</em></strong></span> <span class='ocrx_word' id='word_1_135' title='bbox 1514 1272 1577 1311; x_wconf 74' lang='grc' dir='ltr'><strong><em>ἐπὶ</em></strong></span> 
     </span>
     <span class='ocr_line' id='line_1_17' title="bbox 116 1335 1578 1395; baseline -0.004 -11"><span class='ocrx_word' id='word_1_136' title='bbox 116 1346 188 1384; x_wconf 81' lang='grc' dir='ltr'><strong><em>τοῦ</em></strong></span> <span class='ocrx_word' id='word_1_137' title='bbox 213 1340 478 1395; x_wconf 76' lang='grc' dir='ltr'><strong><em>ἲπποδρομιόυ</em></strong></span> <span class='ocrx_word' id='word_1_138' title='bbox 497 1339 742 1392; x_wconf 75' lang='grc' dir='ltr'><strong><em>ἀνατεθῆναι</em></strong></span> <span class='ocrx_word' id='word_1_139' title='bbox 763 1337 864 1394; x_wconf 84' lang='grc' dir='ltr'><strong><em>πρὸς</em></strong></span> <span class='ocrx_word' id='word_1_140' title='bbox 882 1342 952 1379; x_wconf 83' lang='grc' dir='ltr'><strong><em>τοῦ</em></strong></span> <span class='ocrx_word' id='word_1_141' title='bbox 972 1335 1102 1391; x_wconf 76' lang='grc' dir='ltr'><strong><em>δήμου</em></strong></span> <span class='ocrx_word' id='word_1_142' title='bbox 1123 1339 1219 1380; x_wconf 69' lang='grc' dir='ltr'><strong><em>κατ’</em></strong></span> <span class='ocrx_word' id='word_1_143' title='bbox 1249 1339 1372 1380; x_wconf 74' lang='grc' dir='ltr'><strong><em>αἰτοῦ</em></strong></span> <span class='ocrx_word' id='word_1_144' title='bbox 1383 1371 1396 1389; x_wconf 89' lang='grc'><strong><em>,</em></strong></span> <span class='ocrx_word' id='word_1_145' title='bbox 1428 1337 1578 1387; x_wconf 80' lang='grc' dir='ltr'><strong><em>εἰκόνος</em></strong></span> 
     </span>
     <span class='ocr_line' id='line_1_18' title="bbox 117 1405 1576 1467; baseline -0.004 -15"><span class='ocrx_word' id='word_1_146' title='bbox 117 1411 226 1467; x_wconf 77' lang='grc' dir='ltr'><strong><em>αὐτῷ</em></strong></span> <span class='ocrx_word' id='word_1_147' title='bbox 262 1409 433 1463; x_wconf 75' lang='grc' dir='ltr'><strong><em>σιδηρᾶς</em></strong></span> <span class='ocrx_word' id='word_1_148' title='bbox 470 1407 533 1447; x_wconf 74' lang='grc' dir='ltr'><strong><em>ἐπὶ</em></strong></span> <span class='ocrx_word' id='word_1_149' title='bbox 566 1411 638 1446; x_wconf 81' lang='grc' dir='ltr'><strong><em>τοῦ</em></strong></span> <span class='ocrx_word' id='word_1_150' title='bbox 670 1405 922 1462; x_wconf 74' lang='grc' dir='ltr'><strong><em>ἱπποδρόμου</em></strong></span> <span class='ocrx_word' id='word_1_151' title='bbox 957 1407 1228 1461; x_wconf 74' lang='grc' dir='ltr'><strong><em>ἀνατεθείσης.</em></strong></span> <span class='ocrx_word' id='word_1_152' title='bbox 1302 1407 1339 1448; x_wconf 75' lang='grc' dir='ltr'><strong><em>οἳ</em></strong></span> <span class='ocrx_word' id='word_1_153' title='bbox 1372 1407 1416 1448; x_wconf 75' lang='grc' dir='ltr'><strong><em>δὲ</em></strong></span> <span class='ocrx_word' id='word_1_154' title='bbox 1450 1408 1576 1460; x_wconf 87' lang='grc' dir='ltr'><strong><em>στίχοι</em></strong></span> 
     </span>
     <span class='ocr_line' id='line_1_19' title="bbox 114 1473 1575 1532; baseline -0.003 -12"><span class='ocrx_word' id='word_1_155' title='bbox 114 1484 186 1520; x_wconf 78' lang='grc' dir='ltr'><strong><em>τοῦ</em></strong></span> <span class='ocrx_word' id='word_1_156' title='bbox 206 1476 417 1532; x_wconf 78' lang='grc' dir='ltr'><strong><em>λεγομένου</em></strong></span> <span class='ocrx_word' id='word_1_157' title='bbox 441 1474 552 1532; x_wconf 77' lang='grc' dir='ltr'><strong><em>παρὰ</em></strong></span> <span class='ocrx_word' id='word_1_158' title='bbox 573 1475 646 1528; x_wconf 75' lang='grc' dir='ltr'><strong><em>μὲν</em></strong></span> <span class='ocrx_word' id='word_1_159' title='bbox 668 1473 880 1528; x_wconf 87' lang='grc' dir='ltr'><strong><em>Ῥωμαίοις</em></strong></span> <span class='ocrx_word' id='word_1_160' title='bbox 898 1473 1098 1532; x_wconf 82' lang='grc' dir='ltr'><strong><em>φαμώσου</em></strong></span> <span class='ocrx_word' id='word_1_161' title='bbox 1122 1477 1224 1518; x_wconf 66' lang='grc' dir='ltr'><strong><em>καθ’</em></strong></span> <span class='ocrx_word' id='word_1_162' title='bbox 1252 1474 1360 1531; x_wconf 68' lang='grc' dir='ltr'><strong><em>ἡμᾶς</em></strong></span> <span class='ocrx_word' id='word_1_163' title='bbox 1382 1477 1424 1518; x_wconf 78' lang='grc' dir='ltr'><em>δέ</em></span> <span class='ocrx_word' id='word_1_164' title='bbox 1443 1480 1575 1529; x_wconf 81' lang='grc' dir='ltr'><strong><em>βλασ-</em></strong></span> 
     </span>
     <span class='ocr_line' id='line_1_20' title="bbox 114 1546 385 1603; baseline -0.022 -13"><span class='ocrx_word' id='word_1_165' title='bbox 114 1549 268 1603; x_wconf 79' lang='grc' dir='ltr'><strong><em>φημίας</em></strong></span> <span class='ocrx_word' id='word_1_166' title='bbox 290 1546 385 1586; x_wconf 74' lang='grc' dir='ltr'><strong><em>οἵδε.</em></strong></span> 
     </span>
     <span class='ocr_line' id='line_1_21' title="bbox 58 1609 1353 1670; baseline -0.002 -14"><span class='ocrx_word' id='word_1_167' title='bbox 58 1627 105 1661; x_wconf 80' lang='lat'><strong><em>20</em></strong></span> <span class='ocrx_word' id='word_1_168' title='bbox 281 1611 412 1656; x_wconf 74' lang='grc' dir='ltr'><strong><em>εἰκόνα</em></strong></span> <span class='ocrx_word' id='word_1_169' title='bbox 433 1611 518 1662; x_wconf 91' lang='grc' dir='ltr'><strong><em>σοί,</em></strong></span> <span class='ocrx_word' id='word_1_170' title='bbox 546 1615 715 1665; x_wconf 79' lang='grc' dir='ltr'><strong><em>βασιλεῦ’</em></strong></span> <span class='ocrx_word' id='word_1_171' title='bbox 735 1609 1020 1669; x_wconf 75' lang='grc' dir='ltr'><strong><em>κοσμοφθόρε,</em></strong></span> <span class='ocrx_word' id='word_1_172' title='bbox 1046 1610 1163 1667; x_wconf 74' lang='grc' dir='ltr'><strong><em>τήνδε</em></strong></span> <span class='ocrx_word' id='word_1_173' title='bbox 1182 1611 1353 1670; x_wconf 71' lang='grc' dir='ltr'><strong><em>σιδήρου</em></strong></span> 
     </span>
     <span class='ocr_line' id='line_1_22' title="bbox 363 1674 1227 1737; baseline -0.002 -13"><span class='ocrx_word' id='word_1_174' title='bbox 363 1678 566 1735; x_wconf 79' lang='grc' dir='ltr'><strong><em>στήσαμεν</em></strong></span> <span class='ocrx_word' id='word_1_175' title='bbox 588 1677 642 1730; x_wconf 81' lang='grc' dir='ltr'><strong><em>ὡς</em></strong></span> <span class='ocrx_word' id='word_1_176' title='bbox 654 1683 810 1735; x_wconf 83' lang='grc' dir='ltr'><strong><em>χαλκῆς</em></strong></span> <span class='ocrx_word' id='word_1_177' title='bbox 830 1674 956 1723; x_wconf 70' lang='grc' dir='ltr'><strong><em>οὖσαν</em></strong></span> <span class='ocrx_word' id='word_1_178' title='bbox 975 1681 1227 1737; x_wconf 73' lang='grc' dir='ltr'><strong><em>ἀτιμοτέραν,</em></strong></span> 
     </span>
     <span class='ocr_line' id='line_1_23' title="bbox 202 1770 1575 1823; baseline -0.003 -10"><span class='ocrx_word' id='word_1_179' title='bbox 202 1778 222 1813; x_wconf 90' lang='grc'>1</span> <span class='ocrx_word' id='word_1_180' title='bbox 245 1776 324 1822; x_wconf 81' lang='lat' dir='ltr'><strong>lego</strong></span> <span class='ocrx_word' id='word_1_181' title='bbox 343 1773 412 1811; x_wconf 69' lang='grc' dir='ltr'><strong><em>οὐκ</em></strong></span> <span class='ocrx_word' id='word_1_182' title='bbox 428 1773 602 1820; x_wconf 75' lang='grc' dir='ltr'><strong><em>ἠξίωσαν.</em></strong></span> <span class='ocrx_word' id='word_1_183' title='bbox 626 1777 671 1811; x_wconf 87' lang='lat' dir='ltr'><strong><em>F.</em></strong></span> <span class='ocrx_word' id='word_1_184' title='bbox 720 1776 778 1810; x_wconf 83' lang='lat' dir='ltr'><strong><em>vel</em></strong></span> <span class='ocrx_word' id='word_1_185' title='bbox 797 1770 1024 1819; x_wconf 73' lang='grc' dir='ltr'><strong><em>ἀπηξίωσαν.</em></strong></span> <span class='ocrx_word' id='word_1_186' title='bbox 1178 1777 1201 1812; x_wconf 85' lang='grc'><strong>3</strong></span> <span class='ocrx_word' id='word_1_187' title='bbox 1224 1777 1356 1823; x_wconf 79' lang='grc' dir='ltr'><strong><em>νεμεσᾷ</em></strong></span> <span class='ocrx_word' id='word_1_188' title='bbox 1380 1773 1421 1810; x_wconf 88' lang='grc' dir='ltr'><strong><em>δ’</em></strong></span> <span class='ocrx_word' id='word_1_189' title='bbox 1446 1771 1575 1819; x_wconf 58' lang='lat' dir='ltr'><strong><em>Speos?</em></strong></span> 
     </span>
     <span class='ocr_line' id='line_1_24' title="bbox 200 1819 1569 1867; baseline -0.001 -10"><span class='ocrx_word' id='word_1_190' title='bbox 200 1823 223 1858; x_wconf 88' lang='grc'>8</span> <span class='ocrx_word' id='word_1_191' title='bbox 246 1819 468 1857; x_wconf 69' lang='grc' dir='ltr'><strong><em>ἀναπείθειν</em></strong></span> <span class='ocrx_word' id='word_1_192' title='bbox 487 1822 529 1856; x_wconf 87' lang='lat' dir='ltr'><strong><em>C.</em></strong></span> <span class='ocrx_word' id='word_1_193' title='bbox 625 1823 668 1856; x_wconf 90' lang='lat'><strong><em>10</em></strong></span> <span class='ocrx_word' id='word_1_194' title='bbox 685 1821 771 1867; x_wconf 82' lang='grc' dir='ltr'><strong><em>καὶ]</em></strong></span> <span class='ocrx_word' id='word_1_195' title='bbox 796 1821 861 1864; x_wconf 58' lang='lat' dir='ltr'><strong><em>gg?</em></strong></span> <span class='ocrx_word' id='word_1_196' title='bbox 956 1825 997 1857; x_wconf 85' lang='lat'><strong><em>11</em></strong></span> <span class='ocrx_word' id='word_1_197' title='bbox 1018 1819 1226 1867; x_wconf 81' lang='grc' dir='ltr'><strong><em>οἷποικησαν</em></strong></span> <span class='ocrx_word' id='word_1_198' title='bbox 1252 1824 1295 1858; x_wconf 90' lang='lat' dir='ltr'><strong><em>C.</em></strong></span> <span class='ocrx_word' id='word_1_199' title='bbox 1392 1823 1434 1857; x_wconf 84' lang='lat'><strong><em>13</em></strong></span> <span class='ocrx_word' id='word_1_200' title='bbox 1456 1823 1569 1855; x_wconf 82' lang='lat' dir='ltr'><strong>Luca-</strong></span> 
     </span>
     <span class='ocr_line' id='line_1_25' title="bbox 199 1867 1571 1913; baseline -0.001 -10"><span class='ocrx_word' id='word_1_201' title='bbox 199 1880 264 1903; x_wconf 88' lang='lat' dir='ltr'>nus</span> <span class='ocrx_word' id='word_1_202' title='bbox 284 1869 308 1903; x_wconf 78' lang='lat'>2</span> <span class='ocrx_word' id='word_1_203' title='bbox 332 1870 410 1913; x_wconf 88' lang='lat'>610,</span> <span class='ocrx_word' id='word_1_204' title='bbox 436 1869 479 1903; x_wconf 90' lang='lat' dir='ltr'>de</span> <span class='ocrx_word' id='word_1_205' title='bbox 499 1867 717 1902; x_wconf 77' lang='lat' dir='ltr'>Brundusio:</span> <span class='ocrx_word' id='word_1_206' title='bbox 741 1870 819 1902; x_wconf 79' lang='lat' dir='ltr'><strong><em>urbs</em></strong></span> <span class='ocrx_word' id='word_1_207' title='bbox 835 1873 886 1902; x_wconf 83' lang='lat' dir='ltr'>est</span> <span class='ocrx_word' id='word_1_208' title='bbox 901 1869 1056 1903; x_wconf 80' lang='lat' dir='ltr'><strong><em>Dictaeis</em></strong></span> <span class='ocrx_word' id='word_1_209' title='bbox 1071 1870 1243 1913; x_wconf 79' lang='lat' dir='ltr'><strong>quondam</strong></span> <span class='ocrx_word' id='word_1_210' title='bbox 1255 1881 1412 1913; x_wconf 79' lang='lat' dir='ltr'><strong>possessa</strong></span> <span class='ocrx_word' id='word_1_211' title='bbox 1431 1869 1571 1902; x_wconf 63' lang='lat' dir='ltr'><strong><em>colonis.</em></strong></span> 
     </span>
     <span class='ocr_line' id='line_1_26' title="bbox 199 1913 1572 1960; baseline -0.001 -12"><span class='ocrx_word' id='word_1_212' title='bbox 199 1913 287 1948; x_wconf 83' lang='lat' dir='ltr'><strong>haec</strong></span> <span class='ocrx_word' id='word_1_213' title='bbox 308 1914 428 1958; x_wconf 84' lang='lat' dir='ltr'><strong>Lydus</strong></span> <span class='ocrx_word' id='word_1_214' title='bbox 450 1915 494 1948; x_wconf 87' lang='lat' dir='ltr'>de</span> <span class='ocrx_word' id='word_1_215' title='bbox 518 1914 712 1958; x_wconf 81' lang='lat' dir='ltr'><strong>Epidamno</strong></span> <span class='ocrx_word' id='word_1_216' title='bbox 736 1919 875 1958; x_wconf 85' lang='lat' dir='ltr'><strong>poetam</strong></span> <span class='ocrx_word' id='word_1_217' title='bbox 899 1914 1030 1949; x_wconf 78' lang='lat' dir='ltr'>dixisse</span> <span class='ocrx_word' id='word_1_218' title='bbox 1053 1915 1208 1959; x_wconf 80' lang='lat' dir='ltr'><strong>putavit,</strong></span> <span class='ocrx_word' id='word_1_219' title='bbox 1245 1915 1447 1960; x_wconf 84' lang='lat' dir='ltr'><strong>eidemque,</strong></span> <span class='ocrx_word' id='word_1_220' title='bbox 1480 1915 1572 1956; x_wconf 84' lang='lat' dir='ltr'><strong>quod</strong></span> 
     </span>
     <span class='ocr_line' id='line_1_27' title="bbox 199 1957 1620 2004; baseline -0.001 -10"><span class='ocrx_word' id='word_1_221' title='bbox 199 1960 340 1995; x_wconf 79' lang='lat' dir='ltr'><strong>aliunde</strong></span> <span class='ocrx_word' id='word_1_222' title='bbox 357 1965 543 2004; x_wconf 81' lang='lat' dir='ltr'>acceperat</span> <span class='ocrx_word' id='word_1_223' title='bbox 566 1961 609 1993; x_wconf 92' lang='lat' dir='ltr'>de</span> <span class='ocrx_word' id='word_1_224' title='bbox 633 1959 770 1993; x_wconf 90' lang='lat' dir='ltr'><strong>nomine</strong></span> <span class='ocrx_word' id='word_1_225' title='bbox 791 1959 891 1994; x_wconf 89' lang='lat' dir='ltr'><strong>huius</strong></span> <span class='ocrx_word' id='word_1_226' title='bbox 912 1960 1021 2003; x_wconf 86' lang='lat' dir='ltr'><strong>urbis,</strong></span> <span class='ocrx_word' id='word_1_227' title='bbox 1046 1960 1217 1994; x_wconf 83' lang='lat' dir='ltr'><strong>attribuit.</strong></span> <span class='ocrx_word' id='word_1_228' title='bbox 1243 1962 1289 1995; x_wconf 87' lang='lat' dir='ltr'><strong><em>F.</em></strong></span> <span class='ocrx_word' id='word_1_229' title='bbox 1419 1961 1462 1995; x_wconf 84' lang='lat'><strong><em>13</em></strong></span> <span class='ocrx_word' id='word_1_230' title='bbox 1481 1957 1503 2003; x_wconf 86' lang='grc' dir='ltr'><em>ἢ</em></span> <span class='ocrx_word' id='word_1_231' title='bbox 1527 1961 1572 2002; x_wconf 85' lang='lat' dir='ltr'><strong><em>F,</em></strong></span> <span class='ocrx_word' id='word_1_232' title='bbox 1617 1971 1620 1976; x_wconf 96' lang='lat'>·</span> 
     </span>
    </p>
   </div>
   <div class='ocr_carea' id='block_1_3' title="bbox 199 1999 1570 2096">
    <p class='ocr_par' dir='ltr' id='par_1_3' title="bbox 199 1999 1570 2096">
     <span class='ocr_line' id='line_1_28' title="bbox 201 1999 1570 2049; baseline 0 -9"><span class='ocrx_word' id='word_1_233' title='bbox 201 2005 238 2040; x_wconf 77' lang='grc' dir='ltr'><strong><em>οἱ</em></strong></span> <span class='ocrx_word' id='word_1_234' title='bbox 257 2007 299 2040; x_wconf 80' lang='lat' dir='ltr'><strong><em>O.</em></strong></span> <span class='ocrx_word' id='word_1_235' title='bbox 439 2006 480 2040; x_wconf 87' lang='lat'><strong><em>15</em></strong></span> <span class='ocrx_word' id='word_1_236' title='bbox 505 2002 641 2048; x_wconf 74' lang='grc' dir='ltr'><strong><em>ἐλεγεῖά</em></strong></span> <span class='ocrx_word' id='word_1_237' title='bbox 664 2016 746 2038; x_wconf 86' lang='grc' dir='ltr'><strong><em>τινα</em></strong></span> <span class='ocrx_word' id='word_1_238' title='bbox 768 2006 813 2039; x_wconf 90' lang='lat' dir='ltr'><strong><em>F.</em></strong></span> <span class='ocrx_word' id='word_1_239' title='bbox 962 2007 1003 2039; x_wconf 86' lang='lat'><strong><em>19</em></strong></span> <span class='ocrx_word' id='word_1_240' title='bbox 1026 1999 1097 2038; x_wconf 69' lang='grc' dir='ltr'><strong><em>οἶδε</em></strong></span> <span class='ocrx_word' id='word_1_241' title='bbox 1116 2005 1234 2049; x_wconf 75' lang='lat' dir='ltr'><strong>vulgo.</strong></span> <span class='ocrx_word' id='word_1_242' title='bbox 1372 2006 1418 2041; x_wconf 75' lang='lat'><strong><em>21</em></strong></span> <span class='ocrx_word' id='word_1_243' title='bbox 1437 2006 1570 2041; x_wconf 88' lang='lat' dir='ltr'>Antho-</span> 
     </span>
     <span class='ocr_line' id='line_1_29' title="bbox 199 2046 1218 2096; baseline 0 -11"><span class='ocrx_word' id='word_1_244' title='bbox 199 2051 314 2096; x_wconf 79' lang='lat' dir='ltr'><strong>logia:</strong></span> <span class='ocrx_word' id='word_1_245' title='bbox 339 2046 504 2084; x_wconf 77' lang='grc' dir='ltr'><strong><em>ἅνθεσαν</em></strong></span> <span class='ocrx_word' id='word_1_246' title='bbox 523 2047 574 2089; x_wconf 71' lang='grc' dir='ltr'><strong><em>ὥς</em></strong></span> <span class='ocrx_word' id='word_1_247' title='bbox 594 2050 732 2093; x_wconf 79' lang='grc' dir='ltr'><strong><em>χαλκοῦ</em></strong></span> <span class='ocrx_word' id='word_1_248' title='bbox 755 2047 894 2084; x_wconf 85' lang='grc' dir='ltr'><strong><em>πολλὸν</em></strong></span> <span class='ocrx_word' id='word_1_249' title='bbox 916 2046 1146 2094; x_wconf 72' lang='grc' dir='ltr'><strong><em>ἄτιμοτέρην.</em></strong></span> <span class='ocrx_word' id='word_1_250' title='bbox 1173 2053 1218 2085; x_wconf 88' lang='lat' dir='ltr'><strong><em>F.</em></strong></span> 
     </span>
    </p>
   </div>
   <div class='ocr_carea' id='block_1_4' title="bbox 62 2127 1570 2910">
    <p class='ocr_par' dir='ltr' id='par_1_4' title="bbox 107 2127 1570 2214">
     <span class='ocr_line' id='line_1_30' title="bbox 108 2127 1570 2176; baseline -0.001 -10"><span class='ocrx_word' id='word_1_251' title='bbox 108 2131 256 2168; x_wconf 79' lang='lat' dir='ltr'>reddere</span> <span class='ocrx_word' id='word_1_252' title='bbox 279 2141 347 2164; x_wconf 92' lang='lat' dir='ltr'>non</span> <span class='ocrx_word' id='word_1_253' title='bbox 370 2133 452 2163; x_wconf 88' lang='lat' dir='ltr'>sunt</span> <span class='ocrx_word' id='word_1_254' title='bbox 472 2128 628 2173; x_wconf 85' lang='lat' dir='ltr'><strong>dignati,</strong></span> <span class='ocrx_word' id='word_1_255' title='bbox 661 2128 803 2162; x_wconf 85' lang='lat' dir='ltr'><strong>flumina</strong></span> <span class='ocrx_word' id='word_1_256' title='bbox 820 2127 877 2161; x_wconf 86' lang='lat' dir='ltr'><strong><em>vel</em></strong></span> <span class='ocrx_word' id='word_1_257' title='bbox 895 2132 1004 2162; x_wconf 84' lang='lat' dir='ltr'><strong>totum</strong></span> <span class='ocrx_word' id='word_1_258' title='bbox 1022 2130 1114 2164; x_wconf 87' lang='lat' dir='ltr'>forte</span> <span class='ocrx_word' id='word_1_259' title='bbox 1138 2141 1232 2165; x_wconf 84' lang='lat' dir='ltr'><strong>mare</strong></span> <span class='ocrx_word' id='word_1_260' title='bbox 1254 2142 1374 2165; x_wconf 87' lang='lat' dir='ltr'><strong>aurum</strong></span> <span class='ocrx_word' id='word_1_261' title='bbox 1396 2130 1466 2165; x_wconf 87' lang='lat' dir='ltr'><strong>sibi</strong></span> <span class='ocrx_word' id='word_1_262' title='bbox 1487 2142 1570 2176; x_wconf 87' lang='lat' dir='ltr'><strong><em>pro—</em></strong></span> 
     </span>
     <span class='ocr_line' id='line_1_31' title="bbox 107 2176 496 2214; baseline -0.008 -3"><span class='ocrx_word' id='word_1_263' title='bbox 107 2178 255 2211; x_wconf 75' lang='lat' dir='ltr'><strong>fundere</strong></span> <span class='ocrx_word' id='word_1_264' title='bbox 273 2176 496 2214; x_wconf 77' lang='lat' dir='ltr'><strong>arbitrantes.</strong></span> 
     </span>
    </p>

    <p class='ocr_par' dir='ltr' id='par_1_5' title="bbox 104 2218 1570 2816">
     <span class='ocr_line' id='line_1_32' title="bbox 198 2218 1570 2267; baseline 0.001 -11"><span class='ocrx_word' id='word_1_265' title='bbox 198 2222 257 2256; x_wconf 83' lang='lat'><strong><em>46.</em></strong></span> <span class='ocrx_word' id='word_1_266' title='bbox 302 2222 350 2254; x_wconf 83' lang='lat' dir='ltr'>At</span> <span class='ocrx_word' id='word_1_267' title='bbox 379 2221 520 2254; x_wconf 85' lang='lat' dir='ltr'><strong>fortuna</strong></span> <span class='ocrx_word' id='word_1_268' title='bbox 543 2218 730 2253; x_wconf 85' lang='lat' dir='ltr'>crudeliter</span> <span class='ocrx_word' id='word_1_269' title='bbox 759 2219 934 2254; x_wconf 84' lang='lat' dir='ltr'><strong>dominata</strong></span> <span class='ocrx_word' id='word_1_270' title='bbox 954 2221 1074 2266; x_wconf 88' lang='lat' dir='ltr'><strong>specie</strong></span> <span class='ocrx_word' id='word_1_271' title='bbox 1102 2233 1239 2267; x_wconf 92' lang='lat' dir='ltr'><strong>quoque</strong></span> <span class='ocrx_word' id='word_1_272' title='bbox 1261 2223 1570 2257; x_wconf 77' lang='lat' dir='ltr'><strong>administrationis</strong></span> 
     </span>
     <span class='ocr_line' id='line_1_33' title="bbox 109 2265 1570 2313; baseline 0.001 -11"><span class='ocrx_word' id='word_1_273' title='bbox 109 2279 236 2302; x_wconf 83' lang='lat' dir='ltr'>nervos</span> <span class='ocrx_word' id='word_1_274' title='bbox 269 2267 324 2300; x_wconf 86' lang='lat' dir='ltr'><strong><em>rei</em></strong></span> <span class='ocrx_word' id='word_1_275' title='bbox 349 2265 508 2311; x_wconf 88' lang='lat' dir='ltr'><strong>publicae</strong></span> <span class='ocrx_word' id='word_1_276' title='bbox 537 2265 656 2299; x_wconf 86' lang='lat' dir='ltr'><strong>solvit.</strong></span> <span class='ocrx_word' id='word_1_277' title='bbox 703 2277 779 2299; x_wconf 88' lang='lat' dir='ltr'><strong><em>nam</em></strong></span> <span class='ocrx_word' id='word_1_278' title='bbox 804 2277 878 2299; x_wconf 88' lang='lat' dir='ltr'><strong><em>cum</em></strong></span> <span class='ocrx_word' id='word_1_279' title='bbox 903 2267 1046 2301; x_wconf 75' lang='lat' dir='ltr'><strong>curialia</strong></span> <span class='ocrx_word' id='word_1_280' title='bbox 1071 2268 1216 2312; x_wconf 80' lang='lat' dir='ltr'><strong>collegia</strong></span> <span class='ocrx_word' id='word_1_281' title='bbox 1239 2269 1440 2303; x_wconf 79' lang='lat' dir='ltr'><strong>civitatibus</strong></span> <span class='ocrx_word' id='word_1_282' title='bbox 1466 2282 1570 2313; x_wconf 74' lang='lat' dir='ltr'><strong>prae—</strong></span> 
     </span>
     <span class='ocr_line' id='line_1_34' title="bbox 109 2312 1568 2358; baseline 0.001 -10"><span class='ocrx_word' id='word_1_283' title='bbox 109 2319 228 2348; x_wconf 82' lang='lat' dir='ltr'>essent</span> <span class='ocrx_word' id='word_1_284' title='bbox 251 2324 292 2346; x_wconf 83' lang='lat' dir='ltr'><strong>ac</strong></span> <span class='ocrx_word' id='word_1_285' title='bbox 314 2312 454 2346; x_wconf 86' lang='lat' dir='ltr'><strong>militem</strong></span> <span class='ocrx_word' id='word_1_286' title='bbox 478 2316 715 2346; x_wconf 81' lang='lat' dir='ltr'>sustentarent</span> <span class='ocrx_word' id='word_1_287' title='bbox 737 2323 889 2356; x_wconf 87' lang='lat' dir='ltr'>vereque</span> <span class='ocrx_word' id='word_1_288' title='bbox 912 2324 985 2346; x_wconf 89' lang='lat' dir='ltr'><strong><em>rem</em></strong></span> <span class='ocrx_word' id='word_1_289' title='bbox 1003 2313 1174 2357; x_wconf 87' lang='lat' dir='ltr'><strong>publicam</strong></span> <span class='ocrx_word' id='word_1_290' title='bbox 1193 2315 1466 2358; x_wconf 82' lang='lat' dir='ltr'>moderarentur,</span> <span class='ocrx_word' id='word_1_291' title='bbox 1491 2316 1568 2349; x_wconf 82' lang='lat' dir='ltr'><strong>Ma—</strong></span> 
     </span>
     <span class='ocr_line' id='line_1_35' title="bbox 107 2357 1568 2412; baseline 0.001 -18"><span class='ocrx_word' id='word_1_292' title='bbox 107 2359 204 2394; x_wconf 80' lang='lat' dir='ltr'>rinus</span> <span class='ocrx_word' id='word_1_293' title='bbox 230 2358 367 2412; x_wconf 79' lang='lat' dir='ltr'><strong>quidam</strong></span> <span class='ocrx_word' id='word_1_294' title='bbox 391 2370 411 2391; x_wconf 90' lang='lat' dir='ltr'>e</span> <span class='ocrx_word' id='word_1_295' title='bbox 429 2357 632 2399; x_wconf 76' lang='lat' dir='ltr'><strong>scriniariis,</strong></span> <span class='ocrx_word' id='word_1_296' title='bbox 656 2362 694 2390; x_wconf 85' lang='lat' dir='ltr'>ut</span> <span class='ocrx_word' id='word_1_297' title='bbox 716 2364 853 2400; x_wconf 87' lang='lat' dir='ltr'><strong>vocant,</strong></span> <span class='ocrx_word' id='word_1_298' title='bbox 879 2358 1056 2392; x_wconf 84' lang='lat' dir='ltr'><strong>orientalis</strong></span> <span class='ocrx_word' id='word_1_299' title='bbox 1081 2359 1265 2404; x_wconf 88' lang='lat' dir='ltr'><strong>dioecesis,</strong></span> <span class='ocrx_word' id='word_1_300' title='bbox 1288 2372 1364 2394; x_wconf 92' lang='lat' dir='ltr'><strong><em>cum</em></strong></span> <span class='ocrx_word' id='word_1_301' title='bbox 1384 2372 1422 2395; x_wconf 90' lang='lat' dir='ltr'>se</span> <span class='ocrx_word' id='word_1_302' title='bbox 1444 2361 1568 2396; x_wconf 84' lang='lat' dir='ltr'><strong>callide</strong></span> 
     </span>
     <span class='ocr_line' id='line_1_36' title="bbox 107 2402 1567 2450; baseline 0 -10"><span class='ocrx_word' id='word_1_303' title='bbox 107 2407 212 2441; x_wconf 87' lang='lat' dir='ltr'><strong>rebus</strong></span> <span class='ocrx_word' id='word_1_304' title='bbox 235 2404 457 2446; x_wconf 76' lang='lat' dir='ltr'><strong><em>insinuasset,</em></strong></span> <span class='ocrx_word' id='word_1_305' title='bbox 486 2402 689 2449; x_wconf 86' lang='lat' dir='ltr'><strong>imperatori</strong></span> <span class='ocrx_word' id='word_1_306' title='bbox 712 2404 899 2447; x_wconf 83' lang='lat' dir='ltr'>persuadet</span> <span class='ocrx_word' id='word_1_307' title='bbox 921 2410 960 2438; x_wconf 90' lang='lat' dir='ltr'>ut</span> <span class='ocrx_word' id='word_1_308' title='bbox 981 2409 1088 2438; x_wconf 85' lang='lat' dir='ltr'><strong>totam</strong></span> <span class='ocrx_word' id='word_1_309' title='bbox 1113 2406 1181 2440; x_wconf 87' lang='lat' dir='ltr'><strong>sibi</strong></span> <span class='ocrx_word' id='word_1_310' title='bbox 1202 2417 1274 2440; x_wconf 86' lang='lat' dir='ltr'><strong><em>rem</em></strong></span> <span class='ocrx_word' id='word_1_311' title='bbox 1293 2406 1477 2450; x_wconf 82' lang='lat' dir='ltr'><strong>publicam,</strong></span> <span class='ocrx_word' id='word_1_312' title='bbox 1501 2407 1567 2440; x_wconf 83' lang='lat' dir='ltr'><strong>tri-</strong></span> 
     </span>
     <span class='ocr_line' id='line_1_37' title="bbox 108 2449 1570 2497; baseline 0 -12"><span class='ocrx_word' id='word_1_313' title='bbox 108 2453 192 2486; x_wconf 79' lang='lat' dir='ltr'><strong>buta</strong></span> <span class='ocrx_word' id='word_1_314' title='bbox 209 2450 405 2493; x_wconf 78' lang='lat' dir='ltr'><strong>venditum,</strong></span> <span class='ocrx_word' id='word_1_315' title='bbox 430 2451 561 2493; x_wconf 85' lang='lat' dir='ltr'>credat,</span> <span class='ocrx_word' id='word_1_316' title='bbox 586 2459 704 2482; x_wconf 86' lang='lat' dir='ltr'><strong>aurum</strong></span> <span class='ocrx_word' id='word_1_317' title='bbox 723 2461 762 2483; x_wconf 89' lang='lat' dir='ltr'>se</span> <span class='ocrx_word' id='word_1_318' title='bbox 785 2449 987 2494; x_wconf 88' lang='lat' dir='ltr'><strong>imperatori</strong></span> <span class='ocrx_word' id='word_1_319' title='bbox 1006 2451 1263 2485; x_wconf 87' lang='lat' dir='ltr'><strong>conciliaturum</strong></span> <span class='ocrx_word' id='word_1_320' title='bbox 1283 2451 1469 2497; x_wconf 75' lang='lat' dir='ltr'><strong><em>pollicitus.</em></strong></span> <span class='ocrx_word' id='word_1_321' title='bbox 1493 2459 1570 2486; x_wconf 83' lang='lat' dir='ltr'>erat:</span> 
     </span>
     <span class='ocr_line' id='line_1_38' title="bbox 109 2494 1567 2541; baseline 0 -9"><span class='ocrx_word' id='word_1_322' title='bbox 109 2502 222 2532; x_wconf 79' lang='lat' dir='ltr'><strong>autem</strong></span> <span class='ocrx_word' id='word_1_323' title='bbox 245 2496 302 2530; x_wconf 87' lang='lat' dir='ltr'><strong>ille</strong></span> <span class='ocrx_word' id='word_1_324' title='bbox 324 2496 410 2530; x_wconf 87' lang='lat' dir='ltr'><strong>lucri</strong></span> <span class='ocrx_word' id='word_1_325' title='bbox 432 2495 534 2541; x_wconf 85' lang='lat' dir='ltr'><strong>paulo</strong></span> <span class='ocrx_word' id='word_1_326' title='bbox 557 2494 737 2537; x_wconf 84' lang='lat' dir='ltr'><strong><em>amantior,</em></strong></span> <span class='ocrx_word' id='word_1_327' title='bbox 765 2500 801 2530; x_wconf 88' lang='lat' dir='ltr'>ut</span> <span class='ocrx_word' id='word_1_328' title='bbox 822 2503 904 2541; x_wconf 91' lang='lat' dir='ltr'>pote</span> <span class='ocrx_word' id='word_1_329' title='bbox 926 2496 1132 2531; x_wconf 82' lang='lat' dir='ltr'><strong>Taulantius</strong></span> <span class='ocrx_word' id='word_1_330' title='bbox 1151 2503 1188 2530; x_wconf 82' lang='lat' dir='ltr'><strong><em>et</em></strong></span> <span class='ocrx_word' id='word_1_331' title='bbox 1205 2498 1402 2541; x_wconf 82' lang='lat' dir='ltr'><strong><em>Epidamno</em></strong></span> <span class='ocrx_word' id='word_1_332' title='bbox 1425 2497 1567 2541; x_wconf 74' lang='lat' dir='ltr'><strong>Illyriae</strong></span> 
     </span>
     <span class='ocr_line' id='line_1_39' title="bbox 108 2540 1566 2588; baseline 0.001 -12"><span class='ocrx_word' id='word_1_333' title='bbox 108 2542 251 2577; x_wconf 73' lang='lat' dir='ltr'><strong>civitate</strong></span> <span class='ocrx_word' id='word_1_334' title='bbox 275 2542 438 2576; x_wconf 89' lang='lat' dir='ltr'><strong>oriundus</strong></span> <span class='ocrx_word' id='word_1_335' title='bbox 463 2540 732 2585; x_wconf 75' lang='lat' dir='ltr'><strong>(Dum-bachium</strong></span> <span class='ocrx_word' id='word_1_336' title='bbox 756 2553 830 2574; x_wconf 82' lang='lat' dir='ltr'><strong><em>eam</em></strong></span> <span class='ocrx_word' id='word_1_337' title='bbox 849 2542 1050 2585; x_wconf 78' lang='lat' dir='ltr'>Cretenses,</span> <span class='ocrx_word' id='word_1_338' title='bbox 1075 2543 1134 2587; x_wconf 83' lang='lat' dir='ltr'><strong><em>qui</em></strong></span> <span class='ocrx_word' id='word_1_339' title='bbox 1154 2543 1266 2576; x_wconf 86' lang='lat' dir='ltr'><strong>coloni</strong></span> <span class='ocrx_word' id='word_1_340' title='bbox 1287 2543 1366 2577; x_wconf 89' lang='lat' dir='ltr'><strong>illuc</strong></span> <span class='ocrx_word' id='word_1_341' title='bbox 1385 2551 1566 2588; x_wconf 70' lang='lat' dir='ltr'>venerant,</span> 
     </span>
     <span class='ocr_line' id='line_1_40' title="bbox 108 2586 1567 2632; baseline 0.001 -9"><span class='ocrx_word' id='word_1_342' title='bbox 108 2601 130 2623; x_wconf 86' lang='lat' dir='ltr'><strong>a</strong></span> <span class='ocrx_word' id='word_1_343' title='bbox 146 2588 347 2622; x_wconf 76' lang='lat' dir='ltr'><strong>Duri-hacho</strong></span> <span class='ocrx_word' id='word_1_344' title='bbox 368 2594 440 2622; x_wconf 86' lang='lat' dir='ltr'><strong><em>tum</em></strong></span> <span class='ocrx_word' id='word_1_345' title='bbox 451 2587 670 2622; x_wconf 87' lang='lat' dir='ltr'>Cretensium</span> <span class='ocrx_word' id='word_1_346' title='bbox 691 2598 775 2630; x_wconf 83' lang='lat' dir='ltr'>rege</span> <span class='ocrx_word' id='word_1_347' title='bbox 795 2586 1024 2632; x_wconf 79' lang='lat' dir='ltr'><strong>appellarunt,</strong></span> <span class='ocrx_word' id='word_1_348' title='bbox 1047 2594 1086 2622; x_wconf 88' lang='lat' dir='ltr'>ut</span> <span class='ocrx_word' id='word_1_349' title='bbox 1104 2588 1154 2622; x_wconf 84' lang='lat' dir='ltr'><strong><em>ait</em></strong></span> <span class='ocrx_word' id='word_1_350' title='bbox 1164 2589 1324 2622; x_wconf 82' lang='lat' dir='ltr'><strong>Lucanus</strong></span> <span class='ocrx_word' id='word_1_351' title='bbox 1338 2590 1511 2624; x_wconf 87' lang='lat' dir='ltr'><strong>Romanus</strong></span> <span class='ocrx_word' id='word_1_352' title='bbox 1530 2591 1567 2624; x_wconf 91' lang='lat' dir='ltr'><strong>in</strong></span> 
     </span>
     <span class='ocr_line' id='line_1_41' title="bbox 106 2632 1566 2677; baseline 0.001 -9"><span class='ocrx_word' id='word_1_353' title='bbox 106 2634 196 2668; x_wconf 85' lang='lat' dir='ltr'><strong>libro</strong></span> <span class='ocrx_word' id='word_1_354' title='bbox 220 2635 369 2668; x_wconf 84' lang='lat' dir='ltr'>secundo</span> <span class='ocrx_word' id='word_1_355' title='bbox 393 2634 436 2667; x_wconf 88' lang='lat' dir='ltr'>de</span> <span class='ocrx_word' id='word_1_356' title='bbox 458 2634 548 2667; x_wconf 90' lang='lat' dir='ltr'><strong>bello</strong></span> <span class='ocrx_word' id='word_1_357' title='bbox 573 2632 690 2672; x_wconf 83' lang='lat' dir='ltr'><strong>civili;</strong></span> <span class='ocrx_word' id='word_1_358' title='bbox 724 2632 780 2666; x_wconf 76' lang='lat' dir='ltr'><strong><em>vel</em></strong></span> <span class='ocrx_word' id='word_1_359' title='bbox 812 2634 1022 2677; x_wconf 86' lang='lat' dir='ltr'><strong>Corcyraei,</strong></span> <span class='ocrx_word' id='word_1_360' title='bbox 1056 2635 1314 2668; x_wconf 84' lang='lat' dir='ltr'><strong>Corinthiorum</strong></span> <span class='ocrx_word' id='word_1_361' title='bbox 1344 2635 1479 2669; x_wconf 85' lang='lat' dir='ltr'><strong>colonia</strong></span> <span class='ocrx_word' id='word_1_362' title='bbox 1509 2648 1566 2670; x_wconf 84' lang='lat' dir='ltr'>se-</span> 
     </span>
     <span class='ocr_line' id='line_1_42' title="bbox 106 2679 1563 2723; baseline 0.001 -9"><span class='ocrx_word' id='word_1_363' title='bbox 106 2681 252 2715; x_wconf 85' lang='lat' dir='ltr'><strong>cundum</strong></span> <span class='ocrx_word' id='word_1_364' title='bbox 274 2679 502 2723; x_wconf 82' lang='lat' dir='ltr'><strong>historicum).</strong></span> <span class='ocrx_word' id='word_1_365' title='bbox 550 2679 825 2723; x_wconf 85' lang='lat' dir='ltr'><strong>incusabantque</strong></span> <span class='ocrx_word' id='word_1_366' title='bbox 848 2679 951 2723; x_wconf 78' lang='lat' dir='ltr'><strong>vulgo</strong></span> <span class='ocrx_word' id='word_1_367' title='bbox 974 2679 1192 2714; x_wconf 84' lang='lat' dir='ltr'><strong>Anastasium</strong></span> <span class='ocrx_word' id='word_1_368' title='bbox 1216 2681 1422 2715; x_wconf 82' lang='lat' dir='ltr'><strong>insatiabilis</strong></span> <span class='ocrx_word' id='word_1_369' title='bbox 1448 2683 1563 2715; x_wconf 76' lang='lat' dir='ltr'><strong>avari-</strong></span> 
     </span>
     <span class='ocr_line' id='line_1_43' title="bbox 104 2725 1563 2772; baseline 0 -11"><span class='ocrx_word' id='word_1_370' title='bbox 104 2727 198 2770; x_wconf 82' lang='lat' dir='ltr'><strong>tiae,</strong></span> <span class='ocrx_word' id='word_1_371' title='bbox 234 2726 320 2760; x_wconf 84' lang='lat' dir='ltr'><strong>adeo</strong></span> <span class='ocrx_word' id='word_1_372' title='bbox 345 2731 383 2758; x_wconf 87' lang='lat' dir='ltr'><strong>ut</strong></span> <span class='ocrx_word' id='word_1_373' title='bbox 405 2725 551 2759; x_wconf 77' lang='lat' dir='ltr'><strong>disticha</strong></span> <span class='ocrx_word' id='word_1_374' title='bbox 574 2726 742 2770; x_wconf 78' lang='lat' dir='ltr'><strong>quaedam</strong></span> <span class='ocrx_word' id='word_1_375' title='bbox 763 2725 800 2758; x_wconf 88' lang='lat' dir='ltr'><strong>in</strong></span> <span class='ocrx_word' id='word_1_376' title='bbox 825 2736 900 2758; x_wconf 88' lang='lat' dir='ltr'><strong><em>eum</em></strong></span> <span class='ocrx_word' id='word_1_377' title='bbox 925 2725 961 2758; x_wconf 90' lang='lat' dir='ltr'><strong>in</strong></span> <span class='ocrx_word' id='word_1_378' title='bbox 982 2726 1221 2771; x_wconf 83' lang='lat' dir='ltr'><strong>Hippodromo</strong></span> <span class='ocrx_word' id='word_1_379' title='bbox 1246 2727 1392 2772; x_wconf 83' lang='lat' dir='ltr'><strong>populus</strong></span> <span class='ocrx_word' id='word_1_380' title='bbox 1416 2739 1563 2772; x_wconf 75' lang='lat' dir='ltr'>suspen-</span> 
     </span>
     <span class='ocr_line' id='line_1_44' title="bbox 105 2770 1563 2816; baseline 0.001 -10"><span class='ocrx_word' id='word_1_381' title='bbox 105 2772 216 2816; x_wconf 87' lang='lat' dir='ltr'>derit,</span> <span class='ocrx_word' id='word_1_382' title='bbox 250 2782 324 2806; x_wconf 90' lang='lat' dir='ltr'><strong><em>cum</em></strong></span> <span class='ocrx_word' id='word_1_383' title='bbox 358 2771 475 2804; x_wconf 80' lang='lat' dir='ltr'>ferrea</span> <span class='ocrx_word' id='word_1_384' title='bbox 497 2770 531 2805; x_wconf 90' lang='lat' dir='ltr'><strong>ei</strong></span> <span class='ocrx_word' id='word_1_385' title='bbox 552 2771 666 2815; x_wconf 84' lang='lat' dir='ltr'><strong>imago</strong></span> <span class='ocrx_word' id='word_1_386' title='bbox 690 2771 726 2805; x_wconf 93' lang='lat' dir='ltr'><strong>in</strong></span> <span class='ocrx_word' id='word_1_387' title='bbox 753 2770 811 2804; x_wconf 92' lang='lat' dir='ltr'><strong>illo</strong></span> <span class='ocrx_word' id='word_1_388' title='bbox 834 2771 947 2815; x_wconf 86' lang='lat' dir='ltr'><strong>posita</strong></span> <span class='ocrx_word' id='word_1_389' title='bbox 971 2772 1109 2806; x_wconf 84' lang='lat' dir='ltr'><strong>fuisset.</strong></span> <span class='ocrx_word' id='word_1_390' title='bbox 1157 2784 1278 2806; x_wconf 84' lang='lat' dir='ltr'>versus</span> <span class='ocrx_word' id='word_1_391' title='bbox 1304 2780 1417 2807; x_wconf 84' lang='lat' dir='ltr'><strong>autem</strong></span> <span class='ocrx_word' id='word_1_392' title='bbox 1441 2775 1563 2808; x_wconf 82' lang='lat' dir='ltr'><strong>famosi</strong></span> 
     </span>
    </p>

    <p class='ocr_par' dir='ltr' id='par_1_6' title="bbox 62 2816 1561 2910">
     <span class='ocr_line' id='line_1_45' title="bbox 62 2816 1561 2863; baseline -0.002 -8"><span class='ocrx_word' id='word_1_393' title='bbox 62 2850 64 2855; x_wconf 79' lang='grc'><strong><em>,</em></strong></span> <span class='ocrx_word' id='word_1_394' title='bbox 106 2819 168 2862; x_wconf 83' lang='lat' dir='ltr'><strong>(ut</strong></span> <span class='ocrx_word' id='word_1_395' title='bbox 189 2817 336 2852; x_wconf 82' lang='lat' dir='ltr'><strong>Romani</strong></span> <span class='ocrx_word' id='word_1_396' title='bbox 359 2821 507 2860; x_wconf 82' lang='lat' dir='ltr'><strong>vocant,</strong></span> <span class='ocrx_word' id='word_1_397' title='bbox 542 2828 641 2862; x_wconf 81' lang='lat' dir='ltr'><strong>quam</strong></span> <span class='ocrx_word' id='word_1_398' title='bbox 665 2829 727 2852; x_wconf 90' lang='lat' dir='ltr'><strong><em>nos</em></strong></span> <span class='ocrx_word' id='word_1_399' title='bbox 753 2817 1019 2862; x_wconf 84' lang='lat' dir='ltr'><strong>blasphemiam)</strong></span> <span class='ocrx_word' id='word_1_400' title='bbox 1051 2818 1087 2851; x_wconf 90' lang='lat' dir='ltr'><strong>hi</strong></span> <span class='ocrx_word' id='word_1_401' title='bbox 1108 2824 1208 2852; x_wconf 85' lang='lat' dir='ltr'>sunt:</span> <span class='ocrx_word' id='word_1_402' title='bbox 1243 2816 1453 2863; x_wconf 79' lang='lat' dir='ltr'><strong>“imaginem</strong></span> <span class='ocrx_word' id='word_1_403' title='bbox 1482 2820 1561 2863; x_wconf 86' lang='lat' dir='ltr'><strong>tibi,</strong></span> 
     </span>
     <span class='ocr_line' id='line_1_46' title="bbox 102 2863 1560 2910; baseline 0.001 -12"><span class='ocrx_word' id='word_1_404' title='bbox 102 2863 293 2910; x_wconf 86' lang='lat' dir='ltr'><strong>imperator</strong></span> <span class='ocrx_word' id='word_1_405' title='bbox 316 2863 474 2898; x_wconf 88' lang='lat' dir='ltr'><strong>mundum</strong></span> <span class='ocrx_word' id='word_1_406' title='bbox 503 2863 702 2909; x_wconf 86' lang='lat' dir='ltr'>destruens,</span> <span class='ocrx_word' id='word_1_407' title='bbox 739 2863 869 2899; x_wconf 86' lang='lat' dir='ltr'>hancce</span> <span class='ocrx_word' id='word_1_408' title='bbox 894 2876 914 2899; x_wconf 88' lang='lat' dir='ltr'>e</span> <span class='ocrx_word' id='word_1_409' title='bbox 939 2865 1033 2898; x_wconf 88' lang='lat' dir='ltr'>ferro</span> <span class='ocrx_word' id='word_1_410' title='bbox 1058 2865 1235 2910; x_wconf 86' lang='lat' dir='ltr'><strong>posuimus</strong></span> <span class='ocrx_word' id='word_1_411' title='bbox 1264 2871 1303 2900; x_wconf 85' lang='lat' dir='ltr'>ut</span> <span class='ocrx_word' id='word_1_412' title='bbox 1326 2877 1434 2900; x_wconf 84' lang='lat' dir='ltr'><strong>aenea</strong></span> <span class='ocrx_word' id='word_1_413' title='bbox 1457 2866 1560 2901; x_wconf 82' lang='lat' dir='ltr'><strong>vilio-</strong></span> 
     </span>
    </p>
   </div>
  </div>
 </body>
</html>
