1748 3210
236 198 331 246 204
483 190 486 193 ’
750 199 969 243 ιοΑΝΜε
1009 199 1140 244 LYm

231 310 353 367 νόμος
369 313 468 370 πρὸς
480 311 687 369 Ἀρκαδίου
708 312 882 364 τίθεται,
915 312 1110 364 θεσπίζων
1133 309 1278 366 ἰδιάζον
1298 314 1363 356 καὶ
1382 309 1507 372 πάντῃ
1528 331 1650 370 κεχω-

233 381 415 436 ρισμένον
443 379 624 434 σύστημα
651 378 861 435 τριάκοντα
880 379 948 423 τὸν
966 380 1139 436 ἀριθμὸν
1154 381 1328 436 ἀνδρῶν,
1362 381 1439 436 ἤδη
1461 379 1650 438 πρότερον

234 448 276 488 ἓν
302 452 358 504 τῷ
384 450 550 500 βοηθεῖν
580 447 912 503 ὃιαφαινομὲνων,
953 452 1144 501 συστῆσαι
1171 447 1244 502 τὴν
1274 447 1520 504 ἓπαρχότητα
1550 448 1651 505 πρὸς

232 513 446 569 ὑπηρεσίαν
463 511 598 569 ἑαυτῇ.
665 514 756 556 οὐδὲ
775 513 850 570 γὰρ
871 514 1022 570 εὐχερὲς
1040 509 1088 568 ἦν
1109 514 1154 556 τὸ
1174 519 1404 568 τηνικαῦτα,
1433 519 1512 557 τῶν
1531 520 1651 568 βασι-

232 581 332 621 λέων
350 579 434 633 ἅμα
454 583 503 635 τῇ
522 583 653 636 βουλῇ
670 582 784 630 δίκας
803 580 1078 637 ἀκροωμένων,
1111 587 1194 630 τοῖς
1210 580 1337 624 πάντα
1358 582 1531 639 ἀρίστοις
1546 580 1682 636 {vnn-5

232 652 374 702 ρετεΐν·
410 645 508 688 ὥστε
535 649 601 688 καὶ
628 649 899 690 πεντεκαίδεκα
921 650 963 698 ἓξ
986 648 1115 690 αὐτῶν
1138 653 1216 690 τῶν
1238 649 1518 704 πεπανωτέρων
1536 650 1652 708 πείρᾳ

231 730 275 755 τε
311 715 377 754 καὶ
411 717 468 770 τῷ
495 712 628 771 χρόνῳ
663 713 890 771 κρειττόνων
921 714 1019 772 πρὸς
1049 713 1283 772 ὑπογραφὴν
1313 722 1396 765 τοῖς
1425 719 1653 767 βασιλεῦσιν

231 781 533 837 ἀφορισθῆναι,
577 781 646 831 οὓς
674 781 729 823 z‘u
763 783 829 823 καὶ
860 786 929 823 νῦν
960 780 1230 835 ὁηπουτάτους
1261 786 1468 832 καλοῦσιν,
1513 780 1557 823 οἳ
1581 786 1653 823 τοῦ

231 845 432 902 τάγματος
458 852 540 889 τῶν
564 849 874 903 Αὐγουσταλίων
895 846 1180 905 πρωτεύουσιν·
1214 846 1323 890 οὔπω
1343 848 1418 903 γὰρ
1439 843 1489 902 ἦν
1507 848 1552 889 τὸ
1575 852 1655 890 τῶν

231 913 323 971 ἄρτι
351 915 637 970 παραφυέντων
662 914 875 972 ἅσηκρήτις
902 915 1048 969 ὄνομα,
1080 916 1248 971 μετρίων
1272 914 1432 971 σφόδρα
1453 919 1533 956 τῶν
1550 931 1653 970 χρη·
1665 922 1708 956 10

231 985 409 1034 ματικῶν
436 979 630 1035 ζητήσεων
659 982 788 1024 οὐσῶν
794 1014 807 1034 ,
835 987 914 1024 τῶν
934 984 1006 1036 μὲν
1029 982 1254 1038 ἔμπροσθεν
1270 982 1465 1035 βασιλέων
1484 983 1546 1023 ἐπὶ
1563 981 1656 1030 τοὺς

232 1050 428 1100 πολέμους
447 1046 660 1103 ὁρμώντων
668 1081 681 1100 ,
716 1051 782 1091 καὶ
798 1054 876 1091 τῶν
895 1050 968 1099 τὰς
986 1051 1175 1105 ἐπαρχίας
1189 1048 1406 1091 ἰθυνόντων
1423 1055 1504 1098 τοῖς
1521 1046 1657 1102 νόμοις

233 1115 325 1156 ἀλλ’
351 1115 396 1156 οὗ
416 1121 503 1163 ταῖς
520 1119 684 1164 κλοπαῖς
703 1115 1120 1171 προσαγρυπνούντων.
1187 1121 1243 1172 τῷ
1272 1117 1314 1157 δὲ
1336 1113 1554 1168 συστήματι
1577 1119 1657 1156 τῶν

235 1182 447 1237 εἰρημένων
461 1180 671 1236 τριάκοντα
690 1182 845 1237 ἀνδρῶν
863 1182 935 1234 τὴν
951 1186 1030 1222 τῶν
1042 1182 1352 1236 Αὔγουσταλίων
1367 1180 1387 1222 ὃ
1404 1180 1524 1234 νόμος
1541 1181 1654 1223 ἔθετο

231 1248 519 1302 προσηγορίαν,
547 1247 593 1288 οὖ
614 1248 749 1299 καινὴν
769 1248 861 1289 οὐδὲ
880 1246 1135 1303 πρόσφατον,
1159 1248 1231 1302 τὴν
1253 1249 1294 1289 δὲ
1314 1252 1383 1289 τοῦ
1403 1246 1561 1302 πρώτου
1577 1252 1656 1290 τῶν
1670 1251 1711 1286 15

229 1315 426 1366 βασιλέων
457 1314 673 1366 ὀνομασίαν
702 1313 1042 1367 ἀνακαλεσάμενος
1050 1345 1063 1365 ,
1106 1311 1160 1362 ὥς
1186 1312 1374 1362 πολλάκις
1402 1313 1576 1368 ἔφαμεν,
1615 1314 1660 1363 ὃς

231 1385 388 1436 πρῶτος
416 1381 487 1434 τὴν
516 1380 763 1437 ἔπαρχότητα
790 1380 1086 1435 συστησάμενος
1106 1384 1185 1422 τῶν
1207 1380 1456 1436 πραιτωρίων
1474 1379 1566 1430 τοὺς
1581 1378 1656 1421 ὕπ’

231 1448 334 1503 αὐτῇ
359 1451 567 1498 τελοῦντας
584 1448 911 1503 Αὐγουσταλίους
929 1449 972 1489 ἐκ
990 1453 1062 1501 τῆς
1081 1448 1223 1497 οῗκειάς
1241 1448 1508 1504 προσηγορίας
1529 1451 1660 1489 nazer-

231 1519 332 1556 σθαι
358 1513 551 1570 διώρισεν.

369 1582 442 1626 11.
510 1585 603 1623 Τῶν
635 1580 848 1631 πλείστων,
883 1578 986 1634 τάχα
1019 1581 1063 1622 δὲ
1091 1578 1248 1622 πάντων
1275 1585 1353 1622 τῶν
1378 1582 1494 1633 ι’χνῶν
1513 1578 1714 1621 &nam-20

233 1647 384 1703 φίντων
407 1651 478 1702 τῆς
502 1646 700 1703 ἔμφρονος
728 1645 1009 1701 παλαιότητος,
1044 1647 1115 1689 οὐκ
1142 1647 1218 1697 ἔξω
1247 1645 1430 1703 δακρύων
1451 1663 1510 1695 τις
1526 1648 1659 1688 διατε-

232 1718 312 1756 λῶν
343 1713 567 1768 ὖπομείνοι,
601 1712 824 1768 γιγνώσκων
858 1715 900 1755 ἐκ
934 1719 1012 1756 τῶν
1043 1713 1306 1768 ὑποκειμένων
1331 1715 1438 1763 ὅπως
1467 1713 1660 1767 ἀντείχετο

211 1816 214 1819 .
233 1783 325 1839 πρὶν
349 1780 370 1823 ὃ
391 1780 512 1835 νόμος
533 1785 605 1835 τῆς
623 1785 701 1823 τῶν
721 1779 906 1835 ὖπηκόων
926 1782 1171 1838 ἐλευθερίας,
1202 1783 1268 1822 καὶ
1297 1779 1402 1824 ὅσων
1431 1780 1534 1822 κατὰ
1564 1797 1660 1833 σμι-

323 1920 342 1953 1
377 1916 523 1961 ἰδιάζων
542 1920 585 1954 C.
764 1919 786 1953 5
819 1917 908 1960 τοὺς
929 1917 1069 1959 πάντας
1090 1914 1258 1962 ἀρίστους
1281 1918 1325 1953 C.
1507 1918 1550 1953 16
1573 1915 1592 1953 ὁ
1617 1918 1662 1952 C.

322 1965 368 1999 20
389 1962 668 2009 ἀπαλοιφέντων
686 1963 801 2008 vulgo.
936 1966 980 1999 21
1002 1965 1079 2008 lego
1103 1965 1278 1998 διατελεῖν
1295 1960 1487 2006 ὑπομένοι.
1507 1965 1553 1998 F.

233 2086 381 2121 Arcadio
399 2086 490 2130 lata,
523 2085 681 2120 sanciens
702 2089 739 2120 ut
761 2085 932 2131 peculiare
955 2098 995 2120 ac
1020 2098 1160 2131 prorsus
1182 2089 1375 2131 separatum
1399 2083 1573 2129 collegium
1596 2083 1664 2118 tri-

232 2132 327 2176 ginta
351 2141 488 2164 numero
507 2131 655 2165 virorum
667 2157 676 2173 ,
704 2131 763 2175 qui
783 2131 847 2164 iam
868 2137 968 2165 antea
986 2131 1076 2164 inter
1096 2131 1268 2165 adiutores
1288 2130 1507 2165 eminuissent
1519 2155 1529 2172 ‚
1558 2140 1661 2174 prae-

232 2177 367 2210 fectura
392 2175 614 2209 ministerium
647 2176 715 2210 sibi
746 2176 982 2210 constitueret.
1029 2188 1140 2221 neque
1173 2176 1259 2210 enim
1288 2182 1376 2218 tum,
1400 2173 1663 2218 imperatoribus

231 2232 302 2254 una
323 2232 396 2253 cum
423 2225 543 2253 senatu
570 2231 688 2254 causas
714 2221 946 2263 audientibus,
974 2221 1086 2254 omnia
1108 2221 1407 2266 praestantissimis
1434 2219 1536 2254 facile
1561 2217 1662 2252 mini-

232 2265 375 2299 sterium
392 2265 478 2307 fuit,
501 2266 586 2298 adeo
606 2271 644 2299 ut
665 2277 707 2299 ex
729 2265 814 2310 ipsis
836 2266 1074 2299 maturioribus
1098 2277 1228 2310 usuque
1251 2278 1291 2299 ac
1312 2270 1464 2309 tempore
1481 2267 1662 2309 praestan-

232 2310 345 2352 tibus,
378 2310 570 2353 quindecim
601 2310 862 2353 imperatoribus
886 2317 1086 2355 exceptores
1110 2311 1230 2344 selecti
1249 2311 1339 2353 sint,
1374 2320 1459 2354 quos
1482 2308 1663 2342 etiamnum

233 2357 417 2400 deputatos
435 2359 577 2398 vocant,
603 2355 660 2399 qui
678 2355 909 2399 Augustalium
933 2356 1061 2389 ordinis
1083 2355 1254 2401 principes
1273 2361 1364 2389 sunt.
1409 2354 1550 2387 necdum
1573 2351 1663 2386 enim

233 2410 346 2444 nuper
368 2404 558 2433 creatorum
581 2411 601 2432 a
623 2401 765 2434 secretis
795 2412 916 2434 nomen
947 2407 1038 2443 erat,
1073 2400 1215 2434 modicis
1250 2399 1425 2433 admodum
1453 2396 1663 2443 pecuniariis

233 2444 511 2489 quaestionibus,
538 2455 611 2477 cum
636 2444 767 2489 priores
790 2445 1013 2489 imperatores
1037 2446 1073 2478 in
1095 2445 1183 2478 bella
1205 2444 1523 2498 proficiscerentur,
1546 2446 1660 2475 recto-

235 2501 293 2523 res
317 2494 427 2523 autem
450 2489 701 2542 provinciarum
721 2489 872 2534 legibus,
903 2502 970 2523 non
991 2489 1121 2534 rapinis
1144 2489 1339 2533 vigilarent.
1386 2487 1528 2531 collegio
1551 2492 1663 2520 autem

233 2534 369 2568 illorum
386 2534 529 2578 triginta
545 2533 695 2567 virorum
712 2534 943 2578 Augustalium
961 2547 1081 2568 nomen
1098 2535 1153 2568 lex
1170 2535 1302 2579 posuit,
1327 2545 1394 2566 non
1411 2543 1535 2566 novum
1553 2541 1664 2575 neque

234 2591 367 2622 recens,
393 2580 453 2613 sed
474 2578 574 2623 primi
596 2578 786 2623 principum
809 2579 953 2613 nominis
976 2580 1166 2613 memoriam
1187 2589 1364 2621 revocans,
1391 2577 1461 2622 qui,
1484 2576 1534 2610 uti
1557 2586 1663 2619 saepe

234 2623 392 2667 diximus,
417 2635 490 2658 cum
510 2625 759 2668 praefecturam
783 2625 947 2668 praetorii
970 2624 1097 2668 primus
1119 2623 1335 2668 instituisset,
1360 2622 1396 2656 in
1420 2633 1462 2656 ea
1480 2620 1662 2654 militantes

233 2668 438 2712 Augustales
462 2681 482 2702 a
505 2679 567 2702 suo
590 2668 724 2702 nomine
748 2669 913 2722 appellari
935 2669 1054 2702 voluit.

326 2715 381 2747 11.
429 2713 594 2757 vestigiis
625 2714 800 2759 prudentis
831 2713 1046 2758 antiquitatis
1076 2711 1251 2747 maximam
1282 2715 1411 2757 partem
1445 2722 1486 2744 ac
1513 2710 1662 2743 fortasse

233 2757 390 2792 omnibus
409 2757 602 2801 exstinctis,
634 2770 654 2791 a
673 2758 820 2793 lacrimis
843 2759 911 2793 sibi
933 2770 1001 2791 non
1022 2757 1289 2803 temperaverit,
1319 2755 1378 2801 qui
1401 2768 1421 2789 e
1442 2752 1664 2799 sequentibus

235 2801 402 2848 intelliget
423 2804 590 2849 quomodo
611 2803 689 2838 olim
714 2803 839 2839 civium
863 2803 1015 2839 libertati
1041 2803 1098 2839 lex
1118 2801 1342 2847 consuluerit,
1373 2804 1523 2847 quotque
1543 2797 1662 2845 paula-
