1748 3210
703 173 1026 219 PRAEFATIO.
1520 183 1602 215 nx}

136 322 357 352 memorare
387 307 569 364 Lydum,
596 309 661 348 vel
691 307 815 347 rarius
838 307 1084 346 mentionem
1106 305 1238 344 facere
1265 303 1595 344 caerimoniarum

135 388 182 429 in
200 389 309 439 deos,
339 401 512 440 eumque
528 388 732 425 silentium
750 384 981 425 huiusmodi
995 399 1075 424 non
1093 392 1223 424 tutum
1239 382 1359 422 modo
1375 383 1446 421 sed
1465 382 1595 422 lione-

135 469 354 509 stissimum
377 481 535 520 quoque
556 480 641 505 esse
663 465 906 504 arbitratum.
943 467 1154 519 inquisisse
1175 466 1219 502 in
1238 465 1361 502 vitam
1381 465 1596 502 Caesarum

136 549 304 602 capitale
323 555 407 586 erat
436 545 521 599 (adi
539 547 581 584 in
600 546 739 598 primis
758 547 905 584 Iulium
921 548 1139 584 Firmicum
1156 545 1419 583 Astronomic.
1440 546 1467 585 2
1496 542 1594 594 33);

132 639 263 680 neque
283 625 406 675 illud,
438 639 555 678 agere
580 624 629 663 de
652 626 899 663 caerimoniis
917 627 1093 676 pristinis
1108 654 1120 674 ,
1149 624 1333 662 molestia
1360 636 1432 662 sua
1461 636 1594 661 carere

134 705 304 745 debebat
331 712 459 742 aetate
487 702 604 756 Lydi.
663 702 714 741 ad
748 704 980 754 religiones,
1012 703 1165 742 divinas
1196 705 1288 742 illas
1323 701 1486 755 quidem
1515 702 1587 741 sed
1609 717 1647 753 p.
1670 715 1721 740 xx

132 797 280 833 novem,
311 782 440 822 studio
464 783 706 821 inflammato
731 790 827 820 tunc
849 783 1104 834 rapiebantur
1122 783 1302 834 plerique
1330 795 1491 831 omnes3
1524 785 1594 835 qui

130 864 302 915 impium
331 862 438 916 (nisi
457 874 522 899 me
543 860 668 912 fallo)
699 869 945 914 reputassent
964 863 1140 913 proferre
1162 864 1205 899 in
1223 862 1355 899 lucem
1369 890 1379 910 ‚
1411 875 1513 914 quae
1542 875 1596 900 ex

130 942 363 995 pontificum
389 941 501 979 libris
536 941 700 979 eruisset
731 942 874 994 aliquis
909 941 957 979 de
986 942 1172 993 auspiciis
1192 942 1342 990 clivfis,
1373 942 1494 978 sacris
1516 954 1594 978 no-

130 1021 392 1069 vendialibus,
422 1021 673 1059 lectisterniis
697 1020 906 1069 faciundis,
938 1020 1292 1072 supplicationibus
1318 1022 1421 1059 circa
1441 1022 1594 1074 templa

128 1085 223 1140 fana
251 1101 476 1153 pulvinaria
511 1099 783 1138 decernendis.
844 1100 1125 1152 quamobrem,
1164 1101 1330 1151 opinor,
1362 1099 1471 1138 haud
1506 1103 1593 1139 sine

127 1183 240 1234 gravi
258 1194 376 1219 causa
394 1193 475 1218 non
493 1181 571 1218 nisi
589 1193 729 1231 pauca,
761 1192 885 1232 eaque
904 1180 1082 1228 obscura,
1114 1181 1301 1231 antiquae
1322 1183 1592 1232 persuasionis

127 1261 296 1312 vestigia
325 1261 368 1297 in
398 1261 597 1310 excerptis
617 1260 698 1296 suis
719 1260 881 1311 reliquit
895 1259 1047 1311 Lydus.
1106 1259 1267 1311 reliquit
1294 1267 1451 1309 tamen,
1482 1261 1594 1298 velut

126 1353 169 1393 p.
190 1341 271 1382 288
299 1341 351 1380 10
381 1337 430 1376 de
455 1339 595 1390 populi
613 1338 707 1375 victi
728 1339 978 1376 caerimoniis
997 1338 1048 1375 ad
1067 1339 1269 1376 Romanos
1289 1338 1591 1377 transferendis.

125 1421 225 1458 item
254 1421 297 1457 in
330 1418 537 1469 fulgurum
574 1417 965 1468 interpretationibus
1006 1431 1047 1468 p.
1075 1414 1158 1458 342
1188 1439 1238 1444 —
1268 1415 1373 1466 348,
1420 1418 1510 1467 ubi,
1556 1419 1592 1457 si

124 1510 252 1551 pauca
271 1497 499 1548 exceperis,
528 1496 611 1533 iam
630 1494 735 1534 nihil
754 1497 827 1534 erit
845 1509 986 1534 causae
1015 1497 1112 1549 quin
1135 1494 1271 1534 credas
1294 1503 1474 1548 sumptas
1500 1498 1592 1535 illas

126 1590 212 1616 esse
237 1589 292 1614 ex
315 1575 418 1613 libro
441 1581 574 1613 vetere
591 1575 793 1627 pontificio
813 1577 948 1613 rituali
965 1575 1170 1626 fulgurali.
1229 1575 1372 1627 quibus
1395 1573 1445 1612 de
1465 1576 1591 1626 libris,

125 1662 165 1694 et
191 1655 352 1694 omnino
388 1653 438 1692 de
468 1655 643 1693 fontibus
675 1654 782 1693 unde
813 1653 947 1693 hausit
973 1661 1110 1692 auctor
1127 1661 1284 1703 noster,
1315 1667 1408 1692 cum
1429 1668 1474 1692 ea
1495 1670 1597 1707 pro-

123 1735 256 1787 prium
277 1746 376 1785 opus
399 1733 646 1783 desiderent,
677 1735 835 1787 sintque
861 1747 943 1772 non
971 1735 1101 1785 magis
1133 1734 1319 1784 ambigua
1340 1747 1460 1786 quam
1483 1734 1594 1773 diffi-

125 1813 217 1852 cilia
243 1813 468 1863 explicatu,
498 1814 669 1852 conabor
692 1813 908 1867 aliquando
935 1814 1155 1852 accuratius
1174 1825 1314 1864 agere,
1346 1812 1488 1852 eodem
1507 1815 1591 1852 sere

122 1891 243 1930 modo
274 1891 335 1944 (si
364 1899 499 1931 tamen
528 1893 704 1946 possim)
737 1908 816 1947 quo
852 1907 981 1945 nuper
1010 1895 1071 1932 vir
1100 1907 1282 1932 summus
1308 1895 1592 1943 AHLHeeren,

125 1972 236 2010 cuius
252 1972 378 2022 gloria
397 1972 516 2024 longe
539 1974 679 2012 clarior
698 1981 756 2012 est
777 1987 898 2026 quam
919 1980 963 2010 ut
981 1979 1114 2012 nostro
1139 1986 1313 2012 crescere
1334 1975 1459 2024 possit
1477 1974 1592 2012 testi-
1642 2003 1645 2007 .

123 2051 283 2100 monio,
312 2051 355 2088 in
383 2053 717 2090 commentatione
739 2054 799 2090 De
817 2052 993 2090 fontibus
1015 2059 1054 2091 et
1076 2054 1307 2091 auctoritate
1326 2054 1499 2092 vitarum
1517 2067 1592 2106 pa-

123 2128 354 2167 rallelarum
383 2129 610 2180 Plutarchi,
642 2130 747 2169 edita
775 2132 986 2183 Gottingae
1017 2133 1139 2180 1820,
1164 2134 1206 2174 8·
1264 2143 1311 2169 ac
1343 2132 1510 2171 fortasse
1540 2133 1592 2171 ad
1614 2149 1650 2183 p.
1676 2150 1741 2175 xx1

123 2206 202 2246 hoc
219 2215 339 2260 caput
358 2210 639 2262 antiquitatum
658 2212 929 2250 Romanarum
946 2211 1124 2263 aliquam
1145 2212 1249 2263 potis
1269 2225 1335 2250 ero
1360 2211 1501 2250 afferre
1522 2226 1591 2250 ac-

123 2288 357 2326 cessionem.
415 2301 511 2326 nam
536 2289 778 2340 fragmenta,
817 2291 1169 2344 quantulacunque
1199 2291 1303 2340 sint,
1332 2298 1486 2330 veteres
1514 2305 1592 2343 po-

123 2367 211 2419 puli
233 2367 406 2405 Romani
434 2369 645 2419 religiones
677 2370 941 2422 explicantitt,
984 2369 1146 2407 Lcincii
1172 2369 1388 2419 Alimenti,
1431 2371 1589 2422 Anysfi,

124 2445 347 2497 Elpidiani,
389 2447 520 2485 Fulvii
547 2449 700 2498 Flacci,
738 2451 844 2488 Iunii
872 2447 1063 2499 Gracchi,
1106 2449 1221 2487 Bebii
1248 2449 1394 2497 Macri,
1423 2449 1590 2488 Masurii

125 2523 287 2574 Sabini,
315 2527 421 2574 Nisi,
449 2527 590 2564 Rutilii
620 2528 780 2566 Gemini
811 2531 1060 2582 aliorumque
1090 2540 1402 2581 anonymorum,
1444 2527 1589 2578 collegi

125 2601 360 2642 iamdudum
375 2603 654 2658 undecunque,
675 2621 767 2646 cum
784 2622 838 2647 ex
853 2609 966 2647 libris
984 2607 1114 2658 editis,
1135 2609 1394 2659 maximeque
1413 2620 1434 2643 e
1451 2619 1589 2657 gram-

122 2683 301 2731 maticis,
339 2690 428 2721 tum
463 2698 517 2722 ex
556 2684 671 2723 codd.
703 2689 983 2740 manuscriptis
1013 2690 1149 2739 Regiis
1174 2685 1584 2738 bibliothecarumque

123 2761 313 2812 aliarum,
355 2770 548 2817 quotquot
577 2767 619 2803 in
646 2767 854 2807 itineribus
880 2769 982 2808 meis
1012 2768 1160 2806 Italicis
1192 2766 1304 2819 potui
1333 2767 1583 2818 perscrutari.
