1748 3210
405 173 480 215 DE
512 170 957 215 MAGISTRATIBUS
991 172 1036 214 P.
1063 171 1117 214 R.
1152 171 1254 214 LIB.
1283 171 1360 216 III.
1516 175 1614 220 215

163 305 237 344 χος
265 285 348 337 οἷος
377 285 450 328 οὐκ
477 285 621 337 ἄλλος,
657 285 695 327 οἱ
718 287 762 328 δὲ
782 284 908 343 ἄμφω
931 286 1172 343 κυαίστωρες
1187 283 1388 342 γενόμενοι
1406 286 1479 342 τὴν
1498 292 1612 330 πολι-

167 357 274 399 τείαν
300 352 527 410 ἐκόσμησαν
535 387 548 406 ,
591 356 981 410 συλλαμβανομένων
1019 356 1154 406 αὐτοῖς
1184 357 1272 412 περὶ
1303 356 1399 406 τοὺς
1429 356 1615 407 ἐπαίνους

166 422 324 467 πάντων
342 421 446 478 ὁμοῦ
467 428 547 466 τῶν
570 421 658 466 τότε
683 422 920 480 δικολόγων,
953 426 1042 482 περὶ
1064 418 1120 467 ὧν
1142 428 1257 479 σιγᾶν
1277 423 1438 478 ἄμεινον
1460 423 1487 480 ἢ
1510 425 1611 482 παρ’

166 493 281 544 ἀξίαν
297 493 468 535 ἐπαινεῖν
489 490 758 549 κοσμιώτερον
779 490 904 547 οἶμαι.
972 495 1039 535 καὶ
1067 497 1195 535 ταῦτα
1218 493 1293 547 μέν
1319 505 1438 536 ποτε·
1474 497 1546 535 νῦν
1571 493 1615 536 δὲ

131 561 214 603 ὄοῦ
242 559 368 615 μόνον
397 562 470 603 οὐκ
501 560 629 613 ἔστιν,
665 561 759 603 ἀλλ’
786 561 880 604 οὐδὲ
900 560 1063 617 μνήμης
1087 561 1194 612 τινὸς
1219 562 1446 614 ἀξιοῦνται,
1480 561 1540 604 δι’
1567 560 1617 612 ἃς

163 629 238 684 οὔχ
259 629 368 680 ἅπαξ
390 627 650 684 ἀπεδώκαμεν
674 631 816 680 αἰτίας.

298 697 378 742 21.
446 698 570 741 Μετὰ
589 698 633 740 δὲ
650 698 719 740 τὸν
743 698 800 751 ἀβ
823 697 934 747 ἶίκτις
953 694 975 739 ὃ
994 696 1250 755 ῥηγενδάριος
1272 699 1335 741 ἐπὶ
1356 701 1429 752 τῆς
1449 697 1616 755 φροντί-

163 767 236 816 δος
253 770 334 809 τῶν
353 766 625 821 συνθημάτων
641 771 712 809 τοῦ
730 768 925 821 δημοσίου
947 765 1100 822 δρόμου
1123 768 1358 822 τεταγμένος
1378 766 1434 808 ἔτι
1457 767 1522 808 καὶ
1545 769 1616 808 νῦν

164 834 316 890 λέγεται
331 835 425 888 μέν,
459 833 622 891 πράττει
642 836 686 877 δὲ
701 835 816 878 οὐδέν
824 867 838 887 ,
866 839 938 877 τοῦ
955 836 1179 892 ,ιιαγίστρου
1197 841 1269 890 τῆς
1286 835 1411 890 αὐλῆς
1426 835 1499 887 τὴν
1517 834 1614 889 ὅλην

109 907 154 942 10
163 900 409 959 ὕφελομένου
429 907 502 946 τοῦ
522 901 756 959 πράγματος
775 904 972 954 ἐξουσίαν.
1038 903 1141 957 μεθ’
1165 902 1211 945 ὃν
1230 904 1268 944 οἷ
1283 908 1364 945 τῶν
1383 900 1616 957 διοικήσεων

163 975 290 1027 κοῦρα
321 969 613 1028 ἔπιστολάρουμ
627 1003 640 1022 ,
679 972 725 1013 οἳ
748 971 823 1021 τὰς
853 971 927 1024 μὲν
959 971 1022 1012 ἐπὶ
1057 977 1140 1021 τοῖς
1172 972 1380 1026 δημοσίοις
1410 969 1617 1027 φοιτώσας

159 1036 332 1095 ψήφους
357 1037 558 1096 γράφουσι
582 1038 729 1093 μόνον,
763 1039 808 1082 τὸ
836 1038 974 1081 λοιπὸν
996 1038 1387 1096 καταφρονούμενοι·
1423 1039 1461 1081 οἱ
1485 1039 1528 1080 δὲ
1548 1043 1614 1080 λε-

159 1105 319 1162 γόμενοι
347 1108 604 1163 τρακτευταί,
639 1107 713 1162 τὴν
740 1107 987 1163 ἐγνωσμένην
1015 1107 1151 1158 αὐτοῖς
1180 1109 1442 1150 διδασκαλίαν
1472 1104 1615 1149 ὑποτι-

158 1174 299 1225 θέντες
318 1179 379 1232 τῷ
399 1174 701 1231 προστάγματι,
731 1177 804 1230 τὴν
825 1175 921 1230 ὅλην
942 1174 1179 1233 ὖφήρπαζον
1199 1177 1403 1227 ἐξουσίαν,
1437 1174 1616 1229 μάλιστα

105 1246 150 1282 15
163 1244 206 1294 ἐξ
225 1241 319 1285 ὅτου
339 1242 412 1298 τὴν
430 1243 557 1300 ἀρχὴν
573 1242 730 1293 ἑαυτοῖς
749 1243 953 1300 ἐθάρρουν
973 1250 1186 1300 περιποιεῖν
1207 1244 1245 1286 οἱ
1268 1241 1518 1300 σκρινιάριοι.

294 1311 435 1366 Πέρας
454 1312 526 1365 μὲν
545 1306 622 1354 ὧδε
639 1316 718 1354 τῶν
738 1316 844 1367 λογι.
857 1342 890 1353 ..
910 1317 982 1366 τῆς
999 1310 1148 1362 τάξεως
1167 1310 1446 1366 συστημάτων.
1515 1313 1613 1353 δου-

159 1375 341 1435 κηνάριοι
370 1380 437 1420 καὶ
463 1378 709 1436 κεντηνάριοι
729 1382 895 1436 βίαρχοί
914 1397 955 1422 τε
977 1382 1044 1421 καὶ
1067 1379 1310 1438 ἀδιούτωρες
1333 1381 1399 1422 καὶ
1419 1378 1471 1422 τὰ
1491 1378 1615 1422 λοιπὰ

157 1451 232 1501 τῆς
253 1445 404 1497 τάξεως
429 1448 529 1502 μέλη
540 1480 553 1499 ,
589 1447 761 1491 ἀνύοντα
790 1448 864 1503 τὴν
883 1446 962 1491 ὑπὸ
980 1453 1051 1491 τοῦ
1075 1447 1201 1504 νόμου
1223 1449 1454 1503 τεθειμένην
1478 1447 1616 1498 αὐτοῖς

158 1516 428 1571 λειτουργίαν,
470 1517 598 1572 τέρμα
621 1521 694 1571 τῆς
721 1518 931 1572 στρατείας
954 1515 1089 1559 ὁποῖον
1114 1516 1140 1572 ἦ
1166 1516 1264 1572 τύχη
1292 1518 1381 1571 δοίη
1403 1520 1615 1570 καταλαμ-

101 1581 327 1636 2οβάνουσι
338 1614 352 1634 ,
376 1587 456 1625 τῶν
476 1584 697 1640 λεγομένων
714 1582 963 1642 θηκοφόρων
972 1617 985 1636 ‚
1011 1584 1056 1626 οἳ
1071 1585 1144 1636 τὰς
1166 1586 1374 1642 προτομὰς
1394 1589 1466 1639 τῆς
1487 1584 1615 1640 ἀρχῆς

156 1651 325 1707 φέρουσι
333 1682 347 1703 ,
372 1652 439 1693 καὶ
460 1653 692 1709 διαιταρίων
710 1653 752 1694 ἓν
770 1651 918 1710 ἑτέροις
937 1654 1011 1707 μὲν
1027 1651 1203 1709 τάγμασι
1224 1658 1296 1708 τῆς
1316 1652 1466 1704 τάξεως
1487 1669 1614 1695 κατα·

155 1720 397 1776 λεγομένων,
428 1722 681 1778 λειτουργίαν
696 1722 740 1764 δὲ
759 1719 1031 1779 πληρούντων.

244 1830 271 1864 2
308 1827 384 1862 τῶν
419 1825 551 1869 αὐτοῖς
586 1829 630 1865 C.
815 1830 860 1865 10
893 1827 1007 1873 μέσον
1041 1828 1085 1863 C.
1272 1828 1315 1864 15
1340 1826 1547 1874 σκρινάριοι
1568 1827 1613 1862 C.

248 1873 293 1908 16
312 1873 390 1918 lego
412 1875 576 1919 λογικῶν.
622 1877 669 1910 cf.
692 1876 714 1910 3
737 1876 759 1911 7
782 1877 946 1919 λογικαῖς
962 1874 1212 1919 λειτουργίαις.
1236 1874 1282 1908 F.
1430 1872 1617 1918 δουκηνά-

246 1930 322 1962 ριοι
342 1917 412 1964 γὰρ
434 1920 527 1955 naz?
662 1923 707 1956 ΞΟ
730 1920 767 1956 οὶ
790 1922 865 1956 τῶν
888 1921 933 1956 C.

155 2013 300 2057 quorum
322 2010 380 2046 ille
398 2012 597 2056 praefectus
616 2011 793 2056 praetorio
806 2038 816 2056 ,
840 2010 951 2056 qualis
972 2022 1072 2045 nemo
1093 2010 1179 2044 alius
1193 2037 1202 2054 ,
1224 2008 1261 2043 hi
1280 2021 1365 2044 vero
1384 2011 1483 2045 ambo
1506 2021 1614 2055 quae-

156 2063 269 2092 stores
291 2067 366 2091 rem
387 2056 558 2102 publicam
582 2063 765 2098 ornarunt3
791 2068 879 2102 quae
902 2057 1022 2090 laudes
1046 2057 1089 2090 ab
1118 2056 1275 2090 omnibus
1298 2067 1366 2089 una
1388 2061 1460 2089 tum
1478 2060 1615 2100 tempo-

155 2103 205 2137 ris
229 2102 406 2136 advocatis
434 2104 670 2146 augebantur3
705 2104 749 2136 de
781 2102 907 2147 quibus
938 2107 1058 2136 tacere
1088 2101 1197 2136 satius
1220 2112 1321 2146 qnam
1345 2101 1434 2135 citra
1455 2101 1617 2135 meritum

154 2147 297 2182 laudare
313 2147 493 2182 decentius
514 2147 687 2182 existimo.
736 2152 772 2182 et
791 2148 877 2182 haec
899 2147 1038 2192 quidem
1056 2147 1153 2181 olim:
1178 2158 1268 2181 nunc
1285 2158 1371 2181 vero
1393 2159 1463 2181 non
1482 2152 1616 2182 tantum

156 2204 226 2227 non
247 2198 348 2237 sunt,
381 2194 444 2228 sed
469 2205 514 2228 ne
535 2193 700 2228 memoria
719 2192 858 2240 quidem
880 2193 948 2228 ulla
972 2193 1176 2238 dignantur,
1215 2194 1259 2228 ob
1294 2204 1379 2238 quas
1408 2205 1478 2227 non
1508 2192 1616 2228 semel

155 2237 350 2273 rettulimus
373 2250 508 2274 causas.

244 2283 303 2318 21.
348 2284 446 2318 Actis
493 2284 684 2319 raefectum
706 2283 863 2330 sequitur
888 2284 1136 2329 regendarius,
1169 2283 1229 2329 qui
1255 2283 1390 2318 muneri
1412 2283 1616 2327 synthema-

155 2333 372 2366 tumcursus
394 2296 525 2375 pubiici
546 2330 767 2375 praepositus
791 2330 975 2365 etiamnum
993 2330 1121 2364 dicitur
1139 2330 1298 2374 quidem,
1319 2329 1406 2363 facit
1427 2335 1542 2364 autem
1559 2328 1616 2363 ni-

155 2374 227 2418 hil,
261 2379 338 2409 tota
368 2375 422 2410 rei
451 2382 628 2421 potestate
651 2387 715 2421 per
735 2376 934 2421 magistrum
959 2376 1058 2410 aulae
1082 2381 1255 2420 surrepta.
1303 2376 1393 2409 hunc
1423 2379 1618 2419 sequuntur

157 2420 369 2455 dioecesium
401 2433 504 2457 curae
531 2421 773 2466 epistolarum,
808 2423 869 2467 qui
900 2433 1007 2467 super
1036 2421 1183 2466 publicis
1216 2420 1444 2466 procedentia
1473 2421 1617 2454 decreta

156 2465 316 2500 scribunt
341 2472 491 2512 tantum,
525 2478 616 2502 nunc
645 2467 815 2511 neglecti;
847 2473 1056 2502 tractatores
1090 2472 1228 2509 autem,
1261 2471 1300 2499 ut
1323 2471 1472 2510 vocant,
1504 2465 1617 2499 visam

158 2510 248 2556 ipsis
275 2513 532 2558 suggestionem
564 2514 724 2548 mandato
749 2512 996 2556 subiicientes‚
1028 2517 1136 2546 totam
1169 2516 1379 2557 potestatem
1400 2510 1616 2558 surripuere,

158 2556 307 2592 maxime
329 2570 372 2592 ex
394 2569 463 2603 quo
484 2559 659 2594 scriniarii
681 2559 936 2605 praefecturam
958 2558 1027 2593 sibi
1048 2558 1124 2592 ausi
1147 2563 1228 2592 sunt
1245 2568 1424 2601 arrogare.

249 2602 300 2636 Hi
335 2604 502 2649 postremi
538 2604 754 2640 literatorum
793 2604 904 2639 officii
942 2604 1112 2639 ordinum.
1171 2602 1369 2647 ducenarii,
1411 2602 1616 2647 centenarii,

159 2647 293 2682 biarchi
317 2654 354 2683 et
374 2650 569 2695 adiutores,
604 2656 640 2686 et
668 2650 804 2696 reliqua
831 2650 941 2684 officii
963 2651 1133 2693 membra,
1168 2661 1257 2695 quae
1285 2648 1363 2693 lege
1393 2650 1618 2684 constitutum

158 2692 248 2738 ipsis
270 2693 495 2730 ministerium
518 2696 680 2743 implent,
713 2696 896 2733 terminum
920 2695 1082 2740 militiae,
1117 2695 1252 2740 qualem
1275 2695 1415 2729 fortuna
1435 2696 1513 2739 dat,
1538 2705 1617 2729 sor-

159 2738 312 2774 tiuntun
342 2739 534 2787 cistophori
567 2747 705 2787 autem,
743 2742 804 2788 qui
835 2743 1077 2787 praefecturae
1100 2740 1296 2775 dimidiatas
1323 2740 1462 2785 effigies
1485 2742 1616 2784 ferunt,

160 2779 197 2863 et
223 2784 388 2866 dtiaetarii
412 2786 462 2822 im
477 2787 554 2824 aliis
585 2789 696 2826 officii
723 2787 905 2826 ordinibus
932 2793 1200 2824 annumerantur
1227 2786 1524 2835 ministeriumque
1548 2787 1616 2823 im—

158 2841 183 2877 p
197 2841 242 2865 en
260 2854 270 2866 .
