1748 3210
349 183 426 228 DE
458 179 903 229 MAGISTRATIBUS
935 179 982 224 Ρ.
1011 178 1064 222 R.
1099 177 1201 221 LIB.
1235 176 1311 240 IlL
1456 177 1552 223 271

89 296 266 358 χρηστά.
334 297 390 350 ὥς
415 298 493 355 γὰρ
521 296 613 352 ἵστη
635 301 707 352 τῆς
722 294 886 352 ,ἀπήνης
904 293 1134 352 ἔμπροσθεν
1158 291 1179 336 ὃ
1199 291 1402 349 ὕπαρχος,
1435 292 1554 346 βέλος

98 369 265 419 ἀναθεὶς
293 366 396 425 τόξῳ
429 366 602 423 πονηρός
633 384 694 416 τις
726 366 811 421 (ἔτι
831 365 908 421 γὰρ
932 363 952 407 ὃ
974 366 1101 419 δῆμος
1125 361 1360 417 ἄτυχήσεσιν
1381 362 1550 417 ἐχρῆτο)

96 434 328 492 στοχάζεται
363 437 436 490 μὲν
466 436 613 487 αὐτοῦ,
659 439 734 477 τοῦ
766 435 809 476 δὲ
839 435 984 488 βέλους
1015 429 1296 487 ἆμπλακόντος
1327 429 1449 479 αὐτὸς
1478 430 1551 483 μὲν

86 505 281 560 -ἆβλαβὴς
312 503 368 555 ὡς
395 503 567 555 θεόπαις
592 507 664 558 τῆς
690 503 880 561 προνοίας
909 501 1082 559 φανερὸς
1106 500 1340 555 ἀπεδείχθη.
1406 497 1550 542 τούτου

60 574 141 618 6δέ
167 573 398 628 συμβάντος
428 572 448 615 ὅ
478 574 551 628 μὲν
581 574 709 627 δῆμος
739 575 819 613 τῶν
850 570 984 613 ὅπλων
1007 572 1074 612 καὶ
1096 567 1292 626 θορύβων
1312 565 1550 624 παρεχώρει,

92 641 164 684 τόν
195 659 238 685 τε
265 641 478 699 κράτιστον
509 642 693 695 ἅνυμνῶν
721 640 892 693 βασιλέα
926 639 967 682 ἓν
994 639 1209 692 εὐθυμίαις
1236 635 1464 692 ἡδυπαθῶν
1482 636 1551 678 καὶ

93 709 337 767 σκιρτήμασι
360 711 544 762 διετέλει,
580 708 746 766 ἀθρόως
762 710 805 751 ἐκ
821 710 1015 763 μεγίστων
1035 706 1230 764 θορύβων
1249 707 1315 748 καὶ
1338 703 1478 763 φόβων
1496 706 1551 754 εἷς

93 779 243 829 αὐλοὺς
260 781 325 821 καὶ
340 781 504 836 χορείας
518 776 782 832 μεταβαλών,
817 781 929 819 πᾶσα
952 777 996 818 δὲ
1019 776 1201 832 ἀφθονία
1222 779 1301 817 τῶν
1321 774 1551 828 ἐπιτηδείων

92 847 345 903 κατελήλυθε
374 849 446 902 τὴν
474 847 612 898 πόλιν,
648 847 777 896 ἀδεῶς
804 847 870 887 καὶ
895 845 997 899 μετ’μ
1021 843 1270 901 εὐφροσύνης
1291 841 1451 884 πάντων
1471 846 1552 884 τῶν

37 924 83 958 10
93 913 342 970 ὁπουδήποτε
358 917 638 973 κρυπτομένων
659 917 730 956 καὶ·
747 911 1023 971 διαφυγόντων
1038 913 1133 962 τοὺς
1149 911 1358 961 κινδύνους
1378 908 1554 967 εἰσρεόν-

89 1001 171 1026 των
199 989 250 1042 τῇ
277 983 389 1027 πόλει
418 986 484 1026 καὶ
514 979 1053 1039 παντοίανσυμφορούντων-
1081 980 1307 1036 εὐετηρίαν·
1352 979 1439 1036 ᾔδει
1471 979 1550 1036 γὰρ

89 1051 199 1102 ἅπας
219 1083 276 1095 ...
288 1071 348 1103 τις
366 1047 437 1095 οὖν
453 1052 616 1106 ἀβλαβῆ
635 1053 700 1093 καὶ
721 1053 904 1105 λυσιτελῆ
928 1049 975 1092 τὸ
995 1050 1134 1091 λοιπὸν
1159 1048 1326 1091 ἔσεσθαι
1346 1054 1429 1097 τοῖς
1443 1045 1551 1102 υπη-

89 1118 199 1171 κὸοις
229 1121 302 1176 τὴν
333 1125 405 1163 τοῦ
435 1121 528 1175 βίου
558 1121 762 1174 μέθοδον,
797 1123 877 1162 τῶν
906 1135 949 1174 γε
978 1118 1148 1174 ἀγαθῶν
1167 1119 1208 1159 ἓν
1234 1117 1336 1174 αὐτῇ
1357 1119 1552 1170 πλημμυ-

90 1187 280 1246 ροῦντων.
349 1188 450 1243 ἔχων
480 1186 502 1229 ὅ
533 1189 727 1242 βασιλεὺς
753 1187 856 1241 μετὰ
886 1187 956 1229 τὸν
988 1186 1111 1229 αὐτὸν
1135 1183 1318 1242 ὕπαρχον
1341 1183 1551 1241 ἓνάρχεται

33 1256 314 1313 ιόπροθῦμως
345 1257 509 1299 ἀνιστᾶν
540 1257 586 1298 τὸ
618 1261 690 1299 τοῦ
719 1254 895 1311 μεγάλου
928 1259 1031 1297 θεοῦ
1059 1255 1241 1309 τέμενος·
1275 1255 1342 1295 καὶ
1369 1253 1551 1306 ποταμὸς

87 1325 190 1383 ἴρρει
205 1323 429 1382 χρημάτων
449 1332 537 1375 ταῖς
550 1325 750 1379 βασιλέως
768 1325 902 1379 εὗχαῖς
918 1325 985 1365 καὶ
1006 1328 1055 1380 τῇ
1075 1320 1306 1378 δικαιοσύνῃ
1326 1326 1399 1364 τοῦ
1415 1319 1551 1377 ὑπάρ-

83 1410 162 1447 χου
187 1392 391 1448 χεόμενος.
457 1394 657 1450 τέσσαρας
691 1387 761 1435 οὖν
787 1391 976 1447 χιλιάδας
1007 1393 1150 1434 αὐτίκα
1164 1393 1335 1448 χρυσίου
1355 1394 1504 1447 λιτρῶν
1527 1387 1549 1430 ὃ

84 1461 266 1518 ὕπαρχος
283 1469 366 1512 τοῖς
386 1462 516 1518 ἔργοις
532 1464 660 1516 ἒπὲχεε
678 1466 752 1504 τοῦ
770 1462 901 1518 ἱεροῦ,
935 1461 1106 1515 μηδενὸς
1125 1461 1410 1513 ἀδικουμένου,
1444 1458 1550 1513 μηδὲ

86 1534 160 1584 τῆς
195 1530 394 1585 τυχούσης
428 1531 633 1588 εὐετηρίας
664 1533 720 1580 εἷς
749 1530 877 1584 ἀσεβῆ
898 1532 1056 1584 ποίησιν
1078 1530 1378 1582 ἐπινοηθείσης·
1414 1527 1549 1583 ἔχαιρε

28 1599 164 1656 Ξογὰρ
198 1599 441 1654 ἠξιωμένος,
478 1602 533 1649 εἰς
559 1603 663 1642 θεοῦ
690 1599 809 1653 τιμὴν
838 1600 906 1640 καὶ
933 1597 1112 1652 σπουδὴν
1135 1597 1337 1650 εὐσεβείας
1352 1613 1549 1652 παρατει-

83 1665 260 1720 νόμενος.
331 1669 396 1710 καὶ
426 1667 652 1722 θαυμάζειν
685 1668 757 1710 οὐκ
787 1666 956 1716 ἔνεστιν,
993 1668 1027 1708 εἷ
1059 1670 1159 1708 θεοῦ
1195 1664 1393 1722 παρόντος
1414 1662 1548 1705 πάντα

84 1743 266 1793 παρεῖναι
296 1738 506 1791 συμβαίνει
533 1745 616 1788 τοῖς
636 1736 744 1795 αὐτῷ
763 1739 919 1789 μᾶλλον
937 1734 962 1790 ἢ
982 1736 1200 1792 περινοιάις
1224 1731 1454 1790 ἀνθρώπιον
1473 1733 1546 1786 τὴν

172 1844 197 1878 2
219 1839 377 1888 ἄναφεὶς
393 1844 511 1889 vulgo.
676 1841 889 1888 οἷτυχὲσεσιν
907 1844 951 1878 C.
1111 1843 1134 1877 3
1157 1838 1402 1885 ἐμπλακέντος
1425 1841 1545 1886 vulgo.

168 1891 192 1924 4
209 1887 260 1930 ὥς
275 1888 449 1935 θεόπαις]
466 1890 666 1926 coniectura
682 1903 725 1924 ex
740 1890 897 1935 reliquiis
916 1889 1107 1923 literarum.
1132 1890 1176 1922 F.
1294 1884 1483 1931 ἀπεδέχθη
1501 1889 1545 1921 C.

173 1937 215 1970 11
253 1931 328 1980 ἤδη
365 1937 409 1970 C.
588 1938 632 1972 12
670 1942 751 1981 post
785 1932 885 1975 ἅπας
922 1935 1056 1980 aliquot
1090 1935 1215 1969 literae
1252 1933 1458 1968 exstinctae.
1498 1935 1545 1967 1⁴¹.

173 1982 217 2016 14
238 1980 316 2026 lego
339 1979 376 2024 ἐξ
401 1975 464 2016 ὦν.
489 1983 535 2016 F.
676 1983 719 2016 18
742 1979 866 2025 ἔπεχεν
888 1982 937 2027 C,
963 1981 1091 2024 ἐπέσχε
1109 1981 1155 2014 F.
1293 1981 1340 2014 22
1361 1976 1479 2014 αὐτὸν
1499 1981 1544 2013 C.

77 2073 284 2118 procedere.
332 2073 411 2107 dum
430 2072 520 2106 enim
544 2072 581 2106 in
604 2072 748 2118 primori
770 2084 873 2106 curru
894 2073 1094 2116 praefectus
1120 2074 1252 2115 stabat,
1277 2083 1393 2106 arcum
1414 2071 1545 2116 impro-

78 2119 142 2152 bus
167 2118 291 2163 aliquis
319 2118 473 2161 (etenim
499 2118 750 2153 calamitatibus
771 2118 884 2152 adhuc
908 2118 1035 2164 populo
1065 2129 1152 2163 opus
1176 2120 1277 2162 erat)
1300 2118 1337 2151 in
1360 2129 1436 2151 eum
1455 2117 1543 2151 diri-

79 2164 151 2207 git:
195 2170 232 2198 at
265 2164 398 2198 erravit
430 2164 557 2207 telum,
600 2164 747 2210 ipseque
775 2164 954 2198 incolumis
984 2164 1093 2198 veluti
1123 2164 1265 2199 divinae
1299 2163 1546 2209 providentiae

78 2209 170 2243 filius
194 2209 379 2243 manifeste
401 2211 575 2254 apparuit.
622 2221 690 2254 quo
715 2211 807 2244 facto
831 2210 979 2255 populus
1003 2211 1046 2244 ab
1066 2211 1169 2244 armis
1193 2209 1377 2255 turbisque
1396 2209 1545 2252 destitit,

79 2256 314 2300 optimumque
345 2255 524 2289 celebrans
556 2256 799 2300 imperatorem
831 2256 1120 2291 oblectationibus
1149 2256 1364 2300 saltibusque
1388 2255 1545 2298 indulsit,

76 2300 235 2334 maximis
259 2313 280 2334 e
302 2301 414 2335 turbis
439 2313 480 2335 ac
503 2302 696 2336 terroribus
718 2303 762 2336 ad
788 2303 892 2336 tibias
916 2302 1031 2336 subito
1057 2308 1094 2336 et
1116 2303 1320 2337 saltationes
1341 2307 1542 2346 transgres-

77 2358 150 2381 sus.
198 2358 329 2381 summa
353 2359 435 2382 vero
455 2348 729 2382 necessariarum
747 2360 862 2382 rerum
887 2349 1098 2382 abundantia
1114 2348 1151 2382 in
1167 2350 1295 2382 'urbem
1316 2347 1442 2391 rediit,
1466 2359 1543 2382 cum

76 2392 192 2427 securi
216 2392 369 2437 laetique
393 2405 530 2437 omnes,
567 2405 771 2439 quocunque
792 2395 942 2429 latentes
963 2394 1040 2428 loco
1064 2395 1220 2440 pericula
1241 2393 1468 2437 effugissent,
1506 2393 1544 2426 in

75 2439 194 2472 urbem
218 2437 407 2473 influerent
428 2446 532 2484 atque
555 2441 664 2474 omnis
696 2441 834 2486 generis
860 2441 994 2485 copiam
1023 2442 1246 2475 conferrent:
1280 2445 1428 2473 noverat
1451 2438 1543 2472 enim

77 2483 223 2530 quisque
246 2484 450 2519 incolumem
471 2485 509 2519 in
529 2491 706 2530 posterum
728 2492 765 2520 et
785 2487 970 2521 salutarem
987 2486 1121 2520 civibus
1145 2488 1223 2520 fore
1247 2485 1342 2519 vitae
1363 2485 1543 2520 condicio-

76 2541 176 2574 nem,
209 2530 311 2564 bonis
341 2531 499 2566 nimirum
533 2532 569 2565 in
603 2544 644 2567 ea
676 2533 966 2567 redundantibus.
1014 2538 1095 2577 post
1125 2544 1214 2577 quae
1246 2532 1436 2577 imperator
1467 2543 1544 2566 cum

77 2575 198 2610 eodem
219 2577 400 2621 praefecto
424 2574 541 2622 ma'gni
567 2579 625 2612 dei
654 2579 816 2624 templum
843 2578 1008 2613 alacriter
1026 2584 1207 2612 exstruere
1225 2577 1366 2622 coepit3
1390 2578 1540 2612 fluebat-

75 2632 144 2666 que
171 2621 299 2656 flumen
328 2624 518 2668 pecuniae,
562 2625 656 2659 votis
686 2625 906 2669 imperatoris
937 2629 973 2658 et
1004 2625 1176 2670 praefecti
1206 2624 1345 2658 iustitia
1380 2625 1541 2658 effusum.

75 2671 242 2712 quattuor
263 2667 372 2712 igitur
393 2669 469 2703 auri
499 2670 666 2705 librarum
692 2671 786 2715 milia
813 2671 929 2705 statim
960 2671 1160 2715 praefectus
1190 2671 1354 2716 operibus
1376 2670 1450 2704 fani
1473 2670 1539 2703 im-

74 2713 220 2758 pendit,
247 2714 384 2749 nemine
406 2715 567 2750 iniuriam
584 2717 742 2762 patiente
755 2745 764 2761 ,
787 2729 900 2762 neque
918 2717 955 2750 in
974 2716 1097 2751 malum
1116 2728 1213 2751 usum
1231 2716 1408 2761 praesenti
1427 2717 1537 2750 abun-

74 2759 195 2794 dantia
226 2760 404 2804 quaesita:
440 2762 567 2796 etenim
596 2765 689 2798 bona
719 2765 811 2798 fama
843 2764 1041 2808 gaudebat,
1078 2763 1201 2797 honori
1233 2763 1291 2797 dei
1322 2768 1359 2797 et
1391 2762 1534 2808 pietatis

73 2805 189 2839 studio
207 2805 374 2841 intentus.
422 2819 535 2853 neque
555 2815 610 2843 est
626 2809 835 2853 mirandum,
861 2810 911 2853 si,
937 2821 1012 2843 cum
1031 2811 1118 2844 deus
1136 2811 1255 2853 adest,
1278 2809 1392 2844 omnia
1410 2810 1535 2844 adesse

73 2851 244 2897 contingit
273 2853 317 2888 ad
350 2864 426 2888 eum
460 2854 577 2900 potius
601 2866 704 2901 quam
728 2857 772 2892 ad
796 2856 968 2891 hominum
992 2855 1137 2892 consilia
1157 2857 1326 2892 bonorum
1353 2857 1532 2893 abundan-
