1748 3210
225 691 542 742 CAROLI
593 689 1062 741 BENEDICTI
1114 689 1325 739 HASE

371 778 1179 851 PROLOGUS

44 895 138 951 IN
238 894 636 951 LIBRUM
731 892 1148 951 IOANNIS
1247 891 1498 949 LYDI

128 1001 219 1043 DE
286 1000 951 1045 MAGISTRATIBUS
1018 997 1410 1051 ROMANIS,

702 1099 826 1127 SIVE

248 1161 1290 1222 COMMENTARIUS

36 1267 114 1304 DE
140 1265 369 1307 IOANNE
394 1268 756 1306 LAURENTIO
782 1265 1307 1305 PHILADELPHENO
1333 1264 1492 1303 LYDO

447 1334 724 1379 EIUSQUE
765 1333 1080 1371 SCRIPTIS.

33 1584 518 1637 COMMENTARII
575 1584 1020 1636 CONSPECTUS
1079 1584 1169 1634 ET
1230 1583 1482 1635 SUMMA.

122 1712 155 1746 1.
180 1710 375 1747 buticum
394 1710 629 1745 commentarii
646 1715 680 1746 et
696 1709 856 1756 partitio.

396 1803 526 1842 Sentio
550 1805 588 1843 1.
645 1804 704 1840 De
726 1803 884 1842 Ioannis
905 1801 1009 1855 Lydj
1030 1802 1122 1841 vita.

116 1881 152 1915 2.
177 1879 315 1914 loannis
341 1880 524 1915 Laurentii
547 1880 639 1925 Lydi
667 1885 783 1922 ortus,
807 1885 841 1915 ct
857 1892 922 1925 quo
935 1884 1040 1924 pacto
1056 1891 1127 1914 rem
1141 1878 1314 1923 publicam
1333 1879 1481 1922 capessi-

27 1926 125 1961 verit.
216 1926 253 1960 3.
281 1926 372 1970 Lydi
394 1931 546 1960 senectus
571 1927 785 1960 calamitosa.
876 1926 913 1959 4.
938 1926 1029 1970 hyda·
1057 1926 1189 1970 scripta
1218 1926 1396 1969 supposita
1424 1925 1479 1958 vel

26 1972 220 2016 deperdita.
313 1971 347 2005 5.
376 1972 466 2015 Lydi
493 1972 623 2015 scripta
648 1972 801 2016 genuina
823 1983 909 2015 quae
931 1976 1086 2005 exstant-⁸
1134 1971 1178 2014 1)
1203 1971 1288 2004 liber
1316 1971 1358 2006 de
1378 1971 1478 2004 Men-

24 2018 136 2062 3ἰὺιιε,
183 2018 231 2061 2)
253 2017 337 2051 libor
357 2018 402 2052 de
418 2017 686 2063 Magistratibus
702 2017 888 2060 Romanis,
935 2017 980 2061 3)
1003 2018 1087 2051 libor
1104 2017 1149 2051 de
1167 2016 1327 2052 Ostcntis.

249 2110 380 2148 Sentio
406 2113 444 2150 2.
503 2111 599 2147 Fata
619 2110 852 2161 scriptorum
868 2107 972 2161 Lydi
990 2107 1122 2147 medlo
1142 2122 1254 2147 aevo.

113 2186 150 2220 6.
175 2186 277 2220 Liber
293 2186 336 2220 dc
355 2185 503 2220 Ostemie
519 2197 542 2219 a
566 2186 816 2231 Theophylacto
832 2186 1024 2221 Simocatta
1042 2187 1225 2227 laudatus,
1246 2196 1270 2219 a
1287 2185 1387 2219 Beda
1407 2185 1471 2219 Ve-

22 2231 168 2266 nerabili
183 2232 312 2275 partim
330 2231 457 2266 Latine
474 2242 597 2266 versus.
661 2233 697 2266 7.
722 2243 827 2275 quare
845 2233 1018 2266 saeculis7
1028 2237 1062 2266 et
1073 2232 1094 2266 8
1115 2232 1268 2276 plerique
1288 2231 1470 2265 intercide-

21 2278 93 2312 rint
112 2277 202 2322 Lydi
217 2277 359 2310 codices.
415 2278 450 2312 8.
476 2277 593 2312 Plautii
602 2277 827 2321 patriarchae
841 2278 1067 2311 testimonium
1085 2279 1127 2311 dc
1143 2279 1254 2322 Lydo.
1305 2277 1340 2310 9.
1366 2288 1471 2321 quare

23 2323 175 2368 asperius
191 2323 233 2356 dc
249 2322 346 2366 Lydo
364 2323 518 2356 Photius.
565 2325 620 2358 10.
644 2323 767 2357 Leonis
783 2324 957 2367 Sapientis
975 2324 1212 2358 testimonium.
1263 2323 1317 2356 11.
1341 2323 1471 2356 Latina

21 2368 127 2402 venio
145 2368 244 2402 huius
263 2369 329 2402 loci
344 2368 538 2403 emendata.
588 2369 804 2403 Constantini
821 2369 1165 2414 Porphymgennetac
1179 2368 1407 2403 testimonium
1426 2368 1470 2400 do

23 2414 129 2458 Lydo.
222 2414 278 2448 12.
302 2414 434 2448 Susidae
449 2415 690 2449 testimonium.
785 2415 839 2449 13.
863 2416 1093 2449 testimonium
1109 2415 1316 2449 scholiastae
1338 2413 1466 2453 Veneti,

24 2461 78 2493 14.
104 2459 236 2494 Codini.
329 2458 385 2493 15.
409 2471 455 2494 an
474 2461 618 2495 Ioannes
638 2461 791 2505 Scylitza
809 2461 922 2506 egerit
939 2461 982 2494 de
998 2461 1096 2505 Lydo
1113 2466 1240 2495 nostro.

75 2551 206 2591 Sectio
233 2555 274 2592 3.
338 2553 574 2604 Fragmenta
610 2555 842 2604 scriptorum
879 2551 982 2604 Lydi
1017 2560 1108 2591 ante
1141 2551 1410 2591 inventionem

201 2607 345 2647 codicis
365 2610 561 2648 Caseolini
581 2611 623 2647 in
640 2609 890 2648 bibliothecis
910 2611 1057 2661 passim
1077 2610 1285 2648 exstantia.

111 2684 154 2718 16
171 2688 206 2718 ct
226 2684 281 2718 17.
307 2685 462 2729 top-’tome
488 2687 600 2721 maior
624 2686 702 2721 libri
727 2687 770 2721 de
790 2686 962 2720 Mensibus
985 2691 1066 2731 quot
1093 2687 1129 2720 in
1157 2685 1324 2719 codicibus
1343 2688 1462 2718 exstet.

20 2729 76 2764 18.
100 2731 246 2774 epitome
269 2730 389 2764 minor.
483 2733 537 2766 19.
556 2734 763 2778 fragmenta
784 2738 946 2776 quattuor
968 2733 1046 2766 libri
1073 2733 1116 2766 de
1139 2731 1297 2766 ostentis.
1341 2731 1462 2764 horum

18 2776 85 2809 duo
103 2776 200 2809 edita
211 2799 223 2818 ,
281 2774 339 2808 20.
363 2777 474 2811 altera
490 2778 557 2811 duo
578 2779 708 2814 Graece
725 2778 870 2814 inedita.
927 2779 986 2814 21.
1004 2780 1245 2823 fragmentum
1261 2788 1364 2811 unum
1382 2775 1462 2810 libri

17 2821 60 2856 de
77 2821 355 2868 magistratibus,
378 2822 479 2867 idque
494 2823 643 2860 dubium.

1587 685 1622 718 p.
1645 685 1658 707 1

1527 719 1582 754 ed.
1604 719 1717 755 Paris.
