1748 3210
244 156 342 202 296
399 184 401 186 -
755 160 974 204 IOANNIS
1007 160 1138 206 LYDI

242 263 357 316 πρωῒ
389 262 468 314 ἕως
503 263 784 319 μεσημβρίας,
822 265 1109 319 θεοχολωσίαν
1134 264 1313 312 ἀπειλεῖ·
1353 270 1395 314 εί
1416 268 1500 314 ἀπὸ
1526 271 1649 328 ’ἕκτης

244 328 359 383 ὥρας
387 329 466 379 ἕως
492 329 721 382 τριακάδος
749 327 917 385 σεισμὸς
941 330 1134 386 γένηται,
1167 337 1256 384 τοῖς
1282 334 1358 388 μὲν
1383 335 1649 391 πρωτεύουσι

243 397 316 450 τῆς
343 395 481 449 χώρας
508 393 838 447 μετανάστασιν,
878 399 967 446 τοῖς
995 395 1040 439 δὲ
1065 400 1230 447 λοιποῖς
1255 398 1448 456 θόρυβον
1474 400 1648 445 ἀπειλεῖ.

242 463 280 506 εἰ
308 459 353 503 δὲ
385 458 468 500 άπὸ
498 457 666 513 πρώτης
695 462 888 516 φυλακῆς
924 464 998 516 τῆς
1024 460 1180 513 νυκτὸς
1208 462 1286 514 ἕως
1310 466 1448 522 τρίτης
1476 466 1651 523 ἀρχομέ-

243 541 322 580 νης
351 524 519 579 σεισμὸς
545 525 737 580 γένηται,
767 530 858 577 τοῖς
885 527 963 582 μὲν
989 526 1060 569 διὰ
1089 526 1231 583 λόγων
1258 527 1455 584 ὀφθεῖσιν
1482 531 1681 589 α’τιμίανό

243 591 424 639 ἀπειλεῖ,
461 593 550 639 τοῖς
587 589 632 632 δὲ
659 591 842 646 βιβλίοις
867 591 1044 648 φθορὰν
1069 594 1142 637 καὶ
1170 602 1246 640 τοῖς
1272 595 1368 650 περὶ
1395 595 1473 652 τὴν
1499 596 1654 643 α’νατο-

243 655 322 712 λὴν
346 653 572 708 πολέμους.

352 718 565 774 Σελήνη
593 717 786 764 λέοντι.
843 722 881 765 εί
908 720 933 766 ὁ
961 720 1082 778 ἥλιος
1106 721 1297 779 ἀμαυρός
1322 724 1558 782 γενήσεται,
1585 726 1656 783 μέ·

241 802 319 841 γας
348 783 458 840 ἀνήρ
489 782 727 836 ἀπολεῖται,
765 785 832 830 ἐπὶ
869 787 915 830 δὲ
949 792 1037 831 τῶν
1067 790 1326 846 πραγμάτων
1364 791 1504 847 ἔτερος
1541 792 1656 837 ἔσται

242 850 534 906 άρχικώτερος.
583 853 619 894 εί
646 851 674 906 ἡ
699 851 852 908 σελήνη
878 851 1050 908 ἀμαυροὶ
1078 854 1230 910 γένηται
1255 859 1309 913 τῇ
1336 857 1493 914 ἕωθινῇ
1521 862 1654 911 φυλα-
1667 872 1709 907 10

241 921 320 972 κῇ,
363 915 600 970 στράτευμα
629 914 855 970 ἀλλότριον
882 917 1126 961 ἐπελεύσεται
1153 926 1196 971 τῇ
1224 927 1290 960 τοῦ
1315 923 1501 974 βασιλέως
1526 922 1656 980 χώρᾳ.

241 982 317 1025 ἐὰν
345 983 499 1029 σεισμὸς
526 980 709 1036 γένηται,
740 980 932 1037 θόρυβος
960 983 1068 1027 ἔσται
1087 989 1148 1024 καὶ
1169 986 1322 1041 ἀνδρὸς
1342 990 1518 1032 δυνατοῦ
1540 987 1658 1032 ἀναί-

229 1059 366 1112 ρεσις.
424 1049 461 1090 εί
486 1044 692 1098 κεραυνός
717 1052 915 1100 πεσεῖται,
943 1047 1082 1094 πόλεις
1109 1050 1292 1104 παράλιοι
1319 1054 1658 1110 ἔρημωθήσονται.

233 1122 271 1166 εἴ
297 1134 325 1178 η
361 1112 513 1166 σελήνη
543 1111 808 1166 αἷματοειδής
837 1118 978 1167 φανῇ,
1008 1113 1203 1156 ἀπώλειαν
1230 1121 1411 1159 δυνατῶν
1438 1122 1563 1166 δηλοῖ.
1620 1118 1658 1160 εἰ
1714 1122 1716 1125 ’

235 1188 388 1242 ἄνεμος
430 1176 623 1231 σφοδρὸς
658 1175 848 1232 πνεύσῃ,
893 1181 946 1233 τῇ
981 1178 1099 1235 χώρᾳ
1137 1182 1335 1224 συνοίσει.
1396 1182 1471 1226 ἐὰν
1507 1183 1654 1240 ὁμίχλη
1668 1195 1709 1230 15

234 1255 337 1302 πέσῃ,
368 1248 532 1303 ἀνάγκη
563 1246 832 1295 συμπεσεῖται
862 1241 986 1297 ἀνδρὶ
1013 1243 1191 1301 μεγάλῳ.
1247 1245 1324 1289 ἐὰν
1351 1247 1519 1303 σεισμὸς
1541 1251 1659 1306 γένη-

235 1335 298 1357 ται
330 1316 402 1354 ἀπὸ
439 1311 652 1360 νουμηνίας
689 1308 764 1357 ἕως
798 1307 993 1364 δεκάτης,
1031 1309 1196 1364 φόνους
1227 1312 1298 1354 καὶ
1335 1313 1554 1365 στενῶσεις
1585 1315 1659 1358 καὶ

238 1381 416 1441 φθοράν
452 1382 539 1422 τῶν
574 1377 747 1431 κτηνῶν
785 1371 946 1417 ἀπειλεῖ
970 1374 995 1423 ἢ
1023 1373 1166 1430 λιμόν,
1190 1378 1434 1430 γμεταλλάξει
1461 1379 1507 1422 δὲ
1534 1379 1606 1433 καὶ
1633 1376 1658 1422 ὁ

238 1447 478 1506 ἡγούμενος
504 1446 577 1499 τῆς
604 1440 754 1497 χώρας.
813 1442 850 1483 εί
879 1439 964 1484 ἀπό
995 1439 1169 1497 δεκάτης
1197 1441 1276 1492 ἕως
1301 1447 1552 1500 τριακοστῆς
1580 1455 1659 1486 σει·
1695 1436 1699 1439 ’

240 1514 345 1569 σμὸς
372 1514 536 1559 γένηται,
581 1509 774 1563 σημαίνει
810 1506 888 1561 μὲν
924 1507 1108 1562 ταραχὰς
1135 1507 1206 1550 καὶ
1234 1507 1397 1563 φυγάς,
1435 1509 1583 1552 ἐλπίδα
1611 1508 1711 1555 ὃὲῖο

242 1579 432 1634 ἀγαθῶν.
487 1576 522 1618 εἰ
558 1572 725 1627 σεισμὸς
760 1571 930 1627 γένηται
957 1571 1111 1622 νυκτὸς
1138 1572 1241 1627 παρ’
1272 1573 1510 1631 ἀμφιλύκη,
1548 1572 1658 1627 πρὸς

241 1644 320 1699 μὲν
348 1639 483 1695 βραχὺ
519 1637 658 1693 ἀγαθὰ
687 1640 803 1686 ἔσται,
844 1636 1130 1693 ἀκολουθήσει
1166 1639 1212 1682 δὲ
1247 1638 1299 1683 τὰ
1325 1639 1497 1684 πάντων
1523 1640 1659 1698 ἀλγει-

241 1722 411 1752 νοτατα.

330 1808 354 1841 3
376 1804 538 1848 λοιποῖς]
565 1814 643 1837 num
663 1802 826 1842 κοινοῒς7
855 1805 944 1848 quod
964 1804 1082 1847 Lydus
1109 1803 1324 1850 opposuisset
1349 1805 1426 1845 τοῖς
1447 1803 1660 1850 πρωτεύου-

331 1861 400 1884 σιν.
423 1850 471 1883 Η.
584 1851 625 1883 11
649 1848 784 1881 restitui
806 1860 848 1881 ex
870 1849 986 1892 phrasi
1009 1849 1109 1882 simili
1128 1861 1162 1893 p.
1182 1851 1247 1884 295
1283 1851 1335 1884 18.
1360 1850 1407 1883 Η.
1522 1851 1563 1884 14
1580 1862 1658 1884 num

330 1892 565 1938 αἱματώδης-9
587 1898 679 1926 certe
699 1891 930 1937 αἱματοειδής
952 1904 1115 1938 nusquam
1138 1893 1220 1927 alibi
1241 1894 1394 1938 repperi.
1513 1895 1557 1929 21
1581 1906 1660 1929 num

332 1937 464 1979 νυκτὸς
483 1936 507 1983 ἢ
531 1936 651 1982 παρἺ
694 1937 730 1971 Η

244 2027 430 2072 meridiem,
456 2027 592 2062 numina
612 2027 702 2060 irata
719 2025 912 2067 minitatur-3
942 2025 973 2060 si
990 2029 1098 2060 motus
1126 2025 1168 2060 fit
1195 2037 1215 2060 a
1240 2024 1325 2060 hora
1344 2030 1442 2061 sexta
1460 2026 1505 2061 ad
1523 2026 1659 2061 tricesi-

245 2086 342 2117 mam,
365 2074 577 2118 principibus
600 2072 749 2115 regionis
773 2070 919 2113 exilium,
942 2071 1082 2115 reliquis
1103 2073 1220 2104 turbas
1240 2070 1428 2105 denuntiat.
1474 2076 1661 2106 terraemo-

244 2124 300 2152 tus
331 2118 362 2151 si
393 2119 433 2150 fit
462 2129 482 2150 a
514 2117 622 2161 prima
651 2116 769 2159 vigilia
799 2115 908 2148 noctis
942 2117 984 2149 ad
1012 2116 1146 2149 tertiam
1171 2116 1361 2158 ineuntem,
1399 2116 1662 2150 viris'doctrina

244 2161 408 2206 spectatis
431 2162 782 2204 dehonestamentum,
805 2159 902 2193 libris
922 2160 1108 2204 interitum,
1133 2161 1291 2205 gentibus
1314 2161 1466 2194 Orientis
1488 2160 1576 2194 bella
1595 2161 1660 2195 mi-

245 2214 360 2241 natur.

335 2251 454 2284 Luna
476 2248 617 2283 leone.
666 2249 717 2283 sol
740 2248 770 2283 si
794 2250 1015 2292 obscuratur,
1046 2248 1101 2283 vir
1118 2260 1256 2294 magnus
1274 2248 1450 2292 interibit,
1481 2259 1591 2283 rerum
1617 2259 1661 2282 ue

245 2295 398 2341 potietur
425 2294 512 2328 alter
535 2294 648 2338 aptior
678 2295 721 2327 ad
750 2294 940 2338 imperium.
986 2293 1064 2327 luna
1095 2294 1126 2327 si
1158 2296 1358 2328 obscuratur
1387 2298 1507 2338 quarta
1530 2293 1600 2337 vigi
1614 2293 1660 2336 ia,

247 2340 417 2374 exercitus
441 2339 641 2383 peregrinus
665 2339 804 2372 invadet
825 2338 1018 2382 provincias
1037 2340 1210 2374 Caesaris.
1255 2344 1349 2372 terra
1365 2337 1395 2372 si
1412 2338 1579 2382 quatitur,
1603 2343 1662 2371 tu·
1715 2369 1725 2381 Ι

248 2385 369 2419 multus
392 2384 459 2418 erit
482 2389 517 2417 et
539 2383 606 2416 viri
628 2384 777 2428 potentis
795 2383 904 2416 ruina.
949 2383 1075 2417 fulmen
1098 2385 1128 2417 si
1151 2384 1320 2427 defertur,
1353 2383 1454 2416 urbes
1474 2382 1663 2416 maritimae
1710 2391 1711 2394 ’

247 2431 484 2463 vastabuntur.
530 2427 608 2462 luna
630 2428 662 2461 si
684 2433 823 2461 cruenta
847 2428 993 2470 videtur,
1019 2428 1192 2462 interitum
1215 2427 1401 2472 potentium
1423 2426 1584 2460 declarat.
1630 2426 1663 2459 si

247 2480 371 2508 ventus
394 2474 455 2506 flat
471 2473 671 2515 vehemens,
694 2472 848 2516 proderit
864 2472 1009 2516 regioni.
1056 2473 1178 2507 nebula
1194 2473 1271 2506 fusa
1293 2471 1477 2506 necessitas
1501 2470 1664 2505 obveniet

246 2519 323 2552 viro
346 2529 480 2562 magno.
525 2523 749 2551 terraemotus
768 2517 797 2549 si
820 2517 860 2549 fit
882 2529 903 2550 a
925 2529 1013 2551 nova
1029 2517 1110 2552 luna
1130 2519 1173 2552 ad
1195 2516 1374 2559 decimam,
1409 2517 1530 2550 caedes
1553 2528 1660 2559 angu-

247 2564 400 2606 stiasque
431 2568 466 2596 et
490 2562 663 2596 interitum
692 2561 856 2606 pecudum
885 2561 1060 2596 minitatur
1087 2566 1145 2596 aut
1173 2562 1315 2603 famem3
1346 2560 1504 2605 princeps
1527 2571 1663 2606 quoque

247 2606 400 2650 regionis
422 2607 618 2640 mutabitur.
665 2605 695 2639 si
728 2610 836 2639 motus
863 2606 904 2638 fit
932 2618 952 2639 a
984 2607 1040 2640 die
1065 2607 1193 2641 decimo
1217 2607 1259 2640 ad
1281 2605 1509 2649 tricesimum,
1542 2606 1661 2639 turbas

248 2651 386 2695 quidem
403 2655 438 2684 et
456 2651 574 2694 exilia,
608 2651 670 2684 sed
690 2662 785 2695 spem
806 2654 919 2683 tamen
936 2652 1173 2696 prosperitatis
1193 2650 1375 2694 significat.
1421 2655 1515 2684 terra
1537 2650 1568 2684 si
1587 2661 1660 2683 mo-

249 2700 351 2729 vetur
371 2700 473 2729 noctu
494 2695 680 2730 anteluculo
694 2722 703 2738 ‚
734 2707 800 2749 per
828 2695 984 2738 exiguum
1013 2702 1144 2742 tempus
1176 2696 1423 2742 prosperitates
1444 2698 1566 2739 erunt,
1599 2693 1660 2728 sed

249 2751 349 2775 casus
372 2741 518 2776 omnium
535 2740 745 2777 acerbissimi
767 2745 963 2785 sequentur.
