1748 3210
211 192 289 221 vm
590 177 732 220 HASII
764 177 837 218 DE
869 174 1070 220 IOANNE
1103 174 1254 217 LYDO

213 315 388 359 receptus
416 308 514 345 circa
538 319 683 344 annum
701 306 780 347 512
793 336 803 354 ,
831 313 874 343 01
902 303 1074 352 videtur,
1105 303 1277 340 celeriter
1292 315 1370 340 non
1389 300 1438 340 ad
1457 302 1623 341 notarios

212 373 329 412 modo
353 375 613 424 praefecturae
639 375 855 424 perveniret
882 370 951 408 sed
973 369 1023 406 ad
1041 370 1223 420 pecunias
1246 371 1363 407 etiam
1381 381 1624 420 permagnus,

213 438 435 490 solidosque
467 453 602 477 aureos
635 439 835 476 conficeret
863 451 882 473 e
910 449 1070 473 munere
1100 449 1168 473 suo
1191 436 1303 473 unius
1323 436 1414 472 anni
1429 437 1552 486 spatio
1575 434 1626 472 ad

213 506 346 552 mille3
389 505 506 556 idque
534 508 632 544 iuste
662 518 705 542 ac
731 504 925 553 legitime,
969 500 1297 554 quemadmodum
1323 502 1406 552 ipse
1435 507 1639 539 asseverat

108 582 143 614 P·
166 580 192 604 Υ
215 573 240 611 3
269 574 323 611 27
350 584 389 621 p-
411 572 490 611 219
522 574 585 613 19.
641 583 712 607 nec
737 571 864 606 miuus
884 568 1084 606 commode
1103 570 1138 605 ei
1157 565 1293 604 cecidit
1313 565 1417 618 quod
1430 567 1472 603 in
1489 565 1628 604 eodem

217 637 343 674 officio
360 644 444 673 tum
463 639 599 688 agebat
616 637 797 687 patruelis
819 637 901 672 eius
920 636 1170 682 Ammianus,
1199 634 1306 671 cuius
1325 634 1491 672 consiliis
1511 639 1628 685 atque

216 703 353 740 officiis
375 710 413 739 et
433 703 528 741 alias
553 717 666 753 saepe
697 715 788 739 usus
808 708 865 738 est
887 708 924 738 et
946 702 1116 737 maxime
1138 701 1180 736 in
1200 697 1374 736 ducenda
1397 711 1519 736 uxore
1545 706 1630 736 tum

215 770 368 819 copiosa
388 767 506 819 (dotis
527 768 707 806 videlicet
726 775 880 804 centum
898 768 1083 804 librarum
1103 765 1203 816 auri)
1222 772 1306 802 tum
1323 765 1440 802 etiam
1453 765 1628 815 probata,

216 847 293 886 qua
308 838 332 875 3
354 837 405 875 28
426 837 550 884 Ρ.221
574 837 598 874 6
616 842 732 884 negat
752 835 959 885 quicquam
973 834 1092 870 fuisse
1111 835 1263 870 castius.
1293 830 1463 870 ascendit
1475 832 1631 869 interim

216 899 267 938 ad
292 901 407 950 primi
438 899 658 937 chartularii
681 902 832 948 10011111,
861 912 1001 949 magno
1029 898 1195 946 honore,
1223 910 1349 949 neque
1366 910 1559 949 unquam,
1587 903 1643 934 111,
1706 932 1709 937 ,

215 969 241 1007 3
263 969 317 1007 27
337 980 376 1016 p.
388 969 469 1007 220
490 969 516 1006 2
540 967 681 1014 scribit,
701 967 772 1003 ulli
791 965 936 1013 habito,
955 964 1060 1016 quod
1077 964 1269 1002 adiutores
1288 965 1446 1000 actuarii
1459 962 1511 1000 ad
1526 962 1632 1000 hunc

216 1031 381 1082 gradum
421 1039 688 1082 promoventes
731 1045 821 1068 eum
861 1033 961 1068 ultro
995 1032 1192 1080 elegerunt
1221 1029 1534 1081 stipendiumque
1559 1042 1632 1066 an-

217 1111 341 1135 nuum
367 1099 641 1135 constituerunt
669 1097 879 1135 solidorum
905 1098 979 1145 24,
1009 1095 1167 1133 adiectis
1193 1095 1342 1133 duobus
1369 1097 1477 1144 aliis,
1505 1096 1632 1146 iisque

217 1165 393 1211 senibus,
432 1165 499 1215 qui
524 1165 688 1214 pecunia
723 1164 850 1201 oblata
883 1162 989 1200 idem
1018 1176 1158 1200 munus
1188 1163 1444 1200 obtinuerant.
1498 1160 1634 1212 idque,

218 1231 301 1268 sive
318 1231 441 1267 Zotici
457 1244 497 1280 p.
515 1243 554 1280 p.
576 1231 656 1267 sive
674 1231 772 1267 alius
792 1231 1005 1280 cuiuspiam
1020 1229 1122 1279 Lydi
1140 1230 1291 1279 patroni
1307 1230 1430 1279 gratia
1445 1229 1634 1265 tributum

217 1297 255 1333 ei
281 1302 362 1344 est,
400 1295 504 1347 quod
529 1297 720 1346 suspicor,
762 1309 831 1333 seu
861 1309 972 1340 vere,
1011 1294 1116 1344 quod
1145 1296 1227 1342 ipse
1252 1295 1335 1332 vult
1362 1294 1548 1343 intelligi,
1584 1294 1633 1331 ob

215 1363 374 1412 linguae
393 1363 554 1398 Latinae
572 1362 784 1410 perfectam
800 1360 1020 1406 scientiam,
1051 1357 1099 1394 de
1121 1370 1198 1409 qua
1213 1360 1418 1409 praecipue
1435 1360 1634 1410 gloriatur,
1695 1379 1703 1386 ·

217 1434 257 1464 et
278 1428 435 1465 omnino
457 1427 504 1463 ob
523 1427 779 1476 multiplicem
799 1426 881 1461 eius
902 1423 1137 1471 doctrinam,
1165 1437 1244 1461 11011
1262 1425 1388 1461 30111111
1409 1423 1635 1462 honorabile

218 1494 256 1530 ei
279 1494 354 1530 fuit
382 1492 451 1530 sed
481 1493 599 1528 etiam
619 1498 905 1543 quaestuosum.
962 1503 1052 1526 nam
1071 1497 1221 1540 praeter
1237 1491 1474 1540 personalia,
1504 1491 1635 1542 quoti-

222 1558 356 1608 diana,
386 1559 672 1608 suggestiones,
703 1570 797 1608 quas
818 1557 1078 1594 conscribebat
1096 1558 1251 1595 nomine
1269 1555 1508 1604 adiuturum,
1537 1569 1634 1607 ope-

221 1637 283 1662 ras
312 1631 350 1661 et
376 1626 535 1661 notariis
566 1631 604 1660 et
631 1625 671 1660 in
702 1630 847 1661 secreto
879 1623 1141 1674 praefecturae
1176 1623 1444 1673 exceptoribus
1471 1635 1635 1672 magnas

221 1688 329 1727 dedit
357 1689 421 1740 (v,
443 1690 495 1726 ib.
516 1693 540 1730 ὃ
569 1693 622 1731 27
650 1704 690 1740 p·
708 1692 788 1730 220
817 1689 909 1741 20),
939 1691 1070 1741 sicque
1094 1691 1127 1727 si
1151 1691 1279 1727 minus
1298 1689 1489 1740 publicae,
1516 1689 1634 1726 fami-

219 1756 307 1793 liari
325 1762 425 1793 certe
447 1756 502 1792 rei
524 1755 826 1807 compendioque
848 1769 917 1793 suo
939 1757 1110 1792 maxime
1129 1757 1273 1793 serviit.

171 1824 197 1862 3
332 1824 390 1860 Ac
414 1821 599 1859 hactenus
627 1820 786 1872 quidem
812 1824 941 1859 omnia
961 1823 997 1859 ei
1015 1835 1065 1859 ex
1085 1823 1294 1859 sententia:
1322 1832 1457 1859 verum
1485 1818 1640 1858 videtur

106 1886 142 1919 P·
165 1885 205 1909 Ἦ
228 1887 463 1926 condicionis
489 1888 572 1925 eius
598 1889 843 1925 commutatio
867 1901 950 1925 esse
970 1889 1071 1925 facta
1093 1895 1180 1938 post
1197 1901 1232 1924 a.
1250 1887 1349 1935 518,
1379 1899 1456 1939 quo
1471 1888 1639 1924 Anasta-

223 1954 304 1991 sius
320 1955 517 2004 Augustus
537 1960 702 1991 mortem
722 1954 815 1991 obiit
827 1982 838 2002 ‚
866 1954 930 1991 vel
948 1961 1103 2005 propter
1123 1961 1372 2005 patronorum
1390 1960 1555 1991 mortem
1572 1967 1637 1991 re-

223 2032 423 2058 cessumve
457 2033 479 2057 a
514 2033 554 2057 re
586 2021 763 2071 publica,
795 2021 859 2058 vel
885 2019 990 2071 quod
1013 2018 1117 2070 apud
1141 2026 1316 2071 potentes
1343 2019 1521 2058 homines
1542 2020 1637 2057 sub-

223 2085 406 2134 offendit,
435 2087 499 2123 vel
525 2086 630 2138 quod
654 2087 724 2124 sub
752 2088 962 2124 Iustiniano
990 2087 1167 2124 universa
1193 2086 1432 2137 praefectura
1453 2099 1639 2124 concursu

225 2151 490 2189 calamitatum
511 2154 689 2204 malaque
709 2152 951 2204 quorundam
978 2151 1305 2190 administratione
1328 2153 1559 2190 labefactata
1579 2159 1638 2191 est

226 2224 342 2269 atque
364 2219 560 2256 convulsa.
616 2220 670 2256 ita
693 2232 846 2256 cursum
868 2216 1026 2270 quidem
1045 2218 1260 2255 officiorum
1280 2225 1381 2255 recte
1398 2220 1540 2268 tenuit,
1564 2219 1636 2257 snb

224 2283 428 2333 praefectis
450 2291 570 2334 praet.
597 2283 680 2332 his,
723 2287 872 2322 Marino
899 2285 998 2336 Syro
1030 2296 1066 2320 a.
1098 2283 1201 2331 519,
1237 2286 1414 2335 Appione
1444 2286 1637 2336 Aegypti0

226 2361 263 2385 a.
275 2351 367 2397 520,
395 2349 655 2388 Demosthene
675 2363 709 2387 a.
722 2350 799 2392 521
830 2351 966 2403 (quem
979 2349 1111 2387 laudat
1129 2352 1153 2390 3
1182 2349 1234 2390 42
1259 2363 1298 2400 p.
1308 2351 1388 2391 236
1414 2350 1474 2402 3),
1502 2350 1639 2389 Theo-

228 2414 322 2452 doro
343 2423 381 2453 et
398 2415 588 2454 Archelao
607 2430 641 2453 a.
662 2415 763 2465 524,
795 2419 910 2454 Mena
930 2430 964 2453 a.
987 2417 1088 2463 528,
1115 2416 1271 2452 Atarbio
1295 2429 1330 2454 a.
1353 2416 1455 2465 529,
1486 2417 1637 2454 Iuliano

228 2487 267 2517 et
292 2483 434 2518 Ioanne
461 2481 686 2533 Cappadoce
716 2495 752 2519 a·
783 2483 883 2531 530,
921 2481 1050 2520 Phoca
1078 2488 1114 2518 et
1143 2484 1262 2519 Basso
1291 2495 1327 2518 a.
1358 2482 1459 2530 533,
1494 2484 1637 2520 Ioanne

229 2546 455 2596 Cappadoce
487 2549 627 2585 iterum
655 2561 690 2584 a.
718 2547 820 2596 534,
859 2547 1062 2585 Theodoto
1091 2561 1126 2584 a.
1155 2546 1255 2594 541,
1297 2549 1411 2585 Petro
1441 2550 1636 2597 Barsame,

231 2613 288 2648 ΕΙ.
319 2614 439 2663 Cyro,
467 2612 705 2661 Areobiudo,
736 2614 930 2662 Gabriele,
961 2613 1168 2662 Diomede,
1197 2612 1439 2663 Hephaesto‚
1473 2615 1636 2666 aliisque

230 2679 451 2728 permultis,
481 2678 584 2731 quod
605 2681 857 2730 Iustinianus,
886 2686 928 2717 ut
948 2680 1027 2716 fere
1049 2680 1110 2728 fit,
1140 2678 1328 2717 exhausto
1346 2681 1490 2718 aerario
1510 2694 1636 2718 reme-

232 2743 360 2795 dium,
389 2745 492 2799 quod
511 2747 551 2783 in
568 2745 829 2786 moderatione
850 2752 930 2785 erat
952 2759 995 2784 ac
1018 2747 1274 2798 parsimonia,
1302 2747 1342 2783 in
1366 2747 1496 2784 crebra
1514 2759 1636 2799 quae-
