1748 3210
197 204 291 250 222
718 203 938 248 IOANNIS
975 203 1106 248 LYDI

328 315 405 361 29.
471 315 756 372 Πραγματικὸν
784 314 883 372 πρὸς
908 315 979 370 τὴν
1005 313 1249 372 ἓπαρχότητα
1267 315 1432 376 γράφων
1451 317 1471 361 ὅ
1489 320 1588 373 βασι
1607 331 1611 352 ἑ

195 383 284 434 ank
309 385 372 426 ἐπ’
398 385 485 437 ἐμοὶ
505 383 696 431 τοιούτοις
716 382 908 438 ἐχρήσατο
931 382 1112 438 ῥήμασιν.
1171 382 1197 398 “
1209 385 1367 442 Ἰωάννῃ
1393 391 1449 443 τῷ
1470 391 1611 441 λογιω-

193 451 300 508 τάτῳ
315 451 462 503 πολλὴν
481 451 552 502 μὲν
571 448 757 502 σύνισμεν
775 450 846 503 τὴν
864 451 904 490 ἐν
921 448 1049 504 λόγοις
1070 451 1261 501 παιδείαν,
1285 451 1354 506 τήν
1366 470 1406 494 τε
1425 455 1465 494 ἐν
1479 469 1609 508 γραμ-

194 524 372 572 ματικοῖς
396 518 597 572 ἀκρίβειαν
615 515 689 569 τη’ν
711 533 751 558 τε
771 517 811 557 ἓν
832 524 1011 570 ποιηταῖς
1025 515 1144 573 χάριν
1164 519 1229 558 καὶ
1249 518 1319 571 τὴν
1341 518 1461 572 ἀλλην
1487 520 1610 560 αὗτοῦ

194 582 490 636 πολυμάθειαν,
526 585 591 624 καὶ
612 582 718 632 ὅπως
738 583 807 636 τὴν
833 581 1035 636 Ῥωμαίων
1061 583 1195 640 φωνὴν
1215 590 1297 632 τοῖς
1319 582 1458 626 ἑαυτοῦ
1478 583 1640 635 πόνοις5

194 650 387 699 ἀποδείξει
407 650 664 705 σεμνοτέραν,
709 652 835 691 καίτοι
861 654 930 704 τῆς
949 652 1156 706 στρατείας
1177 653 1283 707 αὐτῷ’
1303 654 1373 704 τῆς
1394 652 1434 692 ἓν
1450 658 1530 700 τοῖς
1549 653 1612 693 δι-

194 719 419 773 καστηρίοις
437 722 508 770 τῆς
526 721 598 771 σῆς
613 715 808 772 ὑπεροχῆς
825 717 960 772 ὀρθῶς
981 719 1209 774 φερομένης,
1243 716 1404 758 ἑλέσθαι
1425 717 1511 770 μετ’
1537 718 1611 759 αὖ·-

193 789 265 838 τῆς
295 786 359 825 καὶ
387 783 453 825 τὸν
483 786 524 825 ἐν
555 785 724 837 βιβλίοις
743 784 914 838 ἀσκῆσαι
936 786 1023 837 βιόν
1047 787 1111 826 καὶ
1137 783 1228 825 ὅλον
1250 782 1390 825 ἑαυτὸν
1410 783 1613 825 ἀναθεῖναι

192 857 275 900 τοῖς
293 849 433 906 λόγοις.
498 850 566 892 τὸν
586 852 715 892 τοίνυν
738 853 792 900 εἷς
809 855 995 892 τοσοῦτον
1018 851 1159 907 ἀρετῆς
1179 849 1381 904 ἀναβάντα
1401 850 1614 906 ἀγέραστον

193 918 394 959 ἀπολιπεῖν
416 916 574 967 ἀνάξιον
593 922 670 958 τῶν
689 915 888 973 ἡμετέρων
903 917 1058 973 χρόνων
1078 916 1171 959 εἶναι
1191 919 1395 973 κρίνοντες,
1415 915 1613 973 προστάτ-
1623 923 1666 958 10

192 1002 310 1038 τυμεν
339 988 390 1040 τῇ
420 988 471 1039 σῇ
499 982 673 1040 ὑπεροχῇ
695 986 895 1025 ἐπιδοῦναι
915 985 1022 1041 αὐτῷ
1046 989 1115 1026 τοῦ
1139 986 1328 1038 δημοσίου
1351 982 1453 1026 τόδε.
1518 983 1615 1026 ἴστω

194 1053 238 1093 δὲ
269 1050 290 1092 ὃ
321 1052 520 1108 εῗρημένος
547 1049 778 1107 σοφώτατος
810 1051 908 1106 ἀνὴρ
932 1049 986 1100 ὡς
1006 1051 1051 1092 οὐ
1070 1051 1184 1107 μέχρι
1204 1050 1345 1092 τούτου
1368 1048 1613 1104 στησόμεθα,

193 1118 298 1160 ἀλλὰ
318 1120 383 1160 καὶ
405 1116 599 1170 ἀξιώμασι
629 1119 694 1158 καὶ
724 1118 845 1172 ἱεραῖς
864 1119 1013 1169 μείζοσι
1040 1119 1279 1173 φιλοτιμίαις
1305 1115 1517 1171 τιμήσομεν
1540 1118 1613 1159 αὖα

192 1184 275 1235 τόν,
310 1184 456 1225 ἄτοπον
474 1181 680 1237 ἡγούμενοι
700 1181 884 1236 τοιαύτην
907 1183 1140 1238 εὖγλωττιάν
1161 1183 1262 1224 οὕτω
1283 1189 1426 1239 μικρᾶς
1444 1184 1614 1237 ἀμοιβῆς

194 1251 435 1303 ἀξιωθῆναι,
475 1251 720 1298 ἐπαινοῦντες
750 1249 870 1290 αὐτὸν
899 1252 932 1291 εἴ
959 1251 1024 1290 καὶ
1052 1254 1210 1299 πολλοῖς
1238 1248 1382 1305 ἑτέροις
1402 1254 1472 1303 τῆς
1493 1250 1665 1304 οὕσης15

195 1317 302 1374 αὐτῷ
319 1315 504 1373 μεταὸῴη
526 1320 786 1372 παρασκευῆς.
794 1316 819 1331 ”
888 1314 1040 1366 τούτοις
1057 1316 1399 1372 ἐπιψηφισαμένου
1417 1320 1487 1358 τοῦ
1505 1333 1614 1370 τηνι-

193 1389 321 1426 καῦτα
337 1384 408 1438 τὴν
431 1385 664 1439 πολιαρχιάν
682 1381 887 1432 ἰθύνοντος
895 1415 908 1434 ,
935 1385 1000 1424 καὶ
1019 1381 1139 1424 τόπον
1161 1381 1413 1432 διδασκάλοις
1432 1383 1615 1424 ἀπονενεο

193 1453 368 1505 μημένον
400 1448 665 1506 ἀφορίσαντός
691 1467 761 1503 μοι
790 1451 851 1490 ἐπὶ
869 1454 939 1503 τῆς
959 1451 1237 1498 Καπετωλίδος
1258 1450 1399 1503 αὐλῆς,
1433 1448 1615 1503 ἐχόμενος

193 1523 264 1573 τῆς
286 1520 491 1573 στρατείας
510 1519 713 1558 ἐπαίδευον
734 1518 799 1557 καὶ
818 1521 1124 1572 μεγαλοφρονεῖν
1143 1515 1347 1570 ε’ξηγόμην.

329 1585 404 1628 30.
470 1583 596 1638 Παρὰ
614 1585 746 1636 μέντοι
770 1588 839 1636 τῆς
865 1585 1092 1639 στρατειάς,
1125 1587 1301 1636 βαθμῶν
1325 1600 1366 1624 τε
1395 1584 1460 1624 καὶ
1481 1580 1668 1638 πόρων20

193 1651 285 1693 ἄνευ
306 1651 408 1700 τινὸς
432 1649 680 1698 ἐλαττώσεως
686 1681 698 1700 ,
739 1649 870 1705 ὥσπερ
894 1649 1193 1703 ἀνεπαισθήτως
1212 1654 1284 1691 τοῦ
1302 1648 1448 1705 χρόνου
1469 1648 1616 1704 τροχά-

193 1720 346 1769 ζοντος,
381 1719 442 1758 ἐπὶ
474 1717 518 1758 τὸ
546 1717 668 1772 πέρας
695 1721 764 1770 τῆς
797 1718 1002 1771 στρατείας
1035 1717 1222 1770 ἀνῆλθον.
1288 1718 1352 1757 καὶ
1378 1718 1526 1772 κερδῶν
1545 1717 1616 1770 μὲν

193 1786 302 1827 ἕνεκα
323 1783 413 1827 ὡσεὶ
433 1784 533 1838 μηὸ’
558 1785 599 1825 ἓν
617 1785 800 1842 στρατείᾳ
820 1787 941 1824 τελῶν
960 1784 1236 1839 παρηνέχθην,
1275 1783 1410 1836 ἔτυχον
1436 1785 1480 1824 δὲ
1499 1788 1615 1837 τιμῆς

281 1900 304 1935 4
324 1899 401 1945 lego
424 1901 637 1943 ποιητικοῖς.
660 1901 709 1954 F'.
817 1900 839 1933 6
862 1894 1024 1953 ἀπέδειξε
1046 1898 1160 1945 vulgo.
1267 1901 1309 1934 17
1331 1899 1360 1932 C
1378 1897 1614 1952 πολυαρχίαν,

279 1951 319 1980 ut
334 1945 484 1991 saepius.
507 1947 551 1979 F.
686 1954 953 1988 απονενημενον
972 1945 1015 1978 C.
1147 1945 1192 1979 23
1210 1941 1299 1988 μηδ’
1318 1941 1357 1978 ἐν
1372 1944 1422 1988 F,
1442 1944 1554 1988 μηδεν
1569 1943 1613 1978 C.

281 2045 338 2078 29.
384 2043 632 2088 Pragmaticum
662 2044 705 2078 de
734 2055 788 2077 me
818 2045 860 2078 ad
892 2045 1139 2089 praefecturam
1165 2043 1317 2078 scribens
1347 2042 1531 2087 imperator
1559 2041 1614 2076 his

192 2100 273 2122 usus
298 2094 352 2122 est
371 2089 501 2123 verbis.
546 2086 697 2122 “Ioanni
719 2089 915 2122 doctissimo
938 2089 1072 2122 multam
1095 2089 1313 2132 cognovimus
1336 2100 1411 2122 esse
1435 2099 1508 2122 cum
1533 2087 1614 2121 lite-

191 2145 305 2167 rarum
324 2134 512 2175 scientiam,
533 2139 603 2166 tum
625 2134 660 2167 in
678 2134 904 2177 grammaticis
923 2145 1074 2177 acumen,
1096 2140 1166 2168 tum
1184 2135 1219 2166 in
1239 2133 1382 2178 poeticis
1400 2133 1614 2175 suavitatem,

193 2177 359 2222 aHamque
382 2178 454 2211 eius
477 2178 692 2222 multiplicem
715 2179 922 2219 doctriuam3
955 2185 991 2212 et
1020 2191 1087 2223 quo
1114 2180 1339 2212 Romanorum
1364 2178 1510 2220 linguam
1543 2177 1614 2210 suis

192 2222 366 2256 laboribus
389 2222 652 2267 splendidiorem
680 2225 821 2266 reddat,
857 2223 1009 2267 quamvis
1032 2224 1153 2257 militia
1175 2223 1210 2256 in
1233 2225 1284 2257 tui
1305 2223 1456 2257 culminis
1477 2221 1614 2256 iudiciis

194 2279 269 2302 cum
289 2268 388 2301 laude
406 2269 621 2311 fungentem,
657 2267 804 2301 voluisse
830 2273 969 2312 praeter
995 2280 1067 2302 eam
1089 2269 1184 2302 libris
1203 2280 1338 2313 quoque
1357 2268 1462 2301 vitam
1480 2267 1613 2311 impen-

193 2314 276 2347 dere
301 2324 406 2356 seque
434 2318 540 2346 totum
567 2312 676 2346 literis
702 2313 829 2346 dicare.
876 2314 919 2346 ad
938 2319 1066 2347 tantam
1087 2313 1193 2357 igitur
1217 2314 1375 2347 virtutem
1397 2322 1613 2366 progressum

191 2358 428 2392 inhonoratum
449 2357 642 2401 relinquere
663 2357 836 2400 indignum
857 2358 1066 2401 temporibus
1089 2358 1212 2392 nostris
1236 2358 1436 2400 iudicantes,
1463 2367 1613 2401 impera—

192 2414 267 2437 mus
288 2408 347 2436 tuo
369 2402 503 2436 culmini
526 2403 590 2435 hoc
624 2401 656 2435 ei
684 2403 727 2435 de
754 2401 889 2446 publico
910 2404 1006 2437 dare.
1051 2403 1138 2436 sciat
1157 2414 1240 2436 vero
1263 2403 1451 2436 nominatus
1474 2400 1614 2446 sapien-

193 2448 344 2482 tissimus
368 2447 422 2481 vir
444 2459 505 2481 nos
529 2447 593 2480 hoc
611 2446 695 2480 satis
717 2459 784 2480 non
802 2447 989 2490 habituros,
1015 2449 1077 2482 sed
1097 2453 1132 2481 et
1148 2447 1371 2491 dignitatibus
1394 2457 1466 2480 eum
1487 2451 1524 2479 et
1540 2457 1612 2479 ma-

191 2493 323 2526 ioribus
351 2493 456 2526 sacris
482 2491 675 2525 muneribus
703 2492 871 2535 culturos,
902 2491 1055 2537 ineptum
1075 2498 1273 2537 reputantes
1295 2492 1396 2526 talem
1422 2491 1614 2525 facundiam

192 2542 263 2572 tam
284 2549 391 2582 parvo
413 2537 562 2582 praemio
586 2537 742 2580 dignari3
764 2536 958 2570 laudaturos
981 2549 1068 2581 eum,
1091 2537 1122 2571 si
1141 2543 1175 2571 et
1192 2549 1265 2571 cum
1288 2537 1400 2571 multis
1423 2536 1497 2570 aliis
1519 2546 1613 2569 suam

193 2583 416 2616 communicet
445 2578 673 2616 facultatem.”
720 2582 773 2615 bis
803 2593 961 2615 assensus
987 2587 1057 2616 tum
1082 2582 1159 2615 urbi
1190 2583 1404 2626 praefectus,
1435 2592 1508 2614 cum
1530 2579 1613 2613 mihi

191 2627 301 2661 locum
330 2627 500 2671 magistris
529 2627 732 2660 destinatum
762 2627 798 2660 in
827 2626 903 2659 aula
925 2626 1119 2671 Capitolina
1140 2627 1330 2671 tribuisset,
1353 2626 1504 2660 militiam
1526 2624 1611 2658 reti<-

191 2684 276 2706 nens
295 2673 468 2714 docebam,
490 2683 698 2716 magnusque
715 2671 798 2705 mihi
815 2682 991 2716 coeperam
1009 2672 1133 2705 videri.
1583 2690 1586 2692 -

281 2718 337 2752 30.
383 2717 528 2752 Militiae
546 2717 682 2750 interim
701 2721 873 2760 tempore,
909 2716 999 2749 nulla
1026 2717 1189 2759 graduum
1220 2716 1433 2751 redituumve
1457 2712 1610 2748 imminu-

190 2762 297 2806 tione,
320 2763 418 2808 quasi
437 2762 567 2796 occulte
587 2761 734 2805 labente,
757 2763 801 2795 ad
818 2761 918 2794 finem
938 2760 1079 2795 militiae
1102 2762 1256 2806 perveni.
1304 2767 1339 2795 et
1357 2764 1515 2806 quantum
1534 2757 1610 2803 qui-

192 2808 269 2842 dem
288 2809 332 2843 ad
351 2808 445 2843 lucra
457 2834 467 2854 ‚
491 2807 588 2854 quasi
610 2806 745 2842 omnino
768 2818 836 2842 non
855 2805 1070 2852 militassent,
1093 2807 1234 2851 transii5
1270 2808 1377 2842 honor
1397 2810 1508 2841 autem
1529 2802 1609 2837 mihi
