1748 3210
224 180 322 226 366
746 176 967 224 IOANNIS
1003 177 1136 224 LYDl

355 288 404 341 ς’.
455 297 505 350 τῇ
531 291 608 348 πρὸ
630 286 668 332 α’
689 294 822 333 νωνῶν
842 288 888 334 τὸ
909 291 1030 345 μέσον
1049 295 1120 334 τοῦ
1142 287 1328 349 σκορπίου
1352 291 1498 337 δύεται.

356 356 404 409 ζ’.
459 359 603 407 νώναις
623 359 784 409 Μα”ί·αις
804 358 846 401 αἶ
868 358 1048 408 πλειάδες
1070 358 1293 413 ἀνίσχουσιν
1314 361 1451 413 ἕωθεν,
1479 362 1644 418 ζέφυρος

223 425 267 467 δὲ
287 430 384 466 πνεῒ.

352 488 404 543 η’.
453 492 504 545 τῇ
523 488 600 546 πρὸ
618 486 657 543 η’
681 491 795 532 εἱδῶν
813 492 965 533 Μαίων
982 491 1187 548 προοίμιον
1207 491 1367 549 θέρους,
1392 494 1457 535 καὶ
1479 494 1643 551 ζέφυρος

221 558 430 613 ἐπικρατεῖ.
1654 560 1674 593 5

354 621 414 664 θ’.
457 624 508 677 τῇ
527 621 603 677 πρὸ
625 619 658 673 ζ’
677 624 792 664 εἰδῶν
811 625 965 665 Μαίων
987 621 1188 674 ὡσαύτως.

357 687 397 730 ι’.
458 693 508 744 τῇ
523 689 600 745 πρὸ
621 687 653 738 ς’
675 691 788 731 εἰδῶν
808 689 833 743 ἦ
853 691 924 743 μὲν
943 689 1046 746 λύρα
1070 691 1240 744 ἀνίσχει,
1277 687 1303 744 ἦ
1337 690 1380 732 δὲ
1405 688 1481 740 inig-
1513 687 1642 733 δύεται

222 758 287 798 καὶ
306 753 332 809 ἦ
352 756 505 811 κεφαλὴ
527 759 598 797 τοῦ
619 755 767 811 ταύρου
789 757 1058 813 ἀναφαίνεται.

355 822 423 864 ια’.
457 826 507 878 τῇ
527 822 603 878 πρὸ
629 821 656 864 ε’
683 826 798 864 εἰδῶν
819 824 861 865 αἶ
881 823 1062 873 πλειάδες
1082 822 1376 879 ἀναφαίνονται.

355 888 423 944 ιβ’.
457 893 506 945 τῇ
534 888 611 945 πρὸ
642 888 679 930 (Υ
713 893 828 932 εἰδῶν
859 891 1084 944 ἀνίσχουσιν
1113 891 1155 931 αἱ
1183 887 1388 940 πλειάδες,
1433 887 1500 929 καὶ
1531 884 1643 937 νότος
1657 890 1698 925 10

221 961 319 998 πνεῖ.

354 1019 417 1076 ιγ’.
449 1024 501 1077 τῇ
525 1020 600 1077 πρὸ
621 1019 656 1076 γ’
678 1024 792 1064 εἰδῶν
813 1023 855 1064 αἱ
871 1020 992 1072 ὗάδες
1009 1020 1167 1064 δύονται
1186 1023 1251 1063 καὶ
1269 1018 1381 1070 νότος
1399 1025 1496 1063 maer.

355 1087 420 1130 ιδ’.
453 1092 503 1144 τῇ
519 1087 595 1143 πρὸ
620 1087 658 1130 α’
682 1092 794 1131 εἰδῶν
814 1089 835 1131 ὃ
857 1092 1043 1146 σκορπίος
1066 1088 1222 1140 δύεται,
1255 1085 1281 1142 ἦ
1300 1088 1344 1128 δὲ
1362 1086 1465 1142 λύρα
1489 1085 1643 1143 ὄρθρου
1697 1113 1699 1116 -

219 1155 381 1208 ἀνίσχει.

351 1218 410 1262 ιε’.
453 1219 570 1269 εἴδοις
589 1221 749 1268 Μα’ί·αις
771 1219 791 1261 ὃ
814 1221 996 1277 καρκίνος
1016 1220 1162 1273 ἀνίσχει
1183 1221 1249 1260 καὶ
1267 1217 1381 1270 νότος
1399 1226 1497 1263 πνεῖ.
1655 1225 1697 1260 15

352 1285 415 1336 ις’.
447 1290 499 1342 τῇ
519 1287 595 1342 πρὸ
620 1285 665 1337 ιζ’
687 1290 885 1329 καλενδιῢν
907 1287 1040 1329 δύεται
1058 1286 1078 1329 ὅ
1099 1286 1216 1329 κύων.

353 1353 414 1405 ιζ’.
455 1357 506 1408 τῇ
527 1353 603 1409 πρὸ
622 1352 670 1402 ις’
690 1358 887 1396 καλενδῶν
908 1353 1107 1404 ὡσαύτως.

351 1419 418 1474 ιη’.
451 1424 503 1476 τῇ
519 1421 595 1476 πρὸ
616 1419 659 1462 ιε’
679 1425 876 1464 καλενδῶν
899 1420 918 1463 ὅ
939 1421 1048 1475 ἣλιος
1072 1418 1265 1473 διδύμοις.

348 1487 421 1529 ιθ’.
450 1491 500 1543 τῇ
521 1487 597 1542 πρὸ
620 1486 669 1528 ιδ’
692 1491 888 1531 καλενδῶν
909 1487 1022 1538 νότος
1042 1490 1082 1530 ἐν
1100 1486 1245 1546 ἑσπέρα
1259 1491 1358 1529 πνεῒ.

351 1553 402 1597 κ’.
450 1557 502 1611 τῇ
528 1554 604 1611 πρὸ
636 1553 685 1610 ιγ’
711 1559 909 1599 καλενδιῦν
940 1556 982 1598 αἱ
1012 1554 1132 1605 ὖάδες
1163 1554 1366 1608 ἀνίσχουσι
1398 1554 1464 1595 καὶ
1490 1555 1697 1610 βορρᾶς20

218 1625 316 1662 πνεῖ.

349 1683 426 1727 κα’.
451 1690 500 1742 τῇ
520 1685 596 1742 πρὸ
615 1683 668 1740 ιβ’
692 1690 889 1731 καλενδῶν
918 1687 1051 1730 δύεται
1080 1687 1101 1730 ὃ
1129 1688 1348 1744 ἀρκτοῦρος
1365 1687 1432 1729 καὶ
1452 1683 1642 1743 ταράττε-

216 1770 282 1795 ται
305 1750 325 1794 ὅ
350 1751 442 1808 ἀήρ.

349 1818 426 1873 κβ.
453 1822 504 1875 τῇ
523 1818 600 1875 πρὸ
622 1819 671 1861 ια’
696 1820 893 1862 καλενδῶν
913 1818 934 1861 ὃ
954 1818 1116 1875 τοξότης
1137 1818 1270 1862 δύεται
1290 1821 1355 1861 καὶ
1376 1816 1490 1868 νότος
1511 1824 1611 1860 πνεῖ.

350 1885 423 1941 κγ’.
457 1890 506 1941 τῇ
524 1887 601 1942 πρὸ
622 1885 647 1927 ι’
668 1888 866 1928 καλενδῶν
887 1888 924 1929 οἳ
945 1889 1100 1940 δίδυμοι
1130 1888 1353 1940 ἀνίσχουσιν
1383 1888 1447 1927 καὶ
1470 1884 1490 1927 ὃ
1514 1883 1638 1934 ἀετός.
1649 1888 1693 1923 25

350 1952 426 1995 κδ’.
455 1957 505 2008 τῇ
525 1954 601 2009 πρὸ
621 1952 665 1995 θ’
683 1955 879 1997 καλενδιῦν
901 1954 1089 2010 ἄρχονται
1117 1954 1285 2008 ἀνίσχειν
1316 1953 1358 1995 αἱ
1388 1951 1531 2004 Maec,
1575 1954 1641 1994 καὶ

219 2017 375 2070 εἲκότως
390 2018 534 2076 βροχῆ.

307 2137 326 2170 1
350 2134 394 2178 τῇ
423 2133 494 2178 πρὸ
528 2132 562 2178 β’
593 2135 637 2168 C·
790 2136 813 2171 7
846 2135 929 2176 ozas
951 2136 993 2171 C.
1151 2136 1194 2172 12
1218 2135 1258 2170 αἱ
1281 2132 1403 2176 οὶᾶδες
1423 2131 1574 2170 λύονται
1595 2134 1638 2168 C.

309 2181 350 2214 15
368 2181 547 2213 καταπνεῖ
565 2179 637 2213 Ra.

216 2279 252 2314 6.
276 2278 366 2324 prid.
399 2279 490 2313 Non.
519 2289 610 2323 nepa
638 2278 769 2312 medius
795 2279 932 2314 occidit.
1068 2281 1103 2316 7.
1131 2280 1239 2315 Nonis
1262 2279 1365 2315 Maiis
1386 2280 1554 2326 vergiliae
1575 2290 1635 2314 ex-

214 2324 371 2358 oriuntur
391 2336 510 2366 mane;
531 2324 689 2358 favonius
713 2324 833 2368 spirat.
946 2326 980 2360 8.
1006 2336 1075 2360 vm
1092 2327 1146 2361 Id.
1170 2326 1279 2362 Maias
1300 2325 1502 2372 principium
1521 2329 1634 2360 aesta-

214 2369 280 2410 tis;
305 2374 339 2402 et
359 2369 518 2402 favonius
539 2368 728 2414 praevalet.
843 2371 877 2405 9.
903 2381 956 2403 vn
990 2371 1044 2405 Id.
1070 2371 1165 2405 item.
1281 2373 1336 2406 10.
1359 2382 1399 2405 v1
1423 2372 1476 2405 Id.
1500 2369 1638 2405 fidicula

215 2415 337 2457 oritur,
363 2414 479 2448 sucula
502 2414 643 2448 occidit:
670 2418 773 2467 caput
789 2416 878 2448 tauri
900 2421 1056 2461 apparet.
1149 2417 1205 2450 11.
1229 2427 1253 2450 v
1272 2416 1324 2450 Id.
1343 2415 1509 2460 vergiliae
1526 2426 1636 2449 emer-

215 2464 315 2503 gunt.
406 2461 461 2493 12.
486 2469 524 2492 ιν
547 2460 600 2494 Id.
626 2464 824 2493 exonuntur
841 2461 1018 2506 vergiliae,
1043 2465 1078 2495 et
1096 2466 1212 2495 auster
1229 2461 1350 2506 spirat.
1444 2461 1499 2496 13.
1523 2471 1568 2494 111
1583 2460 1636 2493 Id.

216 2504 353 2538 suculae
377 2504 546 2548 occidunt,
571 2509 607 2538 et
624 2509 738 2538 auster
761 2505 881 2549 spirat.
1020 2508 1073 2541 14.
1098 2506 1187 2550 prid.
1207 2506 1259 2539 Id.
1284 2517 1374 2550 nepa
1393 2505 1537 2548 occidit3
1558 2504 1637 2538 fidi-

217 2549 291 2583 cula
314 2550 476 2584 matutino
500 2550 620 2584 oritur.
714 2550 767 2585 15.
787 2550 906 2584 Idibus
926 2551 1029 2585 Maiis
1048 2562 1169 2585 cancer
1187 2551 1304 2594 oritur,
1330 2555 1365 2585 et
1381 2555 1498 2585 auster
1514 2549 1636 2594 spirat.

218 2595 273 2630 16.
298 2605 376 2627 xv11
399 2595 477 2629 Kal.
501 2595 615 2629 Iunias
638 2595 731 2629 canis
753 2595 890 2629 occidit.
985 2598 1039 2631 17.
1058 2607 1121 2629 xV1
1135 2596 1212 2629 Kal.
1231 2595 1326 2631 item.
1420 2595 1475 2630 18.
1492 2605 1539 2628 xv
1557 2594 1636 2628 Kal.

217 2640 268 2674 sol
289 2640 325 2674 in
348 2640 503 2683 geminis.
598 2641 651 2675 19.
677 2650 743 2673 xiv
762 2640 840 2673 Kal.
874 2645 990 2675 auster
1012 2642 1122 2686 spirat
1143 2641 1293 2684 vesperi.
1382 2641 1440 2675 20.
1466 2648 1536 2674 xm
1558 2639 1636 2673 Kal.

218 2685 355 2719 suculae
373 2686 546 2729 oriuntur,
567 2690 603 2719 et
620 2686 734 2730 aquilo
759 2685 880 2730 spirat.
991 2687 1048 2721 21.
1071 2695 1124 2719 x11
1146 2685 1225 2720 Kal.
1250 2686 1375 2721 occidit
1397 2690 1568 2728 arcturus,
1602 2689 1638 2717 et

218 2732 376 2765 turbatur
410 2732 481 2767 aiir.
592 2732 649 2765 22.
686 2740 726 2764 x1
762 2730 841 2765 Kal.
879 2731 1077 2774 sagittarius
1115 2730 1251 2774 occidit,
1291 2736 1326 2765 et
1361 2730 1470 2776 spirat
1509 2733 1636 2765 auster.

218 2776 275 2811 23.
301 2788 324 2810 x
348 2776 427 2812 Kal.
450 2775 576 2822 gemini
598 2775 765 2821 oriuntur,
789 2781 825 2812 et
847 2776 973 2822 aquila.
1063 2774 1120 2812 24.
1146 2787 1184 2810 1x
1208 2776 1286 2811 Kal.
1309 2775 1447 2811 suculae
1470 2774 1638 2820 incipiunt
