1748 3210
383 188 457 231 DE
491 185 929 231 MAGISTRATIBUS
961 184 1008 228 P.
1039 183 1093 228 R.
1124 183 1230 227 LIB.
1262 181 1339 226 111.
1484 179 1581 228 249

138 300 373 355 Ῥοδανόν),
412 297 535 354 αὖθις
553 299 745 359 Χοσρόης
772 299 828 352 ὥς
853 299 1024 357 μηδενὸς
1044 298 1134 357 ι’ἰρτι
1157 296 1407 356 πραχθέντος
1429 295 1491 338 ἐπὶ
1510 297 1583 347 τὰς

143 373 293 430 Συρίας
311 371 546 429 ἀπροόπτως
566 370 751 426 ἐξεχύθη,
785 374 864 414 τῶν
877 369 1114 425 Ῥωμαϊκῶν
1137 366 1342 421 δυνάμεων
1359 363 1527 419 Λιβύης
1542 382 1584 407 τε

141 441 242 497 πρὸς
269 442 548 498 Μαυρουσίων
574 441 777 495 σειομένης
809 441 876 481 καὶ
902 444 974 494 τῆς
1005 436 1174 494 ἑσπέρας
1201 436 1302 493 πρὸς
1322 436 1454 477 Γετῶν
1488 432 1583 486 ὅλης

140 510 435 566 ταραττομένης
453 507 780 566 ὖπερμαχουσῶν,
807 506 993 562 ,Κολχούς
1014 524 1056 550 τε
1077 508 1143 548 καὶ
1163 504 1231 548 τὸν
1244 502 1461 547 Καύκασον
1474 505 1583 544 Σκυ-

109 581 231 626 ὄθῶν
251 579 318 619 καὶ
339 578 410 632 τὴν
435 578 639 636 Θρᾳκικὴν
669 577 824 634 μυρίων
853 575 958 618 ὅσων
988 576 1145 632 θηρίων
1173 570 1450 628 ἐνοχλούντων.
1517 571 1585 612 καὶ

141 643 164 687 ὃ
185 646 258 700 μὲν
275 646 466 699 βασιλεὺς
489 645 600 702 ἤρκει
623 645 724 702 πρὸς
751 643 905 695 πάντας
934 643 1030 695 τοὺς
1056 644 1254 697 πολέμους
1275 639 1369 684 ὡσεὶ
1395 638 1495 697 πρὸς
1519 637 1587 681 ἵνα

141 712 368 768 μαχόμενος
376 746 390 766 ,
432 712 459 769 ἦ
482 714 525 756 δὲ
550 712 773 771 ἐπαρχότης
799 711 1016 768 θεηλάτοις
1041 713 1236 766 συνείχετο
1262 711 1474 760 θυέλλαις,
1508 711 1588 750 τῶν

142 783 215 836 μὲν
234 780 420 838 ὓπηκόων
439 788 526 832 ταῖς
543 781 741 838 ἀκινήτοις
759 780 920 837 κτήσεσι
938 782 994 824 δι’
1017 780 1167 823 ἔνδειαν
1188 777 1459 835 ἃπολεγόντων
1469 809 1483 829 ,
1508 780 1588 819 τῶν

145 851 190 892 δὲ
206 850 443 908 πρακτόρων
457 851 598 905 μηκέτι
619 852 713 902 τοὺς
729 849 883 908 φόρους
902 847 1068 905 εἰσάγειν
1077 881 1091 901 ,
1133 848 1205 890 οὐκ
1229 848 1353 891 ὄντων
1372 845 1588 897 ὑποτελῶν,

92 930 136 965 10
146 925 228 969 τοῖς
257 924 470 976 κρατοῦσιν
506 917 734 973 ἰσχυόντων.
801 917 1012 974 ὑπουργεῖν
1049 918 1094 959 δὲ
1131 915 1240 970 ὅμως
1273 922 1360 965 ταῖς
1393 913 1590 964 δαπάναις

145 986 358 1038 τοσαύταις
389 987 528 1037 οὔσαις
554 989 621 1029 καὶ
648 986 775 1036 οὕτως
807 985 1031 1035 ἅνενδότοις
1063 983 1084 1027 ὃ
1117 986 1220 1027 κατὰ
1249 983 1389 1041 καιρὸν
1408 982 1590 1040 ὕπαρχος

143 1060 376 1098 συνωθεΐτο.
443 1053 603 1105 εἰκότως
625 1051 694 1098 οὖν
715 1054 836 1105 ἄλλος
853 1055 895 1105 ἐξ
911 1054 1034 1096 ἄλλου
1054 1059 1227 1107 συνεχεῖς
1247 1051 1348 1107 ὁμοῦ
1367 1054 1434 1094 καὶ
1451 1057 1592 1107 βαρεῖς

142 1113 185 1174 ἐξ
206 1122 379 1179 ἀνάγκης
400 1121 672 1177 διαδεχόμενοι
698 1123 770 1178 τὴν
801 1122 928 1180 ἀρχὴν
952 1123 1185 1165 διέσπασαν.
1252 1119 1278 1175 ἡ
1299 1122 1342 1163 δὲ
1363 1119 1474 1171 τάξις
1496 1118 1587 1161 οὔδ’

135 1192 185 1233 ἐν
211 1190 315 1250 λόγῳ
343 1191 433 1234 οὐδ’
459 1192 500 1233 ἐν
520 1192 687 1249 ἀριθμῷ
695 1223 709 1242 ,
746 1189 942 1233 ἀπολώλει
970 1191 1013 1232 δὲ
1034 1194 1258 1240 παντελῶς·
1288 1194 1367 1232 τῶν
1383 1189 1459 1246 γὰρ
1479 1205 1592 1246 περι-

89 1266 132 1303 15
146 1258 313 1314 εχόντων
329 1259 610 1313 ἀπολλυμένων
628 1259 732 1309 εἰκὸς
750 1254 799 1314 ἧν
817 1259 1042 1301 ἀπολέσθαι
1059 1258 1109 1300 τὰ
1130 1256 1400 1315 περιεχόμενα.

281 1328 359 1372 57.
388 1360 390 1366 .
427 1329 516 1370 Καί
540 1345 617 1370 που
646 1327 748 1382 μετὰ
769 1327 814 1369 τὸ
834 1326 1040 1380 δαιμόνιον
1064 1325 1261 1377 συνιόθει,
1291 1325 1392 1382 πρὸς
1414 1323 1593 1379 ἀνάμνη-

145 1412 209 1439 σιν
235 1394 385 1452 ἐξάγων
410 1397 564 1452 μυρίων
583 1401 737 1447 κακῶν,
766 1394 953 1450 Ἰωάννης
973 1413 1034 1446 τις
1056 1396 1099 1437 ἐκ
1121 1397 1332 1446 Μαζακῶν
1351 1392 1594 1451 ὁρμώμενος.

145 1462 393 1521 Καισάρειαν
414 1464 486 1518 τὴν
512 1462 626 1506 πόλιν
646 1464 834 1521 Τιβέριος
852 1466 1016 1521 Καῖσαρ
1047 1463 1349 1518 μετωνόμασεν,
1381 1463 1593 1519 Ἀρχέλαον

144 1533 213 1575 τὸν
234 1533 520 1575 Καππαδοκῶν
542 1533 713 1587 βασιλέα
740 1531 847 1588 δόλῳ
867 1530 1223 1586 μεταστειλάμενος
1243 1533 1284 1573 ἐν
1300 1536 1350 1588 τῇ
1366 1529 1507 1586 ζΡῶμῃ
1526 1531 1593 1571 καὶ

89 1600 356 1654 Ξθκατασχιὺν
382 1602 425 1643 ἐν
455 1601 579 1657 αὐτῇ·
622 1601 696 1656 τὴν
733 1602 778 1642 δὲ
804 1602 1100 1643 Καππαδοκίαν
1109 1632 1122 1652 ,
1168 1600 1239 1643 οὐκ
1269 1595 1392 1641 οὖσαν
1421 1598 1593 1649 ἄνωθεν,

145 1674 302 1726 πρῶτος
325 1669 515 1726 ἐπαρχίαν
534 1667 752 1723 εΡωμαίοις
777 1667 986 1726 ’ἶιπόφορον
1012 1669 1224 1725 ἀπέφηνεν.
1294 1662 1410 1717 οὗτος
1430 1666 1593 1723 ὥρμητο

145 1738 232 1792 μέν,
265 1735 320 1788 ὥς
339 1737 452 1794 ἔφην,
482 1739 524 1789 ἐξ
546 1737 705 1793 ἐκείνης,
739 1745 822 1788 τοῖς
838 1738 882 1780 δὲ
898 1741 970 1793 τῆς
989 1738 1251 1795 στρατηγίδος
1269 1737 1395 1795 ἀρχῆς
1415 1753 1595 1792 σκρινια-

235 1873 375 1958 θῄὅλτέν
395 1877 438 1912 C.
552 1877 595 1913 ll
619 1874 640 1912 ὁ
660 1879 728 1914 add
748 1879 794 1914 F.
911 1877 955 1914 14
973 1874 1061 1912 ου’δὲ
1083 1875 1233 1924 ἀριθμῷ
1255 1877 1298 1912 C.
1393 1877 1436 1911 19
1457 1873 1526 1910 τὸν
1549 1876 1595 1920 F,

233 1935 309 1958 των
366 1947 377 1958 .

145 2046 335 2090 ehosroes,
358 2045 458 2091 quasi
475 2057 584 2091 nuper
606 2045 654 2079 nil
681 2050 805 2089 actum,
830 2046 952 2089 Syrias
974 2046 1018 2079 de
1041 2045 1230 2090 improviso
1254 2044 1395 2089 invasit,
1422 2045 1597 2079 Romano-

146 2104 223 2127 rum
241 2092 352 2138 copiis
371 2103 433 2137 pro
453 2092 579 2136 Libya,
601 2103 702 2136 quam
723 2091 839 2125 Mauri
859 2091 1061 2136 agitabant,
1085 2096 1121 2125 et
1139 2091 1342 2135 Occidente,
1366 2103 1466 2135 quem
1488 2096 1597 2125 totum

149 2139 262 2173 Getae
285 2138 492 2181 turbabant,
524 2137 776 2182 pugnantibuS,
810 2137 958 2171 Colchos
988 2149 1073 2171 vero
1105 2142 1141 2171 et
1171 2138 1362 2171 Caucasum
1387 2137 1528 2180 Scythis
1561 2141 1597 2170 et

147 2183 334 2218 Thraciam
351 2183 538 2217 innumeris
561 2183 670 2217 veluti
692 2182 812 2217 belluis
836 2183 1056 2218 vexantibus.
1104 2188 1140 2217 et
1160 2183 1348 2229 imperator
1366 2183 1503 2228 quidem
1523 2194 1597 2216 om-

148 2229 250 2264 nibus
272 2228 372 2263 bellis
394 2228 601 2272 sufficiebat,
625 2228 725 2273 quasi
743 2234 862 2263 contra
884 2241 986 2263 unum
1009 2240 1178 2274 pugnans:
1203 2235 1240 2264 at
1261 2229 1481 2274 praefectura
1503 2229 1595 2262 fata-

147 2274 238 2308 libus
259 2273 419 2320 procellis
442 2275 631 2319 agebatur,
663 2285 738 2308 cum
760 2275 890 2309 subditi
912 2275 1060 2308 immotis
1090 2275 1366 2320 possessionibus
1394 2275 1512 2319 inopia
1538 2286 1595 2308 re-

147 2319 359 2363 nuntiarent,
386 2325 635 2366 exactoresque
655 2320 805 2366 tributa,
831 2322 922 2366 quod
940 2321 1116 2355 tributarii
1133 2321 1216 2355 nulli
1235 2327 1371 2364 essent,
1395 2320 1600 2365 imperanti*

148 2367 214 2400 bus
230 2377 335 2412 porro
352 2365 484 2400 inferre
501 2378 569 2400 non
590 2371 745 2419 possent.
792 2369 953 2401 sufficere
971 2372 1085 2401 tamen
1106 2368 1212 2401 tantis
1230 2374 1368 2411 tamque
1391 2365 1599 2400 necessariis

147 2411 340 2456 sumptibus
364 2416 435 2446 tum
454 2417 619 2457 temporls
644 2412 840 2457 Praefectus
863 2414 1061 2457 cogebatur.
1084 2412 1215 2457 itaque,
1237 2414 1329 2458 quod
1349 2424 1492 2446 necesse
1511 2418 1600 2456 erat,

149 2456 238 2492 alius
261 2469 303 2492 ex
327 2456 414 2502 alio,
437 2458 637 2503 frequentes
660 2458 760 2492 simul
781 2461 1006 2494 succedentes
1025 2463 1061 2492 et
1080 2459 1289 2493 necessitate
1310 2469 1455 2502 graves,
1489 2458 1599 2501 magi-

149 2507 294 2538 stratum
316 2503 564 2544 dilaceravere.
612 2504 763 2538 officium
794 2517 878 2540 vero
912 2504 1003 2539 omni
1026 2505 1149 2538 amisso
1173 2505 1304 2538 honore
1326 2504 1484 2548 peribat:
1515 2515 1598 2549 per—

151 2549 311 2583 euntibus
335 2549 424 2584 enim
445 2550 570 2596 quibus
595 2554 755 2594 steterat,
780 2563 923 2586 necesse
942 2556 1018 2585 erat
1034 2550 1147 2595 ipsum
1165 2562 1302 2596 quoque
1322 2549 1450 2595 perire.

241 2615 299 2652 57.
343 2617 396 2651 Et
410 2618 607 2663 impellebat
623 2620 871 2664 quodammodo
891 2620 1010 2664 fatum,
1035 2618 1095 2664 qui
1115 2618 1311 2653 memoriam
1330 2618 1419 2652 mille
1435 2618 1599 2652 malorum

151 2667 308 2706 revocat,
329 2663 477 2698 Ioannes
500 2665 638 2709 quidam
661 2665 813 2700 Mazacis
833 2665 1009 2699 oriundus.
1058 2665 1264 2699 Caesaream
1285 2665 1374 2699 hanc
1394 2666 1512 2699 urbem
1531 2664 1598 2697 Ti-

151 2707 270 2741 berius
293 2708 424 2742 Caesar
445 2711 646 2755 nominavit,
674 2711 877 2746 Archelaum
895 2712 1137 2757 Cappadocum
1156 2723 1274 2756 regem
1297 2711 1375 2745 dolo
1397 2710 1600 2744 accersitum

150 2753 283 2787 Romae
307 2754 472 2789 retinens.
518 2757 774 2804 Cappadociam
804 2757 916 2800 idem,
951 2768 1027 2791 cum
1057 2757 1157 2791 initio
1190 2769 1258 2790 non
1289 2757 1430 2800 fuisset,
1470 2756 1599 2802 primus

151 2799 365 2843 provinciam
386 2801 604 2837 tributariam
625 2803 790 2838 Romanis
814 2803 1005 2838 constituit.
1051 2803 1127 2847 hic,
1154 2816 1198 2837 ex
1219 2803 1288 2846 illa,
1313 2808 1351 2836 ut
1373 2803 1456 2846 dixi,
1482 2802 1599 2836 oriun-

151 2845 235 2890 dus,
267 2856 343 2880 cum
370 2846 528 2883 militaris
559 2850 802 2896 praefecturae
832 2849 1023 2885 scriniariis
1052 2854 1295 2886 annumeratus
1317 2849 1460 2895 fuisset,
1492 2859 1600 2894 seque
