<?xml version="1.0" encoding="UTF-8"?>
<!DOCTYPE html PUBLIC "-//W3C//DTD XHTML 1.0 Transitional//EN"
    "http://www.w3.org/TR/xhtml1/DTD/xhtml1-transitional.dtd">
<html xmlns="http://www.w3.org/1999/xhtml" xml:lang="en" lang="en">
 <head>
  <title>
</title>
<meta http-equiv="Content-Type" content="text/html;charset=utf-8" />
  <meta name='ocr-system' content='tesseract 3.04.00' />
  <meta name='ocr-capabilities' content='ocr_page ocr_carea ocr_par ocr_line ocrx_word'/>
</head>
<body>
  <div class='ocr_page' id='page_1' title='image "./corpusscriptorum27niebuoft/corpusscriptorum27niebuoft_0018.png"; bbox 0 0 1748 3210; ppageno 0'>
   <div class='ocr_carea' id='block_1_1' title="bbox 63 739 193 771">
    <p class='ocr_par' dir='ltr' id='par_1_1' title="bbox 63 739 193 771">
     <span class='ocr_line' id='line_1_1' title="bbox 63 739 193 771; baseline 0.031 -11"><span class='ocrx_word' id='word_1_1' title='bbox 63 739 98 771; x_wconf 86' lang='lat' dir='ltr'><strong>p.</strong></span> <span class='ocrx_word' id='word_1_2' title='bbox 125 739 193 763; x_wconf 79' lang='lat' dir='ltr'><strong>xm</strong></span> 
     </span>
    </p>
   </div>
   <div class='ocr_carea' id='block_1_2' title="bbox 55 1993 179 2026">
    <p class='ocr_par' dir='ltr' id='par_1_2' title="bbox 55 1993 179 2026">
     <span class='ocr_line' id='line_1_2' title="bbox 55 1993 179 2026; baseline 0.008 -12"><span class='ocrx_word' id='word_1_3' title='bbox 55 1995 90 2026; x_wconf 85' lang='lat' dir='ltr'><strong>p.</strong></span> <span class='ocrx_word' id='word_1_4' title='bbox 116 1993 179 2017; x_wconf 72' lang='lat' dir='ltr'><strong>xiv</strong></span> 
     </span>
    </p>
   </div>
   <div class='ocr_carea' id='block_1_3' title="bbox 224 200 1259 244">
    <p class='ocr_par' dir='ltr' id='par_1_3' title="bbox 224 200 1259 244">
     <span class='ocr_line' id='line_1_3' title="bbox 224 200 1259 244; baseline 0.001 -1"><span class='ocrx_word' id='word_1_5' title='bbox 224 215 286 243; x_wconf 84' lang='lat' dir='ltr'><strong>xn</strong></span> <span class='ocrx_word' id='word_1_6' title='bbox 594 200 736 243; x_wconf 87' lang='lat' dir='ltr'>HASII</span> <span class='ocrx_word' id='word_1_7' title='bbox 770 201 842 243; x_wconf 90' lang='lat' dir='ltr'><strong>DE</strong></span> <span class='ocrx_word' id='word_1_8' title='bbox 873 201 1075 244; x_wconf 86' lang='lat' dir='ltr'><strong>lOANNE</strong></span> <span class='ocrx_word' id='word_1_9' title='bbox 1107 200 1259 244; x_wconf 93' lang='lat' dir='ltr'>LYDO</span> 
     </span>
    </p>
   </div>
   <div class='ocr_carea' id='block_1_4' title="bbox 195 329 1644 2760">
    <p class='ocr_par' dir='ltr' id='par_1_4' title="bbox 195 329 1644 2760">
     <span class='ocr_line' id='line_1_4' title="bbox 222 329 1631 383; baseline 0.002 -16"><span class='ocrx_word' id='word_1_10' title='bbox 222 342 300 368; x_wconf 87' lang='lat' dir='ltr'><strong>non</strong></span> <span class='ocrx_word' id='word_1_11' title='bbox 312 331 438 368; x_wconf 88' lang='lat' dir='ltr'><strong>minus</strong></span> <span class='ocrx_word' id='word_1_12' title='bbox 450 332 698 380; x_wconf 84' lang='lat' dir='ltr'><strong>probaremus</strong></span> <span class='ocrx_word' id='word_1_13' title='bbox 709 330 879 383; x_wconf 83' lang='lat' dir='ltr'>(opinor)</span> <span class='ocrx_word' id='word_1_14' title='bbox 890 332 930 367; x_wconf 90' lang='lat' dir='ltr'><strong>in</strong></span> <span class='ocrx_word' id='word_1_15' title='bbox 952 343 996 366; x_wconf 88' lang='lat' dir='ltr'><strong>eo</strong></span> <span class='ocrx_word' id='word_1_16' title='bbox 1011 329 1162 379; x_wconf 87' lang='lat' dir='ltr'><strong>copiam</strong></span> <span class='ocrx_word' id='word_1_17' title='bbox 1177 335 1214 367; x_wconf 83' lang='lat' dir='ltr'><strong>et</strong></span> <span class='ocrx_word' id='word_1_18' title='bbox 1232 329 1360 369; x_wconf 81' lang='lat' dir='ltr'><strong>literas</strong></span> <span class='ocrx_word' id='word_1_19' title='bbox 1376 337 1414 369; x_wconf 85' lang='lat' dir='ltr'><strong>et</strong></span> <span class='ocrx_word' id='word_1_20' title='bbox 1431 332 1631 370; x_wconf 78' lang='lat' dir='ltr'><strong>scientiam</strong></span> 
     </span>
     <span class='ocr_line' id='line_1_5' title="bbox 222 395 1643 450; baseline 0.003 -18"><span class='ocrx_word' id='word_1_21' title='bbox 222 410 350 433; x_wconf 85' lang='lat' dir='ltr'><strong>rerum</strong></span> <span class='ocrx_word' id='word_1_22' title='bbox 381 404 575 447; x_wconf 83' lang='lat' dir='ltr'><strong>veterum,</strong></span> <span class='ocrx_word' id='word_1_23' title='bbox 600 411 718 450; x_wconf 86' lang='lat' dir='ltr'><strong>quam</strong></span> <span class='ocrx_word' id='word_1_24' title='bbox 748 399 788 434; x_wconf 88' lang='lat' dir='ltr'><strong>in</strong></span> <span class='ocrx_word' id='word_1_25' title='bbox 818 397 941 434; x_wconf 84' lang='lat' dir='ltr'><strong>Fastis</strong></span> <span class='ocrx_word' id='word_1_26' title='bbox 972 395 1152 444; x_wconf 83' lang='lat' dir='ltr'><strong>POvidii‚</strong></span> <span class='ocrx_word' id='word_1_27' title='bbox 1181 397 1249 448; x_wconf 90' lang='lat' dir='ltr'><strong>qui</strong></span> <span class='ocrx_word' id='word_1_28' title='bbox 1269 405 1537 447; x_wconf 84' lang='lat' dir='ltr'><strong>argumentum</strong></span> <span class='ocrx_word' id='word_1_29' title='bbox 1556 399 1643 436; x_wconf 28' lang='lat' dir='ltr'><strong>sibi*</strong></span> 
     </span>
     <span class='ocr_line' id='line_1_6' title="bbox 220 464 1644 515; baseline 0.003 -17"><span class='ocrx_word' id='word_1_30' title='bbox 220 464 346 500; x_wconf 86' lang='lat' dir='ltr'><strong>simile</strong></span> <span class='ocrx_word' id='word_1_31' title='bbox 385 465 571 514; x_wconf 83' lang='lat' dir='ltr'><strong>sumpsit,</strong></span> <span class='ocrx_word' id='word_1_32' title='bbox 614 466 838 501; x_wconf 82' lang='lat' dir='ltr'><strong>varietatem</strong></span> <span class='ocrx_word' id='word_1_33' title='bbox 875 469 914 499; x_wconf 87' lang='lat' dir='ltr'><strong>et</strong></span> <span class='ocrx_word' id='word_1_34' title='bbox 948 475 1110 500; x_wconf 87' lang='lat' dir='ltr'><strong>acumen</strong></span> <span class='ocrx_word' id='word_1_35' title='bbox 1141 470 1178 499; x_wconf 86' lang='lat' dir='ltr'><strong>et</strong></span> <span class='ocrx_word' id='word_1_36' title='bbox 1208 465 1436 502; x_wconf 80' lang='lat' dir='ltr'><strong>suavitatem</strong></span> <span class='ocrx_word' id='word_1_37' title='bbox 1468 465 1644 515; x_wconf 49' lang='lat' dir='ltr'><strong>ingeniis</strong></span> 
     </span>
     <span class='ocr_line' id='line_1_7' title="bbox 218 527 1629 580; baseline 0.004 -16"><span class='ocrx_word' id='word_1_38' title='bbox 218 528 287 564; x_wconf 85' lang='lat' dir='ltr'><strong>sed</strong></span> <span class='ocrx_word' id='word_1_39' title='bbox 302 530 369 565; x_wconf 87' lang='lat' dir='ltr'><strong>ille</strong></span> <span class='ocrx_word' id='word_1_40' title='bbox 386 530 544 580; x_wconf 89' lang='lat' dir='ltr'><strong>quidem</strong></span> <span class='ocrx_word' id='word_1_41' title='bbox 563 531 661 568; x_wconf 87' lang='lat' dir='ltr'><strong>liber</strong></span> <span class='ocrx_word' id='word_1_42' title='bbox 679 537 781 568; x_wconf 87' lang='lat' dir='ltr'><strong>totus</strong></span> <span class='ocrx_word' id='word_1_43' title='bbox 800 529 964 576; x_wconf 85' lang='lat' dir='ltr'><strong>interiit,</strong></span> <span class='ocrx_word' id='word_1_44' title='bbox 994 536 1104 566; x_wconf 81' lang='lat' dir='ltr'><strong>extra</strong></span> <span class='ocrx_word' id='word_1_45' title='bbox 1127 527 1202 566; x_wconf 89' lang='lat' dir='ltr'><strong>duo</strong></span> <span class='ocrx_word' id='word_1_46' title='bbox 1221 530 1261 566; x_wconf 91' lang='lat' dir='ltr'><strong>in</strong></span> <span class='ocrx_word' id='word_1_47' title='bbox 1280 529 1410 567; x_wconf 82' lang='lat' dir='ltr'><strong>codice</strong></span> <span class='ocrx_word' id='word_1_48' title='bbox 1428 532 1629 569; x_wconf 84' lang='lat' dir='ltr'><strong>Caseolino</strong></span> 
     </span>
     <span class='ocr_line' id='line_1_8' title="bbox 218 594 1628 646; baseline 0.004 -16"><span class='ocrx_word' id='word_1_49' title='bbox 218 602 367 631; x_wconf 85' lang='lat' dir='ltr'><strong>servata</strong></span> <span class='ocrx_word' id='word_1_50' title='bbox 396 597 514 644; x_wconf 85' lang='lat' dir='ltr'><strong>folia,</strong></span> <span class='ocrx_word' id='word_1_51' title='bbox 554 598 814 646; x_wconf 87' lang='lat' dir='ltr'><strong>epitomasque</strong></span> <span class='ocrx_word' id='word_1_52' title='bbox 844 601 1041 644; x_wconf 81' lang='lat' dir='ltr'><strong>praeterea</strong></span> <span class='ocrx_word' id='word_1_53' title='bbox 1070 597 1165 632; x_wconf 89' lang='lat' dir='ltr'><strong>item</strong></span> <span class='ocrx_word' id='word_1_54' title='bbox 1192 594 1287 633; x_wconf 87' lang='lat' dir='ltr'><strong>duas</strong></span> <span class='ocrx_word' id='word_1_55' title='bbox 1315 596 1358 632; x_wconf 89' lang='lat' dir='ltr'><strong>in</strong></span> <span class='ocrx_word' id='word_1_56' title='bbox 1385 595 1628 635; x_wconf 78' lang='lat' dir='ltr'><strong>bibliothecis</strong></span> 
     </span>
     <span class='ocr_line' id='line_1_9' title="bbox 216 660 1628 713; baseline 0.003 -17"><span class='ocrx_word' id='word_1_57' title='bbox 216 662 360 709; x_wconf 86' lang='lat' dir='ltr'><strong>passim</strong></span> <span class='ocrx_word' id='word_1_58' title='bbox 386 669 580 699; x_wconf 85' lang='lat' dir='ltr'><strong>exstantes</strong></span> <span class='ocrx_word' id='word_1_59' title='bbox 607 663 838 713; x_wconf 89' lang='lat' dir='ltr'><strong>Lipsiaeque</strong></span> <span class='ocrx_word' id='word_1_60' title='bbox 863 674 900 698; x_wconf 89' lang='lat' dir='ltr'><strong>a.</strong></span> <span class='ocrx_word' id='word_1_61' title='bbox 927 660 1040 709; x_wconf 81' lang='lat'><strong>1794,</strong></span> <span class='ocrx_word' id='word_1_62' title='bbox 1073 665 1120 709; x_wconf 90' lang='grc'><strong>8,</strong></span> <span class='ocrx_word' id='word_1_63' title='bbox 1158 675 1210 699; x_wconf 82' lang='lat' dir='ltr'><strong>ex</strong></span> <span class='ocrx_word' id='word_1_64' title='bbox 1234 661 1456 712; x_wconf 84' lang='lat' dir='ltr'><strong>apographo</strong></span> <span class='ocrx_word' id='word_1_65' title='bbox 1478 664 1628 700; x_wconf 86' lang='lat' dir='ltr'><strong>Nicolai</strong></span> 
     </span>
     <span class='ocr_line' id='line_1_10' title="bbox 219 726 1626 778; baseline 0.003 -16"><span class='ocrx_word' id='word_1_66' title='bbox 219 726 378 774; x_wconf 86' lang='lat' dir='ltr'><strong>Schow,</strong></span> <span class='ocrx_word' id='word_1_67' title='bbox 407 729 638 778; x_wconf 82' lang='lat' dir='ltr'><strong>amplissimi</strong></span> <span class='ocrx_word' id='word_1_68' title='bbox 667 730 740 765; x_wconf 80' lang='lat' dir='ltr'><strong>viri</strong></span> <span class='ocrx_word' id='word_1_69' title='bbox 769 734 883 778; x_wconf 85' lang='lat' dir='ltr'><strong>atque</strong></span> <span class='ocrx_word' id='word_1_70' title='bbox 914 726 1144 776; x_wconf 84' lang='lat' dir='ltr'><strong>doctissimi,</strong></span> <span class='ocrx_word' id='word_1_71' title='bbox 1173 729 1276 778; x_wconf 86' lang='lat' dir='ltr'><strong>typis</strong></span> <span class='ocrx_word' id='word_1_72' title='bbox 1297 727 1520 778; x_wconf 74' lang='lat' dir='ltr'><strong>descriptas.</strong></span> <span class='ocrx_word' id='word_1_73' title='bbox 1577 728 1626 766; x_wconf 85' lang='lat' dir='ltr'><strong>de</strong></span> 
     </span>
     <span class='ocr_line' id='line_1_11' title="bbox 216 792 1642 846; baseline 0.002 -18"><span class='ocrx_word' id='word_1_74' title='bbox 216 793 356 843; x_wconf 88' lang='lat' dir='ltr'><strong>quibus</strong></span> <span class='ocrx_word' id='word_1_75' title='bbox 373 795 550 830; x_wconf 90' lang='lat' dir='ltr'><strong>omnibus</strong></span> <span class='ocrx_word' id='word_1_76' title='bbox 568 795 720 843; x_wconf 86' lang='lat' dir='ltr'><strong>planius</strong></span> <span class='ocrx_word' id='word_1_77' title='bbox 737 793 898 844; x_wconf 85' lang='lat' dir='ltr'><strong>posthac</strong></span> <span class='ocrx_word' id='word_1_78' title='bbox 915 793 1061 842; x_wconf 84' lang='lat' dir='ltr'><strong>dicam,</strong></span> <span class='ocrx_word' id='word_1_79' title='bbox 1086 795 1257 846; x_wconf 83' lang='lat' dir='ltr'><strong>itemque</strong></span> <span class='ocrx_word' id='word_1_80' title='bbox 1277 793 1324 831; x_wconf 88' lang='lat' dir='ltr'><strong>de</strong></span> <span class='ocrx_word' id='word_1_81' title='bbox 1340 792 1509 832; x_wconf 86' lang='lat' dir='ltr'><strong>secundo</strong></span> <span class='ocrx_word' id='word_1_82' title='bbox 1524 794 1626 846; x_wconf 85' lang='lat' dir='ltr'><strong>Lydi</strong></span> <span class='ocrx_word' id='word_1_83' title='bbox 1640 815 1642 817; x_wconf 97' lang='lat'>·</span> 
     </span>
     <span class='ocr_line' id='line_1_12' title="bbox 215 857 1628 914; baseline 0.006 -21"><span class='ocrx_word' id='word_1_84' title='bbox 215 872 350 908; x_wconf 84' lang='lat' dir='ltr'><strong>opere,</strong></span> <span class='ocrx_word' id='word_1_85' title='bbox 380 873 430 896; x_wconf 83' lang='lat' dir='ltr'><strong>m:</strong></span> <span class='ocrx_word' id='word_1_86' title='bbox 460 872 794 898; x_wconf 71' lang='lat' dir='ltr'><strong>MAclsTnArxnus</strong></span> <span class='ocrx_word' id='word_1_87' title='bbox 823 872 892 897; x_wconf 75' lang='lat' dir='ltr'><strong>nm</strong></span> <span class='ocrx_word' id='word_1_88' title='bbox 918 871 1111 898; x_wconf 66' lang='lat' dir='ltr'>PUBLICAE</span> <span class='ocrx_word' id='word_1_89' title='bbox 1139 862 1364 908; x_wconf 62' lang='lat' dir='ltr'><strong>Roman,</strong></span> <span class='ocrx_word' id='word_1_90' title='bbox 1392 859 1480 914; x_wconf 82' lang='grc' dir='ltr'><em>περὶ</em></span> <span class='ocrx_word' id='word_1_91' title='bbox 1498 857 1628 912; x_wconf 77' lang='grc' dir='ltr'><em>ἆρχαῒν</em></span> 
     </span>
     <span class='ocr_line' id='line_1_13' title="bbox 213 923 1625 976; baseline 0.001 -14"><span class='ocrx_word' id='word_1_92' title='bbox 213 926 284 974; x_wconf 74' lang='grc' dir='ltr'><strong>τῆς</strong></span> <span class='ocrx_word' id='word_1_93' title='bbox 299 923 495 976; x_wconf 83' lang='grc' dir='ltr'><em>Ῥωμαίων</em></span> <span class='ocrx_word' id='word_1_94' title='bbox 514 927 727 975; x_wconf 80' lang='grc' dir='ltr'><strong><em>πολιτείας,</em></strong></span> <span class='ocrx_word' id='word_1_95' title='bbox 756 927 865 964; x_wconf 82' lang='lat' dir='ltr'><strong>libris</strong></span> <span class='ocrx_word' id='word_1_96' title='bbox 890 926 1012 964; x_wconf 85' lang='lat' dir='ltr'><strong>tribus</strong></span> <span class='ocrx_word' id='word_1_97' title='bbox 1028 933 1115 976; x_wconf 86' lang='lat' dir='ltr'><strong>post</strong></span> <span class='ocrx_word' id='word_1_98' title='bbox 1135 928 1428 964; x_wconf 85' lang='lat' dir='ltr'><strong>commentarios</strong></span> <span class='ocrx_word' id='word_1_99' title='bbox 1445 925 1494 964; x_wconf 86' lang='lat' dir='ltr'><strong>de</strong></span> <span class='ocrx_word' id='word_1_100' title='bbox 1511 929 1625 964; x_wconf 88' lang='lat' dir='ltr'><strong>Men-</strong></span> 
     </span>
     <span class='ocr_line' id='line_1_14' title="bbox 211 991 1627 1044; baseline 0.004 -19"><span class='ocrx_word' id='word_1_101' title='bbox 211 991 317 1027; x_wconf 88' lang='lat' dir='ltr'><strong>sibus</strong></span> <span class='ocrx_word' id='word_1_102' title='bbox 343 992 514 1042; x_wconf 84' lang='lat' dir='ltr'><strong>vulgato.</strong></span> <span class='ocrx_word' id='word_1_103' title='bbox 568 992 611 1029; x_wconf 85' lang='lat' dir='ltr'><strong>id</strong></span> <span class='ocrx_word' id='word_1_104' title='bbox 640 1006 736 1043; x_wconf 87' lang='lat' dir='ltr'><strong>opus</strong></span> <span class='ocrx_word' id='word_1_105' title='bbox 764 999 969 1043; x_wconf 84' lang='lat' dir='ltr'><strong>antequam</strong></span> <span class='ocrx_word' id='word_1_106' title='bbox 996 991 1070 1029; x_wconf 84' lang='lat' dir='ltr'><strong>hac</strong></span> <span class='ocrx_word' id='word_1_107' title='bbox 1092 991 1260 1031; x_wconf 84' lang='lat' dir='ltr'><strong>editione</strong></span> <span class='ocrx_word' id='word_1_108' title='bbox 1279 994 1383 1044; x_wconf 83' lang='lat' dir='ltr'><strong>typis</strong></span> <span class='ocrx_word' id='word_1_109' title='bbox 1399 991 1627 1030; x_wconf 84' lang='lat' dir='ltr'><strong>mandatum</strong></span> 
     </span>
     <span class='ocr_line' id='line_1_15' title="bbox 211 1058 1626 1111; baseline 0.004 -20"><span class='ocrx_word' id='word_1_110' title='bbox 211 1063 290 1104; x_wconf 86' lang='lat' dir='ltr'><strong>est,</strong></span> <span class='ocrx_word' id='word_1_111' title='bbox 322 1070 392 1106; x_wconf 90' lang='lat' dir='ltr'><strong>per</strong></span> <span class='ocrx_word' id='word_1_112' title='bbox 412 1071 532 1096; x_wconf 89' lang='lat' dir='ltr'><strong>annos</strong></span> <span class='ocrx_word' id='word_1_113' title='bbox 552 1060 632 1096; x_wconf 87' lang='lat' dir='ltr'><strong>fere</strong></span> <span class='ocrx_word' id='word_1_114' title='bbox 655 1059 734 1100; x_wconf 89' lang='lat'><strong>800</strong></span> <span class='ocrx_word' id='word_1_115' title='bbox 757 1058 908 1095; x_wconf 88' lang='lat' dir='ltr'><strong>delituit</strong></span> <span class='ocrx_word' id='word_1_116' title='bbox 927 1059 968 1094; x_wconf 91' lang='lat' dir='ltr'><strong>in</strong></span> <span class='ocrx_word' id='word_1_117' title='bbox 989 1071 1066 1095; x_wconf 92' lang='lat' dir='ltr'><strong>uno</strong></span> <span class='ocrx_word' id='word_1_118' title='bbox 1086 1059 1168 1096; x_wconf 90' lang='lat' dir='ltr'><strong>solo</strong></span> <span class='ocrx_word' id='word_1_119' title='bbox 1189 1058 1360 1110; x_wconf 86' lang='lat' dir='ltr'><strong>(opinor)</strong></span> <span class='ocrx_word' id='word_1_120' title='bbox 1381 1071 1504 1111; x_wconf 89' lang='lat' dir='ltr'><strong>eoque</strong></span> <span class='ocrx_word' id='word_1_121' title='bbox 1522 1060 1626 1096; x_wconf 87' lang='lat' dir='ltr'><strong>male</strong></span> 
     </span>
     <span class='ocr_line' id='line_1_16' title="bbox 211 1122 1626 1176; baseline 0.004 -18"><span class='ocrx_word' id='word_1_122' title='bbox 211 1122 347 1161; x_wconf 78' lang='lat' dir='ltr'><strong>affecto</strong></span> <span class='ocrx_word' id='word_1_123' title='bbox 363 1123 492 1162; x_wconf 86' lang='lat' dir='ltr'><strong>codice</strong></span> <span class='ocrx_word' id='word_1_124' title='bbox 506 1154 517 1173; x_wconf 93' lang='lat'><strong>,</strong></span> <span class='ocrx_word' id='word_1_125' title='bbox 545 1138 617 1162; x_wconf 87' lang='lat' dir='ltr'><strong>nec</strong></span> <span class='ocrx_word' id='word_1_126' title='bbox 636 1126 843 1176; x_wconf 87' lang='lat' dir='ltr'><strong>quicquam</strong></span> <span class='ocrx_word' id='word_1_127' title='bbox 859 1125 1016 1174; x_wconf 89' lang='lat' dir='ltr'><strong>propius</strong></span> <span class='ocrx_word' id='word_1_128' title='bbox 1040 1131 1097 1162; x_wconf 85' lang='lat' dir='ltr'><strong>est</strong></span> <span class='ocrx_word' id='word_1_129' title='bbox 1112 1126 1258 1162; x_wconf 82' lang='lat' dir='ltr'><strong>factum</strong></span> <span class='ocrx_word' id='word_1_130' title='bbox 1276 1138 1395 1176; x_wconf 87' lang='lat' dir='ltr'><strong>quam</strong></span> <span class='ocrx_word' id='word_1_131' title='bbox 1410 1132 1453 1162; x_wconf 93' lang='lat' dir='ltr'><strong>ut</strong></span> <span class='ocrx_word' id='word_1_132' title='bbox 1469 1138 1626 1176; x_wconf 84' lang='lat' dir='ltr'><strong>prorsus</strong></span> 
     </span>
     <span class='ocr_line' id='line_1_17' title="bbox 211 1188 1623 1242; baseline 0.002 -17"><span class='ocrx_word' id='word_1_133' title='bbox 211 1188 414 1227; x_wconf 85' lang='lat' dir='ltr'><strong>occideret.</strong></span> <span class='ocrx_word' id='word_1_134' title='bbox 470 1192 627 1228; x_wconf 72' lang='lat' dir='ltr'><strong>tei-tlum</strong></span> <span class='ocrx_word' id='word_1_135' title='bbox 658 1198 788 1228; x_wconf 88' lang='lat' dir='ltr'><strong>autem</strong></span> <span class='ocrx_word' id='word_1_136' title='bbox 816 1204 912 1242; x_wconf 86' lang='lat' dir='ltr'><strong>opus</strong></span> <span class='ocrx_word' id='word_1_137' title='bbox 940 1197 997 1228; x_wconf 90' lang='lat' dir='ltr'><strong>est</strong></span> <span class='ocrx_word' id='word_1_138' title='bbox 1018 1198 1107 1241; x_wconf 86' lang='lat' dir='ltr'><strong>post</strong></span> <span class='ocrx_word' id='word_1_139' title='bbox 1133 1192 1203 1228; x_wconf 89' lang='lat' dir='ltr'><strong>illa</strong></span> <span class='ocrx_word' id='word_1_140' title='bbox 1231 1190 1308 1228; x_wconf 89' lang='lat' dir='ltr'><strong>duo</strong></span> <span class='ocrx_word' id='word_1_141' title='bbox 1336 1192 1543 1241; x_wconf 88' lang='lat' dir='ltr'><strong>scriptum,</strong></span> <span class='ocrx_word' id='word_1_142' title='bbox 1571 1204 1623 1228; x_wconf 82' lang='lat' dir='ltr'><strong>m:</strong></span> 
     </span>
     <span class='ocr_line' id='line_1_18' title="bbox 209 1255 1624 1308; baseline 0.002 -17"><span class='ocrx_word' id='word_1_143' title='bbox 209 1256 432 1304; x_wconf 71' lang='lat' dir='ltr'><strong>Os&#39;rEN‘ris,</strong></span> <span class='ocrx_word' id='word_1_144' title='bbox 461 1255 549 1308; x_wconf 84' lang='grc' dir='ltr'><strong>περὶ</strong></span> <span class='ocrx_word' id='word_1_145' title='bbox 566 1258 818 1307; x_wconf 74' lang='grc' dir='ltr'><em>διοσημειῶν,</em></span> <span class='ocrx_word' id='word_1_146' title='bbox 846 1269 968 1307; x_wconf 90' lang='lat' dir='ltr'><strong>aeque</strong></span> <span class='ocrx_word' id='word_1_147' title='bbox 987 1256 1178 1294; x_wconf 86' lang='lat' dir='ltr'><strong>ineditum</strong></span> <span class='ocrx_word' id='word_1_148' title='bbox 1194 1264 1345 1307; x_wconf 87' lang='lat' dir='ltr'><strong>praeter</strong></span> <span class='ocrx_word' id='word_1_149' title='bbox 1361 1270 1484 1308; x_wconf 84' lang='lat' dir='ltr'><strong>pauca</strong></span> <span class='ocrx_word' id='word_1_150' title='bbox 1502 1270 1624 1308; x_wconf 86' lang='lat' dir='ltr'><strong>quae-</strong></span> 
     </span>
     <span class='ocr_line' id='line_1_19' title="bbox 207 1319 1625 1372; baseline 0.004 -17"><span class='ocrx_word' id='word_1_151' title='bbox 207 1319 323 1367; x_wconf 85' lang='lat' dir='ltr'><strong>‹lam3</strong></span> <span class='ocrx_word' id='word_1_152' title='bbox 367 1335 442 1372; x_wconf 92' lang='lat' dir='ltr'><strong>quo</strong></span> <span class='ocrx_word' id='word_1_153' title='bbox 479 1321 664 1372; x_wconf 88' lang='lat' dir='ltr'><strong>quicquid</strong></span> <span class='ocrx_word' id='word_1_154' title='bbox 691 1321 739 1357; x_wconf 90' lang='lat' dir='ltr'><strong>de</strong></span> <span class='ocrx_word' id='word_1_155' title='bbox 775 1323 991 1370; x_wconf 83' lang='lat' dir='ltr'><strong>aruspicina</strong></span> <span class='ocrx_word' id='word_1_156' title='bbox 1023 1323 1281 1371; x_wconf 85' lang='lat' dir='ltr'><strong>fulguralique</strong></span> <span class='ocrx_word' id='word_1_157' title='bbox 1307 1324 1443 1372; x_wconf 88' lang='lat' dir='ltr'><strong>populi</strong></span> <span class='ocrx_word' id='word_1_158' title='bbox 1460 1324 1625 1360; x_wconf 82' lang='lat' dir='ltr'><strong>Romani</strong></span> 
     </span>
     <span class='ocr_line' id='line_1_20' title="bbox 206 1384 1624 1439; baseline 0.004 -18"><span class='ocrx_word' id='word_1_159' title='bbox 206 1384 410 1435; x_wconf 84' lang='lat' dir='ltr'><strong>disciplina</strong></span> <span class='ocrx_word' id='word_1_160' title='bbox 439 1393 477 1423; x_wconf 88' lang='lat' dir='ltr'><strong>et</strong></span> <span class='ocrx_word' id='word_1_161' title='bbox 506 1388 684 1424; x_wconf 76' lang='lat' dir='ltr'><strong>universe</strong></span> <span class='ocrx_word' id='word_1_162' title='bbox 713 1385 761 1422; x_wconf 87' lang='lat' dir='ltr'><strong>de</strong></span> <span class='ocrx_word' id='word_1_163' title='bbox 790 1386 949 1423; x_wconf 90' lang='lat' dir='ltr'><strong>scientia</strong></span> <span class='ocrx_word' id='word_1_164' title='bbox 977 1393 1185 1435; x_wconf 83' lang='lat' dir='ltr'><strong>auguratus</strong></span> <span class='ocrx_word' id='word_1_165' title='bbox 1219 1385 1468 1439; x_wconf 84' lang='lat' dir='ltr'><strong>doctrinaque</strong></span> <span class='ocrx_word' id='word_1_166' title='bbox 1493 1388 1624 1426; x_wconf 81' lang='lat' dir='ltr'><strong>Tusca</strong></span> 
     </span>
     <span class='ocr_line' id='line_1_21' title="bbox 204 1452 1623 1505; baseline 0.003 -18"><span class='ocrx_word' id='word_1_167' title='bbox 204 1457 377 1501; x_wconf 87' lang='lat' dir='ltr'><strong>tempore</strong></span> <span class='ocrx_word' id='word_1_168' title='bbox 404 1453 608 1489; x_wconf 86' lang='lat' dir='ltr'><strong>Iustiniani</strong></span> <span class='ocrx_word' id='word_1_169' title='bbox 638 1452 734 1490; x_wconf 89' lang='lat' dir='ltr'><strong>disci</strong></span> <span class='ocrx_word' id='word_1_170' title='bbox 763 1452 927 1501; x_wconf 82' lang='lat' dir='ltr'><strong>scirique</strong></span> <span class='ocrx_word' id='word_1_171' title='bbox 955 1458 1128 1500; x_wconf 86' lang='lat' dir='ltr'><strong>poterat,</strong></span> <span class='ocrx_word' id='word_1_172' title='bbox 1157 1460 1498 1505; x_wconf 87' lang='lat' dir='ltr'><strong>quantumcunque</strong></span> <span class='ocrx_word' id='word_1_173' title='bbox 1528 1461 1623 1504; x_wconf 80' lang='lat' dir='ltr'><strong>erat,</strong></span> 
     </span>
     <span class='ocr_line' id='line_1_22' title="bbox 204 1516 1623 1569; baseline 0.004 -17"><span class='ocrx_word' id='word_1_174' title='bbox 204 1516 304 1553; x_wconf 86' lang='lat' dir='ltr'><strong>illud</strong></span> <span class='ocrx_word' id='word_1_175' title='bbox 320 1524 446 1554; x_wconf 87' lang='lat' dir='ltr'><strong>totum</strong></span> <span class='ocrx_word' id='word_1_176' title='bbox 464 1518 597 1569; x_wconf 86' lang='lat' dir='ltr'><strong>Lydus</strong></span> <span class='ocrx_word' id='word_1_177' title='bbox 617 1518 792 1556; x_wconf 86' lang='lat' dir='ltr'><strong>contulit.</strong></span> <span class='ocrx_word' id='word_1_178' title='bbox 850 1518 918 1567; x_wconf 94' lang='lat' dir='ltr'><strong>qui</strong></span> <span class='ocrx_word' id='word_1_179' title='bbox 934 1517 1033 1553; x_wconf 89' lang='lat' dir='ltr'><strong>liber</strong></span> <span class='ocrx_word' id='word_1_180' title='bbox 1051 1529 1128 1567; x_wconf 91' lang='lat' dir='ltr'><strong>quo</strong></span> <span class='ocrx_word' id='word_1_181' title='bbox 1147 1525 1204 1555; x_wconf 86' lang='lat' dir='ltr'><strong>est</strong></span> <span class='ocrx_word' id='word_1_182' title='bbox 1217 1520 1342 1568; x_wconf 85' lang='lat' dir='ltr'><strong>magis</strong></span> <span class='ocrx_word' id='word_1_183' title='bbox 1361 1520 1623 1558; x_wconf 80' lang='lat' dir='ltr'><strong>abstrusarum</strong></span> 
     </span>
     <span class='ocr_line' id='line_1_23' title="bbox 204 1581 1622 1634; baseline 0.003 -15"><span class='ocrx_word' id='word_1_184' title='bbox 204 1596 469 1634; x_wconf 76' lang='lat' dir='ltr'><strong>novarumque</strong></span> <span class='ocrx_word' id='word_1_185' title='bbox 497 1597 626 1621; x_wconf 86' lang='lat' dir='ltr'><strong>rerum</strong></span> <span class='ocrx_word' id='word_1_186' title='bbox 654 1585 793 1634; x_wconf 84' lang='lat' dir='ltr'><strong>plenus</strong></span> <span class='ocrx_word' id='word_1_187' title='bbox 821 1581 948 1633; x_wconf 89' lang='lat' dir='ltr'><strong>adque</strong></span> <span class='ocrx_word' id='word_1_188' title='bbox 975 1584 1120 1632; x_wconf 90' lang='lat' dir='ltr'><strong>priscas</strong></span> <span class='ocrx_word' id='word_1_189' title='bbox 1148 1586 1282 1634; x_wconf 87' lang='lat' dir='ltr'><strong>populi</strong></span> <span class='ocrx_word' id='word_1_190' title='bbox 1310 1587 1476 1622; x_wconf 89' lang='lat' dir='ltr'><strong>Romani</strong></span> <span class='ocrx_word' id='word_1_191' title='bbox 1498 1588 1622 1623; x_wconf 90' lang='lat' dir='ltr'><strong>caeri-</strong></span> 
     </span>
     <span class='ocr_line' id='line_1_24' title="bbox 203 1649 1621 1701; baseline 0.002 -16"><span class='ocrx_word' id='word_1_192' title='bbox 203 1650 353 1686; x_wconf 86' lang='lat' dir='ltr'><strong>monias</strong></span> <span class='ocrx_word' id='word_1_193' title='bbox 384 1651 693 1701; x_wconf 82' lang='lat' dir='ltr'><strong>religionumque</strong></span> <span class='ocrx_word' id='word_1_194' title='bbox 723 1649 943 1686; x_wconf 79' lang='lat' dir='ltr'><strong>sanctitates</strong></span> <span class='ocrx_word' id='word_1_195' title='bbox 977 1650 1132 1687; x_wconf 86' lang='lat' dir='ltr'><strong>intimas</strong></span> <span class='ocrx_word' id='word_1_196' title='bbox 1163 1650 1377 1688; x_wconf 86' lang='lat' dir='ltr'><strong>noscendas</strong></span> <span class='ocrx_word' id='word_1_197' title='bbox 1405 1651 1535 1699; x_wconf 87' lang='lat' dir='ltr'><strong>utilis,</strong></span> <span class='ocrx_word' id='word_1_198' title='bbox 1574 1665 1621 1689; x_wconf 90' lang='lat' dir='ltr'><strong>eo</strong></span> 
     </span>
     <span class='ocr_line' id='line_1_25' title="bbox 203 1713 1620 1769; baseline 0.004 -19"><span class='ocrx_word' id='word_1_199' title='bbox 203 1716 390 1752; x_wconf 86' lang='lat' dir='ltr'><strong>maiorem</strong></span> <span class='ocrx_word' id='word_1_200' title='bbox 419 1715 611 1754; x_wconf 87' lang='lat' dir='ltr'><strong>desiderat</strong></span> <span class='ocrx_word' id='word_1_201' title='bbox 637 1717 678 1752; x_wconf 89' lang='lat' dir='ltr'><strong>in</strong></span> <span class='ocrx_word' id='word_1_202' title='bbox 704 1715 922 1765; x_wconf 87' lang='lat' dir='ltr'><strong>legentibus</strong></span> <span class='ocrx_word' id='word_1_203' title='bbox 947 1713 1226 1753; x_wconf 86' lang='lat' dir='ltr'><strong>dubitationem</strong></span> <span class='ocrx_word' id='word_1_204' title='bbox 1258 1724 1297 1754; x_wconf 90' lang='lat' dir='ltr'><strong>et</strong></span> <span class='ocrx_word' id='word_1_205' title='bbox 1323 1730 1504 1766; x_wconf 87' lang='lat' dir='ltr'><strong>acumen,</strong></span> <span class='ocrx_word' id='word_1_206' title='bbox 1541 1730 1620 1769; x_wconf 86' lang='lat' dir='ltr'><strong>quo</strong></span> 
     </span>
     <span class='ocr_line' id='line_1_26' title="bbox 202 1783 1619 1834; baseline 0.003 -17"><span class='ocrx_word' id='word_1_207' title='bbox 202 1794 325 1818; x_wconf 80' lang='lat' dir='ltr'><strong>novae</strong></span> <span class='ocrx_word' id='word_1_208' title='bbox 346 1789 432 1832; x_wconf 87' lang='lat' dir='ltr'><strong>post</strong></span> <span class='ocrx_word' id='word_1_209' title='bbox 450 1784 499 1820; x_wconf 88' lang='lat' dir='ltr'><strong>D.</strong></span> <span class='ocrx_word' id='word_1_210' title='bbox 517 1785 736 1832; x_wconf 85' lang='lat' dir='ltr'><strong>Augustum</strong></span> <span class='ocrx_word' id='word_1_211' title='bbox 761 1796 831 1833; x_wconf 90' lang='lat' dir='ltr'><strong>per</strong></span> <span class='ocrx_word' id='word_1_212' title='bbox 855 1788 989 1832; x_wconf 87' lang='lat' dir='ltr'><strong>gentes</strong></span> <span class='ocrx_word' id='word_1_213' title='bbox 1015 1783 1124 1821; x_wconf 87' lang='lat' dir='ltr'><strong>fusae</strong></span> <span class='ocrx_word' id='word_1_214' title='bbox 1143 1784 1431 1834; x_wconf 84' lang='lat' dir='ltr'><strong>superstitiones</strong></span> <span class='ocrx_word' id='word_1_215' title='bbox 1450 1784 1497 1821; x_wconf 88' lang='lat' dir='ltr'><strong>ab</strong></span> <span class='ocrx_word' id='word_1_216' title='bbox 1517 1786 1619 1822; x_wconf 87' lang='lat' dir='ltr'><strong>anti—</strong></span> 
     </span>
     <span class='ocr_line' id='line_1_27' title="bbox 203 1849 1619 1901; baseline 0.004 -18"><span class='ocrx_word' id='word_1_217' title='bbox 203 1849 398 1898; x_wconf 88' lang='lat' dir='ltr'><strong>quissimis</strong></span> <span class='ocrx_word' id='word_1_218' title='bbox 425 1850 482 1885; x_wconf 90' lang='lat' dir='ltr'><strong>rei</strong></span> <span class='ocrx_word' id='word_1_219' title='bbox 507 1849 685 1899; x_wconf 87' lang='lat' dir='ltr'><strong>publicae</strong></span> <span class='ocrx_word' id='word_1_220' title='bbox 712 1850 897 1886; x_wconf 86' lang='lat' dir='ltr'><strong>institutis</strong></span> <span class='ocrx_word' id='word_1_221' title='bbox 922 1850 1249 1901; x_wconf 86' lang='lat' dir='ltr'><strong>Etruscorumque</strong></span> <span class='ocrx_word' id='word_1_222' title='bbox 1275 1851 1487 1900; x_wconf 83' lang='lat' dir='ltr'><strong>praeceptis</strong></span> <span class='ocrx_word' id='word_1_223' title='bbox 1515 1858 1619 1888; x_wconf 86' lang='lat' dir='ltr'><strong>recte</strong></span> 
     </span>
     <span class='ocr_line' id='line_1_28' title="bbox 202 1912 1618 1968; baseline 0.004 -18"><span class='ocrx_word' id='word_1_224' title='bbox 202 1912 500 1963; x_wconf 85' lang='lat' dir='ltr'><strong>distinguantur.</strong></span> <span class='ocrx_word' id='word_1_225' title='bbox 555 1927 628 1951; x_wconf 86' lang='lat' dir='ltr'><strong>nec</strong></span> <span class='ocrx_word' id='word_1_226' title='bbox 662 1913 863 1952; x_wconf 85' lang='lat' dir='ltr'><strong>dissimulo</strong></span> <span class='ocrx_word' id='word_1_227' title='bbox 894 1915 1050 1952; x_wconf 86' lang='lat' dir='ltr'><strong>omnino</strong></span> <span class='ocrx_word' id='word_1_228' title='bbox 1072 1928 1136 1951; x_wconf 87' lang='lat' dir='ltr'><strong>me</strong></span> <span class='ocrx_word' id='word_1_229' title='bbox 1157 1915 1287 1953; x_wconf 86' lang='lat' dir='ltr'><strong>dolere</strong></span> <span class='ocrx_word' id='word_1_230' title='bbox 1310 1915 1416 1968; x_wconf 90' lang='lat' dir='ltr'><strong>quod</strong></span> <span class='ocrx_word' id='word_1_231' title='bbox 1431 1923 1514 1954; x_wconf 88' lang='lat' dir='ltr'><strong>tam</strong></span> <span class='ocrx_word' id='word_1_232' title='bbox 1530 1930 1618 1956; x_wconf 87' lang='lat' dir='ltr'><strong>sero</strong></span> 
     </span>
     <span class='ocr_line' id='line_1_29' title="bbox 202 1978 1618 2031; baseline 0.004 -15"><span class='ocrx_word' id='word_1_233' title='bbox 202 1978 335 2030; x_wconf 85' lang='lat' dir='ltr'><strong>Lydus</strong></span> <span class='ocrx_word' id='word_1_234' title='bbox 358 1979 409 2017; x_wconf 86' lang='lat' dir='ltr'><strong>ad</strong></span> <span class='ocrx_word' id='word_1_235' title='bbox 428 1979 650 2018; x_wconf 83' lang='lat' dir='ltr'><strong>scribendos</strong></span> <span class='ocrx_word' id='word_1_236' title='bbox 664 1979 735 2018; x_wconf 90' lang='lat' dir='ltr'><strong>hos</strong></span> <span class='ocrx_word' id='word_1_237' title='bbox 754 1981 874 2019; x_wconf 83' lang='lat' dir='ltr'><strong>libros</strong></span> <span class='ocrx_word' id='word_1_238' title='bbox 892 1993 934 2017; x_wconf 85' lang='lat' dir='ltr'><strong>se</strong></span> <span class='ocrx_word' id='word_1_239' title='bbox 957 1981 1224 2031; x_wconf 83' lang='lat' dir='ltr'><strong>applicaverit,</strong></span> <span class='ocrx_word' id='word_1_240' title='bbox 1254 1995 1374 2021; x_wconf 87' lang='lat' dir='ltr'><strong>annos</strong></span> <span class='ocrx_word' id='word_1_241' title='bbox 1396 1989 1510 2021; x_wconf 83' lang='lat' dir='ltr'><strong>natus</strong></span> <span class='ocrx_word' id='word_1_242' title='bbox 1531 1996 1618 2021; x_wconf 80' lang='lat' dir='ltr'><strong>am-</strong></span> 
     </span>
     <span class='ocr_line' id='line_1_30' title="bbox 200 2046 1618 2097; baseline 0.004 -15"><span class='ocrx_word' id='word_1_243' title='bbox 200 2046 304 2096; x_wconf 91' lang='lat' dir='ltr'><strong>plius</strong></span> <span class='ocrx_word' id='word_1_244' title='bbox 326 2048 399 2094; x_wconf 85' lang='lat'><strong>60,</strong></span> <span class='ocrx_word' id='word_1_245' title='bbox 426 2046 656 2083; x_wconf 85' lang='lat' dir='ltr'><strong>labefactata</strong></span> <span class='ocrx_word' id='word_1_246' title='bbox 681 2047 761 2083; x_wconf 87' lang='lat' dir='ltr'><strong>iam</strong></span> <span class='ocrx_word' id='word_1_247' title='bbox 787 2060 832 2084; x_wconf 87' lang='lat' dir='ltr'><strong>ac</strong></span> <span class='ocrx_word' id='word_1_248' title='bbox 855 2047 1060 2085; x_wconf 84' lang='lat' dir='ltr'><strong>vacillante</strong></span> <span class='ocrx_word' id='word_1_249' title='bbox 1078 2049 1327 2097; x_wconf 88' lang='lat' dir='ltr'><strong>memoriola,</strong></span> <span class='ocrx_word' id='word_1_250' title='bbox 1355 2051 1462 2088; x_wconf 85' lang='lat' dir='ltr'><strong>cuius</strong></span> <span class='ocrx_word' id='word_1_251' title='bbox 1483 2051 1618 2088; x_wconf 87' lang='lat' dir='ltr'><strong>immi-</strong></span> 
     </span>
     <span class='ocr_line' id='line_1_31' title="bbox 198 2113 1617 2163; baseline 0.004 -15"><span class='ocrx_word' id='word_1_252' title='bbox 198 2113 308 2150; x_wconf 91' lang='lat' dir='ltr'><strong>nutio</strong></span> <span class='ocrx_word' id='word_1_253' title='bbox 337 2125 424 2149; x_wconf 90' lang='lat' dir='ltr'><strong>cum</strong></span> <span class='ocrx_word' id='word_1_254' title='bbox 453 2114 494 2149; x_wconf 90' lang='lat' dir='ltr'><strong>in</strong></span> <span class='ocrx_word' id='word_1_255' title='bbox 525 2114 631 2150; x_wconf 90' lang='lat' dir='ltr'><strong>omni</strong></span> <span class='ocrx_word' id='word_1_256' title='bbox 651 2114 832 2163; x_wconf 86' lang='lat' dir='ltr'><strong>scriptore</strong></span> <span class='ocrx_word' id='word_1_257' title='bbox 853 2119 910 2149; x_wconf 87' lang='lat' dir='ltr'><strong>est</strong></span> <span class='ocrx_word' id='word_1_258' title='bbox 926 2113 1192 2163; x_wconf 86' lang='lat' dir='ltr'><strong>incommoda,</strong></span> <span class='ocrx_word' id='word_1_259' title='bbox 1219 2121 1303 2151; x_wconf 85' lang='lat' dir='ltr'><strong>tmn</strong></span> <span class='ocrx_word' id='word_1_260' title='bbox 1321 2117 1494 2153; x_wconf 87' lang='lat' dir='ltr'><strong>maxime</strong></span> <span class='ocrx_word' id='word_1_261' title='bbox 1510 2117 1552 2153; x_wconf 86' lang='lat' dir='ltr'><strong>in</strong></span> <span class='ocrx_word' id='word_1_262' title='bbox 1570 2129 1617 2154; x_wconf 92' lang='lat' dir='ltr'><strong>eo</strong></span> 
     </span>
     <span class='ocr_line' id='line_1_32' title="bbox 199 2177 1616 2231; baseline 0.004 -17"><span class='ocrx_word' id='word_1_263' title='bbox 199 2179 268 2229; x_wconf 86' lang='lat' dir='ltr'><strong>qui</strong></span> <span class='ocrx_word' id='word_1_264' title='bbox 287 2177 503 2215; x_wconf 86' lang='lat' dir='ltr'><strong>reconditas</strong></span> <span class='ocrx_word' id='word_1_265' title='bbox 521 2180 639 2229; x_wconf 88' lang='lat' dir='ltr'><strong>inque</strong></span> <span class='ocrx_word' id='word_1_266' title='bbox 657 2180 797 2228; x_wconf 81' lang='lat' dir='ltr'><strong>vulgus</strong></span> <span class='ocrx_word' id='word_1_267' title='bbox 817 2179 969 2228; x_wconf 81' lang='lat' dir='ltr'><strong>ignotas</strong></span> <span class='ocrx_word' id='word_1_268' title='bbox 990 2193 1050 2216; x_wconf 89' lang='lat' dir='ltr'><strong>res</strong></span> <span class='ocrx_word' id='word_1_269' title='bbox 1069 2193 1168 2218; x_wconf 86' lang='lat' dir='ltr'><strong>unus</strong></span> <span class='ocrx_word' id='word_1_270' title='bbox 1184 2188 1331 2218; x_wconf 87' lang='lat' dir='ltr'><strong>tractet.</strong></span> <span class='ocrx_word' id='word_1_271' title='bbox 1387 2180 1487 2219; x_wconf 84' lang='lat' dir='ltr'><strong>adde</strong></span> <span class='ocrx_word' id='word_1_272' title='bbox 1501 2181 1616 2231; x_wconf 86' lang='lat' dir='ltr'><strong>illud,</strong></span> 
     </span>
     <span class='ocr_line' id='line_1_33' title="bbox 198 2245 1616 2296; baseline 0.004 -15"><span class='ocrx_word' id='word_1_273' title='bbox 198 2252 367 2291; x_wconf 82' lang='lat' dir='ltr'><strong>veteres,</strong></span> <span class='ocrx_word' id='word_1_274' title='bbox 396 2246 430 2282; x_wconf 87' lang='lat' dir='ltr'><strong>si</strong></span> <span class='ocrx_word' id='word_1_275' title='bbox 449 2245 602 2296; x_wconf 88' lang='lat' dir='ltr'><strong>quando</strong></span> <span class='ocrx_word' id='word_1_276' title='bbox 622 2247 663 2282; x_wconf 88' lang='lat' dir='ltr'><strong>in</strong></span> <span class='ocrx_word' id='word_1_277' title='bbox 681 2245 882 2282; x_wconf 85' lang='lat' dir='ltr'><strong>scribendo</strong></span> <span class='ocrx_word' id='word_1_278' title='bbox 905 2246 1070 2282; x_wconf 87' lang='lat' dir='ltr'><strong>aliorum</strong></span> <span class='ocrx_word' id='word_1_279' title='bbox 1092 2247 1209 2283; x_wconf 82' lang='lat' dir='ltr'><strong>verba</strong></span> <span class='ocrx_word' id='word_1_280' title='bbox 1232 2247 1433 2296; x_wconf 83' lang='lat' dir='ltr'><strong>afferrent,</strong></span> <span class='ocrx_word' id='word_1_281' title='bbox 1462 2261 1616 2286; x_wconf 86' lang='lat' dir='ltr'><strong>memo·-</strong></span> 
     </span>
     <span class='ocr_line' id='line_1_34' title="bbox 199 2312 1615 2362; baseline 0.003 -15"><span class='ocrx_word' id='word_1_282' title='bbox 199 2312 291 2347; x_wconf 87' lang='lat' dir='ltr'><strong>riter</strong></span> <span class='ocrx_word' id='word_1_283' title='bbox 323 2312 552 2362; x_wconf 85' lang='lat' dir='ltr'><strong>plerumque</strong></span> <span class='ocrx_word' id='word_1_284' title='bbox 583 2324 656 2348; x_wconf 90' lang='lat' dir='ltr'><strong>nec</strong></span> <span class='ocrx_word' id='word_1_285' title='bbox 685 2313 765 2349; x_wconf 93' lang='lat' dir='ltr'><strong>ullo</strong></span> <span class='ocrx_word' id='word_1_286' title='bbox 792 2312 946 2348; x_wconf 80' lang='lat' dir='ltr'><strong>evoluto</strong></span> <span class='ocrx_word' id='word_1_287' title='bbox 972 2313 1170 2349; x_wconf 84' lang='lat' dir='ltr'><strong>volumine</strong></span> <span class='ocrx_word' id='word_1_288' title='bbox 1193 2326 1238 2349; x_wconf 88' lang='lat' dir='ltr'><strong>ea</strong></span> <span class='ocrx_word' id='word_1_289' title='bbox 1262 2315 1347 2350; x_wconf 86' lang='lat' dir='ltr'><strong>loca</strong></span> <span class='ocrx_word' id='word_1_290' title='bbox 1373 2327 1457 2351; x_wconf 87' lang='lat' dir='ltr'><strong>esse</strong></span> <span class='ocrx_word' id='word_1_291' title='bbox 1479 2315 1521 2350; x_wconf 88' lang='lat' dir='ltr'><strong>in</strong></span> <span class='ocrx_word' id='word_1_292' title='bbox 1543 2327 1615 2352; x_wconf 78' lang='lat' dir='ltr'><strong>sua</strong></span> 
     </span>
     <span class='ocr_line' id='line_1_35' title="bbox 196 2377 1614 2429; baseline 0.002 -16"><span class='ocrx_word' id='word_1_293' title='bbox 196 2377 402 2414; x_wconf 85' lang='lat' dir='ltr'><strong>transferre</strong></span> <span class='ocrx_word' id='word_1_294' title='bbox 430 2379 569 2428; x_wconf 86' lang='lat' dir='ltr'><strong>scripta</strong></span> <span class='ocrx_word' id='word_1_295' title='bbox 599 2379 754 2426; x_wconf 85' lang='lat' dir='ltr'><strong>solitos,</strong></span> <span class='ocrx_word' id='word_1_296' title='bbox 781 2378 994 2414; x_wconf 88' lang='lat' dir='ltr'><strong>sententiae</strong></span> <span class='ocrx_word' id='word_1_297' title='bbox 1022 2379 1145 2415; x_wconf 90' lang='lat' dir='ltr'><strong>multo</strong></span> <span class='ocrx_word' id='word_1_298' title='bbox 1162 2380 1286 2429; x_wconf 82' lang='lat' dir='ltr'><strong>magis</strong></span> <span class='ocrx_word' id='word_1_299' title='bbox 1309 2391 1427 2429; x_wconf 87' lang='lat' dir='ltr'><strong>quam</strong></span> <span class='ocrx_word' id='word_1_300' title='bbox 1443 2379 1614 2416; x_wconf 86' lang='lat' dir='ltr'><strong>vocabu·-</strong></span> 
     </span>
     <span class='ocr_line' id='line_1_36' title="bbox 197 2442 1613 2494; baseline 0.002 -15"><span class='ocrx_word' id='word_1_301' title='bbox 197 2443 324 2479; x_wconf 87' lang='lat' dir='ltr'><strong>lorum</strong></span> <span class='ocrx_word' id='word_1_302' title='bbox 344 2442 476 2480; x_wconf 86' lang='lat' dir='ltr'><strong>habita</strong></span> <span class='ocrx_word' id='word_1_303' title='bbox 494 2446 653 2480; x_wconf 85' lang='lat' dir='ltr'><strong>ratione.</strong></span> <span class='ocrx_word' id='word_1_304' title='bbox 709 2456 808 2494; x_wconf 85' lang='lat' dir='ltr'><strong>quae</strong></span> <span class='ocrx_word' id='word_1_305' title='bbox 831 2443 1064 2481; x_wconf 87' lang='lat' dir='ltr'><strong>consuetudo</strong></span> <span class='ocrx_word' id='word_1_306' title='bbox 1083 2446 1236 2482; x_wconf 86' lang='lat' dir='ltr'><strong>tametsi</strong></span> <span class='ocrx_word' id='word_1_307' title='bbox 1252 2458 1366 2494; x_wconf 87' lang='lat' dir='ltr'><strong>saepe</strong></span> <span class='ocrx_word' id='word_1_308' title='bbox 1386 2443 1613 2494; x_wconf 87' lang='lat' dir='ltr'><strong>trepidatio-</strong></span> 
     </span>
     <span class='ocr_line' id='line_1_37' title="bbox 197 2509 1613 2562; baseline 0.002 -18"><span class='ocrx_word' id='word_1_309' title='bbox 197 2521 288 2544; x_wconf 89' lang='lat' dir='ltr'><strong>nem</strong></span> <span class='ocrx_word' id='word_1_310' title='bbox 307 2509 428 2547; x_wconf 84' lang='lat' dir='ltr'><strong>doctis</strong></span> <span class='ocrx_word' id='word_1_311' title='bbox 446 2511 848 2562; x_wconf 84' lang='lat' dir='ltr'><strong>perturbationemque</strong></span> <span class='ocrx_word' id='word_1_312' title='bbox 868 2511 1016 2558; x_wconf 86' lang='lat' dir='ltr'><strong>attulit,</strong></span> <span class='ocrx_word' id='word_1_313' title='bbox 1045 2517 1175 2546; x_wconf 86' lang='lat' dir='ltr'><strong>tamen</strong></span> <span class='ocrx_word' id='word_1_314' title='bbox 1195 2516 1238 2547; x_wconf 92' lang='lat' dir='ltr'><strong>ut</strong></span> <span class='ocrx_word' id='word_1_315' title='bbox 1260 2511 1439 2547; x_wconf 84' lang='lat' dir='ltr'><strong>universe</strong></span> <span class='ocrx_word' id='word_1_316' title='bbox 1460 2523 1613 2548; x_wconf 84' lang='lat' dir='ltr'><strong>summa</strong></span> 
     </span>
     <span class='ocr_line' id='line_1_38' title="bbox 196 2574 1611 2628; baseline 0.001 -16"><span class='ocrx_word' id='word_1_317' title='bbox 196 2575 374 2612; x_wconf 85' lang='lat' dir='ltr'><strong>codicum</strong></span> <span class='ocrx_word' id='word_1_318' title='bbox 394 2578 525 2626; x_wconf 85' lang='lat' dir='ltr'><strong>inopia</strong></span> <span class='ocrx_word' id='word_1_319' title='bbox 542 2583 580 2613; x_wconf 87' lang='lat' dir='ltr'><strong>et</strong></span> <span class='ocrx_word' id='word_1_320' title='bbox 597 2577 751 2613; x_wconf 83' lang='lat' dir='ltr'><strong>caritate</strong></span> <span class='ocrx_word' id='word_1_321' title='bbox 772 2584 928 2628; x_wconf 87' lang='lat' dir='ltr'><strong>totaque</strong></span> <span class='ocrx_word' id='word_1_322' title='bbox 947 2574 1162 2614; x_wconf 82' lang='lat' dir='ltr'><strong>studiorum</strong></span> <span class='ocrx_word' id='word_1_323' title='bbox 1184 2582 1222 2612; x_wconf 92' lang='lat' dir='ltr'><strong>et</strong></span> <span class='ocrx_word' id='word_1_324' title='bbox 1242 2576 1342 2612; x_wconf 84' lang='lat' dir='ltr'><strong>vitae</strong></span> <span class='ocrx_word' id='word_1_325' title='bbox 1363 2577 1508 2613; x_wconf 87' lang='lat' dir='ltr'><strong>ratione</strong></span> <span class='ocrx_word' id='word_1_326' title='bbox 1537 2589 1611 2614; x_wconf 80' lang='lat' dir='ltr'><strong>ex-</strong></span> 
     </span>
     <span class='ocr_line' id='line_1_39' title="bbox 196 2642 1611 2693; baseline 0.001 -16"><span class='ocrx_word' id='word_1_327' title='bbox 196 2643 340 2690; x_wconf 86' lang='lat' dir='ltr'><strong>cusari,</strong></span> <span class='ocrx_word' id='word_1_328' title='bbox 369 2644 422 2679; x_wconf 89' lang='lat' dir='ltr'><strong>ita</strong></span> <span class='ocrx_word' id='word_1_329' title='bbox 450 2644 491 2679; x_wconf 87' lang='lat' dir='ltr'><strong>iu</strong></span> <span class='ocrx_word' id='word_1_330' title='bbox 518 2643 566 2680; x_wconf 85' lang='lat' dir='ltr'><strong>iis</strong></span> <span class='ocrx_word' id='word_1_331' title='bbox 587 2644 813 2693; x_wconf 84' lang='lat' dir='ltr'><strong>praesertim</strong></span> <span class='ocrx_word' id='word_1_332' title='bbox 832 2642 1050 2679; x_wconf 86' lang='lat' dir='ltr'><strong>auctoribus</strong></span> <span class='ocrx_word' id='word_1_333' title='bbox 1073 2642 1218 2693; x_wconf 89' lang='lat' dir='ltr'><strong>absque</strong></span> <span class='ocrx_word' id='word_1_334' title='bbox 1236 2654 1376 2692; x_wconf 85' lang='lat' dir='ltr'><strong>magno</strong></span> <span class='ocrx_word' id='word_1_335' title='bbox 1394 2648 1502 2679; x_wconf 87' lang='lat' dir='ltr'><strong>metu</strong></span> <span class='ocrx_word' id='word_1_336' title='bbox 1517 2642 1611 2679; x_wconf 84' lang='lat' dir='ltr'><strong>ferri</strong></span> 
     </span>
     <span class='ocr_line' id='line_1_40' title="bbox 195 2707 1610 2760; baseline 0.002 -18"><span class='ocrx_word' id='word_1_337' title='bbox 195 2714 321 2757; x_wconf 85' lang='lat' dir='ltr'><strong>potest</strong></span> <span class='ocrx_word' id='word_1_338' title='bbox 349 2710 415 2760; x_wconf 87' lang='lat' dir='ltr'><strong>qui</strong></span> <span class='ocrx_word' id='word_1_339' title='bbox 450 2716 577 2746; x_wconf 88' lang='lat' dir='ltr'><strong>mente</strong></span> <span class='ocrx_word' id='word_1_340' title='bbox 609 2710 687 2746; x_wconf 85' lang='lat' dir='ltr'><strong>acri</strong></span> <span class='ocrx_word' id='word_1_341' title='bbox 706 2715 743 2746; x_wconf 82' lang='lat' dir='ltr'><strong>et</strong></span> <span class='ocrx_word' id='word_1_342' title='bbox 761 2710 915 2758; x_wconf 84' lang='lat' dir='ltr'><strong>vigente</strong></span> <span class='ocrx_word' id='word_1_343' title='bbox 938 2709 1054 2746; x_wconf 82' lang='lat' dir='ltr'><strong>libros</strong></span> <span class='ocrx_word' id='word_1_344' title='bbox 1075 2707 1278 2745; x_wconf 78' lang='lat' dir='ltr'><strong>ediderunt</strong></span> <span class='ocrx_word' id='word_1_345' title='bbox 1297 2721 1400 2745; x_wconf 77' lang='lat' dir='ltr'><strong>suos.</strong></span> <span class='ocrx_word' id='word_1_346' title='bbox 1454 2707 1610 2759; x_wconf 84' lang='lat' dir='ltr'><strong>Lydum</strong></span> 
     </span>
    </p>
   </div>
   <div class='ocr_carea' id='block_1_5' title="bbox 195 2769 1608 2828">
    <p class='ocr_par' dir='ltr' id='par_1_5' title="bbox 195 2769 1608 2828">
     <span class='ocr_line' id='line_1_41' title="bbox 195 2769 1608 2828; baseline 0.001 -19"><span class='ocrx_word' id='word_1_347' title='bbox 195 2780 344 2823; x_wconf 87' lang='lat' dir='ltr'><strong>autem,</strong></span> <span class='ocrx_word' id='word_1_348' title='bbox 374 2775 604 2815; x_wconf 84' lang='lat' dir='ltr'><strong>obliviosum</strong></span> <span class='ocrx_word' id='word_1_349' title='bbox 634 2788 679 2814; x_wconf 87' lang='lat' dir='ltr'><strong>ac</strong></span> <span class='ocrx_word' id='word_1_350' title='bbox 706 2769 950 2828; x_wconf 80' lang='lat' dir='ltr'><strong>desperatum</strong></span> <span class='ocrx_word' id='word_1_351' title='bbox 975 2788 1129 2824; x_wconf 83' lang='lat' dir='ltr'><strong>senem,</strong></span> <span class='ocrx_word' id='word_1_352' title='bbox 1158 2775 1282 2813; x_wconf 85' lang='lat' dir='ltr'><strong>fateor</strong></span> <span class='ocrx_word' id='word_1_353' title='bbox 1301 2776 1446 2826; x_wconf 86' lang='lat' dir='ltr'><strong>passim</strong></span> <span class='ocrx_word' id='word_1_354' title='bbox 1469 2785 1515 2811; x_wconf 87' lang='lat' dir='ltr'><strong>ea</strong></span> <span class='ocrx_word' id='word_1_355' title='bbox 1535 2772 1608 2811; x_wconf 80' lang='lat' dir='ltr'><strong>ad-</strong></span> 
     </span>
    </p>
   </div>
  </div>
 </body>
</html>
