1748 3210
403 207 478 250 ΒΕ
510 180 958 249 memiinistis
991 204 1038 248 P.
1069 203 1123 248 R.
1155 203 1261 247 Lm.
1293 203 1369 249 111.
1505 206 1604 253 209

136 318 286 381 Αδώρου
306 318 447 372 νυκτὸς
465 318 654 379 πράττων
668 318 691 364 ὃ
710 318 894 379 ὕπαρχος
920 319 1125 364 ἀνατολῶν
1144 317 1238 377 ὅτ’χρι
1257 322 1330 375 τῆς
1344 317 1498 377 ἡμέρας
1515 327 1603 372 ταῖς

150 388 385 448 διαγνώσεσι
402 395 674 448 νυκτηγρετῶν
690 390 937 444 ε’νησχολεῖτο
950 403 963 414 ”
995 389 1098 444 μεθ’
1121 388 1171 445 ἢν
1188 389 1258 432 τὸν
1276 388 1415 445 [ἄχρι]
1438 390 1502 430 ἐπὶ
1524 407 1601 431 κα-

149 458 265 518 μάτῳ
283 460 562 514 νενομισμένον
575 458 716 516 καιρὸν
730 463 804 514 τῆς
817 456 971 515 ἡμέρας
986 466 1070 510 τοῖς
1085 458 1293 514 δημοσίοις
1308 459 1375 499 καὶ
1392 464 1481 508 ταῖς
1497 456 1600 499 ὓπο-

149 527 291 584 pelarg-
309 532 389 571 τῶν
403 532 692 585 πραγματικῶν
713 529 1006 570 διδασκαλικῶν
1022 545 1062 570 τε
1081 529 1148 569 καὶ
1169 530 1404 583 μονομερῶν
1422 524 1604 568 ἐδαπάνα

110 605 141 641 ’5
146 595 306 655 χρόνον,
334 597 403 639 τὸν
421 598 467 639 δὲ
486 597 587 654 πρὸς
605 595 777 653 ἑσπέραν
795 603 884 646 ταῖς
899 600 979 638 τῶν
995 597 1214 651 λεγομένων
1231 597 1400 648 ζευκτῶν
1417 595 1603 637 ἀπαλλα-

136 672 237 723 Ἰ’γαῒς
261 664 479 718 ἐπιδιδούς·
516 665 574 708 δι’
606 659 664 708 ὧν
691 662 824 719 πάσης
843 665 1061 719 ἐπιθυμίας
1083 663 1178 714 τούς
1196 682 1238 708 τε
1260 663 1513 720 λειτουργοὺς
1532 667 1604 718 τῆς

149 735 262 789 δίκης
288 732 383 785 τούς
412 751 454 777 τε
485 731 753 790 τυγχάνοντας
771 737 852 776 τῶν
871 734 1078 789 πρακτέων
1099 735 1166 775 καὶ
1184 733 1279 783 τοὺς
1298 732 1604 786 ἀπαλλαττομέ-

148 820 243 853 νους
266 806 348 845 τῶν
375 804 496 846 δικῶν
516 800 707 860 ἐνεφόρει.
773 804 844 844 καὶ
864 808 1121 858 παραχωρεῖν
1140 802 1214 855 μέν
1234 805 1294 860 τῷ
1312 802 1556 858 δικαστηρίῳ
1578 799 1605 854 ἢ

145 874 358 926 χαλᾶσθαι
386 878 470 922 τοῖς
495 870 632 922 πόνοις
659 871 792 921 οὐδεὶς
817 887 964 913 ...νων
993 867 1206 924 ὑπέμενεν·
1236 868 1258 912 ὃ
1278 870 1322 910 δὲ
1337 869 1520 925 ὕπαρχος
1536 869 1606 911 τὸν

95 946 141 982 10
151 939 249 998 ὅρον
267 943 340 995 τῆς
360 939 488 996 ἀρχῆς
505 939 603 995 ἔγνω
621 943 781 996 σοφῶς,
811 936 1071 991 ἐπιστάμενος
1089 936 1150 980 ὅτι
1169 939 1236 979 καὶ
1254 938 1477 994 ἐλευθέρων
1494 937 1608 993 ἄρχει

149 1011 216 1052 καὶ
235 1007 284 1053 οὗ
307 1010 354 1050 δ.
366 1039 376 1050 .
391 1039 404 1051 .
423 1006 594 1060 παντός,
627 1009 694 1050 καὶ
715 1012 766 1064 τῇ
781 1005 889 1058 τάξει
913 1013 1088 1060 συνεχεῖς
1109 1007 1242 1048 ἐδίδου
1265 1005 1414 1060 ἀνοχὰς
1431 1010 1512 1048 τῶν
1531 1023 1608 1047 κα-

147 1076 313 1132 μάτων,
350 1076 402 1118 τὰ
428 1081 498 1119 νῦν
525 1078 593 1118 καὶ
622 1077 724 1133 αὐτῇ
752 1081 802 1133 τῇ
834 1077 1082 1135 προσηγορία
1110 1075 1156 1118 τὸ
1188 1074 1327 1117 λοιπὸν
1359 1072 1608 1129 ἀγνοούμενα

146 1146 330 1203 παρέχων
355 1142 604 1199 μονόμισσα·
631 1143 737 1188 οὕτω
768 1145 812 1186 δὲ
840 1143 913 1199 τὴν
938 1142 1135 1195 καθάπαξ
1158 1142 1396 1186 ἀνάπαυλαν
1418 1144 1460 1185 ἐκ
1479 1142 1608 1197 μέσης

145 1218 218 1269 τῆς
242 1211 397 1270 ἡμέρας
423 1214 634 1268 διδομένην
662 1217 713 1269 τῇ
743 1210 852 1263 τάξει
879 1210 906 1266 ἦ
932 1210 1153 1266 παλαιότης
1178 1210 1361 1263 ἐκάλεσε,
1395 1215 1476 1254 τῶν
1494 1229 1607 1266 τηνι-

95 1286 280 1326 15καῦτα
312 1280 566 1324 διοικούντων
590 1281 642 1324 τὰ
665 1279 884 1338 πράγματα
919 1282 1067 1337 (σοφοὶ
1090 1282 1132 1322 δὲ
1153 1275 1256 1335 ἦσαν
1276 1282 1343 1321 καὶ
1363 1280 1605 1321 παιδευθέν-

148 1351 241 1405 τες)
267 1350 537 1404 ἐπισταμένων
555 1347 678 1392 νύκτα
697 1350 771 1404 μὲν
792 1355 880 1399 ταῖς
898 1347 1169 1391 ἀναπαύσεσιν
1186 1347 1340 1405 ἡμέραν
1361 1349 1404 1390 δὲ
1425 1355 1508 1397 τοῖς
1528 1346 1606 1390 πό-

149 1436 232 1469 νοις
247 1416 326 1461 ὖπὸ
347 1422 418 1472 τῆς
435 1416 596 1475 φύσεως
613 1422 996 1475 παρακεχωρῆσθαι,
1031 1420 1098 1460 καὶ
1121 1415 1280 1460 ἀνόσιον
1301 1417 1491 1470 οἰομένων
1511 1415 1606 1465 τοὺς

150 1489 192 1529 ἓν
225 1485 434 1543 πράγμασι
468 1491 828 1543 νυκτηγρετοῦντας
847 1488 914 1528 καὶ
937 1491 1010 1541 τῆς
1027 1486 1130 1540 μετὰ
1152 1485 1265 1541 ἥλιον
1283 1487 1478 1540 ζημιῶσαι
1495 1489 1605 1541 βρα-

145 1556 260 1610 χείας
278 1549 348 1597 οὖν
366 1554 471 1604 τινὸς
488 1559 568 1597 τῶν
584 1553 715 1596 πόνων
730 1552 933 1604 ἐνδόσεως.
1002 1555 1076 1597 οὐκ
1096 1552 1297 1611 ἀρκούσης
1318 1555 1362 1596 δὲ
1382 1558 1453 1606 τῆς
1472 1554 1535 1594 ἐπὶ
1556 1553 1603 1594 τὸ

93 1637 140 1677 20
145 1630 282 1681 χεῖρον
315 1627 595 1678 παραλλαγῆς,
630 1625 698 1665 καὶ
732 1622 857 1677 αὐτῆς
875 1627 946 1677 τῆς
966 1623 1010 1664 ἐκ
1033 1627 1106 1665 τοῦ
1127 1621 1334 1677 σχήματος
1353 1623 1605 1679 πάραψυχῆς

103 1740 106 1742 ,
149 1709 191 1736 τε
218 1693 283 1734 καὶ
309 1695 427 1745 τιμῆς
449 1691 719 1749 ἀφῃρέθησαν
739 1691 777 1734 οἱ
796 1693 1082 1749 πριμισκρίνιοι
1094 1723 1107 1743 ,
1134 1689 1304 1750 κινδύνῳ
1325 1692 1446 1746 τῆσδε
1466 1706 1603 1747 παρα-

147 1762 323 1816 μυθίας,
358 1758 414 1810 ὡς
432 1759 556 1817 ἔφην,
594 1758 943 1817 ἀποστερούμενοι.

236 1891 262 1926 3
282 1886 488 1929 ὖπουόλαις
511 1889 554 1924 C.
664 1891 686 1925 8
709 1885 749 1923 ἐν
770 1889 823 1935 τῷ
844 1889 891 1924 F.
1001 1887 1024 1921 9
1046 1885 1194 1922 ἐκείνων
1211 1889 1257 1923 F.
1368 1887 1410 1922 10
1431 1882 1478 1930 ἄρ
1493 1910 1502 1921 .
1520 1911 1529 1921 .
1556 1886 1601 1921 C.

238 1937 287 1971 cf.
305 1937 330 1971 3
351 1937 409 1972 39.
433 1937 478 1970 F.
586 1934 705 1979 σοφὸς
725 1935 767 1969 C.
875 1934 917 1968 11
943 1930 1034 1967 6161?
1134 1931 1296 1977 συνέχειν
1317 1933 1360 1968 C.
1463 1933 1505 1967 13
1524 1932 1601 1977 lego
1623 1979 1627 1982 ι

238 1980 468 2026 μανούμισσα
485 1981 531 2016 F.
653 1982 695 2015 16
718 1976 968 2023 ἐπισταμένων
989 1980 1040 2023 F,
1064 1977 1258 2013 ἐπίσταντο
1280 1979 1322 2013 C.
1459 1979 1502 2012 21
1527 1990 1602 2011 κιν-

241 2026 340 2074 δύνῳ
364 2033 401 2062 ut
424 2031 622 2072 corruptum
638 2026 676 2060 in
695 2026 857 2060 versione
879 2024 990 2059 omisi.
1016 2025 1176 2070 suspicor
1192 2025 1374 2069 legendum
1393 2024 1532 2067 κοινῆς.
1557 2025 1604 2058 F.

150 2141 196 2176 ab
218 2140 427 2186 intempesta
448 2143 550 2174 nocte
572 2139 663 2174 enim
685 2138 846 2173 laborans
867 2138 1066 2184 praefectus
1092 2137 1287 2184 praetorio,
1316 2136 1360 2171 ad
1378 2135 1466 2170 lucis
1490 2139 1603 2171 ortum

151 2198 262 2232 usque
283 2186 538 2230 cognitionibus
559 2185 744 2220 lucubrans
765 2185 930 2226 vacabat3
954 2183 1080 2218 deinde
1104 2195 1213 2229 usque
1236 2184 1279 2218 ad
1303 2187 1434 2229 partem
1456 2182 1527 2216 diei
1550 2182 1606 2217 la-

154 2232 233 2267 bori
258 2231 477 2266 constitutam
500 2231 648 2276 publicis
671 2232 775 2265 rebus
792 2236 826 2264 et
842 2229 1064 2275 pragmaticis
1083 2229 1369 2275 didascalicisque
1386 2235 1421 2263 et
1435 2228 1603 2262 unimem—

153 2277 272 2312 bribus
295 2282 430 2322 tempus
449 2278 688 2322 impendebat,
711 2276 946 2322 vespertinum
968 2282 1081 2309 autem
1102 2275 1285 2317 ζευκταῐς,
1310 2282 1348 2309 nt
1365 2279 1514 2318 vocant,
1539 2276 1602 2308 ab-

153 2322 331 2358 solvendis
361 2323 537 2366 tribuens;
579 2323 703 2368 quibus
733 2334 862 2357 summa
893 2321 1073 2356 alacritate
1105 2325 1140 2355 et
1168 2321 1322 2356 iustitiae
1356 2320 1531 2354 ministros
1567 2324 1605 2355 et

153 2369 290 2414 agenda
310 2369 497 2403 sortientes
522 2373 556 2404 et
584 2381 706 2404 causas
729 2368 948 2402 absolventes
970 2367 1146 2412 implebat.
1194 2379 1235 2402 ac
1258 2368 1384 2402 cedere
1404 2367 1543 2412 quidem
1566 2366 1604 2400 in

153 2415 282 2450 iudicio
305 2420 365 2449 aut
387 2416 503 2460 frangi
520 2415 698 2450 laboribus
721 2426 819 2448 nemo
844 2413 979 2448 illorum
1004 2413 1216 2447 sustinebat:
1250 2418 1285 2447 at
1307 2413 1506 2458 praefectus
1528 2424 1603 2445 mo-

154 2462 235 2496 dum
264 2461 402 2508 imperii
428 2461 606 2507 sapienter
638 2466 801 2504 noverat,
837 2459 951 2494 sciens
985 2465 1020 2493 et
1051 2459 1171 2493 liberis
1203 2471 1242 2493 se
1273 2458 1467 2492 hominibus
1492 2468 1607 2502 neque

154 2518 257 2542 servo
290 2506 431 2542 cuilibet
460 2508 654 2553 imperare,
689 2519 730 2541 ac
786 2511 930 2551 erpetua
961 2505 1077 2539 officio
1102 2505 1256 2539 laborum
1279 2503 1464 2538 intervalla
1486 2504 1606 2547 dabat,

153 2553 359 2588 manumissa
378 2565 468 2588 nunc
490 2554 548 2588 vel
569 2554 647 2599 ipsa
669 2519 900 2599 appellatione
921 2551 1044 2595 ignota
1063 2551 1256 2585 concedens
1280 2551 1357 2593 (sic
1380 2554 1493 2584 autem
1517 2560 1604 2594 quo-

152 2598 318 2634 tidianam
338 2599 492 2645 requiem
505 2627 514 2644 ,
537 2611 627 2645 quae
651 2611 672 2633 a
693 2599 806 2633 media
826 2598 884 2633 die
907 2597 1024 2632 officio
1042 2598 1207 2641 dabatur,
1234 2596 1368 2641 antiqui
1388 2596 1604 2638 vocabant):

154 2645 286 2691 quippe
307 2645 368 2689 qui
389 2650 458 2679 tum
481 2647 584 2680 rebus
604 2650 790 2692 praeerant
812 2644 1012 2689 (sapientes
1030 2644 1125 2677 enim
1149 2643 1312 2688 doctique
1336 2644 1478 2686 erant),
1513 2641 1604 2676 scie-

154 2692 239 2726 bant
261 2697 395 2725 noctem
417 2692 694 2736 remissionibus,
718 2692 808 2726 diem
831 2691 1008 2724 laboribus
1032 2701 1109 2725 esse
1134 2702 1155 2724 a
1175 2695 1298 2723 natura
1322 2699 1539 2731 concessam,
1565 2699 1606 2722 ac

156 2738 257 2772 nefas
287 2738 496 2782 reputabant
521 2738 585 2783 iis,
618 2738 678 2784 qui
711 2742 811 2772 nocte
841 2735 990 2780 negotiis
1016 2741 1197 2779 vacarent,
1231 2747 1376 2782 parvam
1400 2734 1503 2768 etiam
1526 2737 1608 2778 post

157 2782 241 2817 solis
266 2794 425 2817 occasum
445 2783 600 2818 laborum
620 2784 860 2821 remissionem
882 2782 1032 2828 eripere.
1080 2787 1116 2816 at
1139 2782 1229 2817 enim
1251 2793 1325 2815 cum
1350 2793 1418 2815 non
1441 2779 1525 2814 satis
1547 2791 1604 2814 es-

157 2833 213 2863 set
234 2828 271 2862 in
294 2829 393 2873 peius
416 2841 473 2863 res
493 2829 642 2875 abiisse,
675 2830 789 2876 ipsum
812 2840 949 2874 quoque
972 2829 1016 2862 ab
1042 2828 1163 2863 habitu
1190 2827 1349 2863 solatium
1374 2828 1606 2872 honoremque

157 2874 380 2921 primiscrinii
404 2875 550 2910 amisere
573 2900 675 2913 .....
699 2877 765 2913 hoc
787 2875 933 2922 solatio,
958 2878 996 2911 ut
1014 2874 1180 2921 diximus,
1205 2873 1358 2923 spoliati.

213 2928 359 2967 Ioannes
390 2928 518 2975 Lydus.
1281 2920 1333 2964 14
