1748 3210
255 178 352 224 396
613 180 756 223 HASII
794 179 1303 226 ANIMADVERSIONES

254 286 358 338 quod
376 299 453 324 non
472 287 600 325 minus
621 288 778 335 mirere,
806 288 848 323 in
868 289 999 324 Huetii
1020 289 1229 326 censuram
1245 288 1512 342 philosophiae
1533 291 1669 329 Carte-

253 345 405 390 sianae,
434 357 512 380 non
542 350 674 379 ornate
703 341 819 379 modo
849 350 964 394 atque
991 345 1210 380 illuminate
1234 345 1303 382 sed
1323 349 1438 383 etiam
1455 361 1550 396 pure
1571 349 1668 384 scri-

253 405 374 448 ptam,
404 399 535 447 inqua
556 399 706 447 reppeii
724 399 920 435 Antecess.
939 401 965 438 7
983 400 1018 434 A
1037 398 1098 435 ecl.
1117 400 1239 436 Paris.
1262 401 1378 448 1694,
1393 403 1504 442 ira-8⁰
1511 431 1520 448 ‚
1549 404 1667 452 inque

254 455 380 502 operis
412 452 574 488 decursu
608 455 682 492 109
702 454 755 499 B,
788 453 866 492 110
888 455 942 500 A,
978 456 1054 493 129
1075 455 1126 501 C,
1158 456 1236 493 170
1254 456 1302 491 Α.
1359 462 1397 491 at
1428 457 1562 492 Latine
1591 457 1667 493 dici

252 510 334 544 sive
365 505 496 557 (quod
517 505 635 542 habet
655 509 814 544 Bursius
833 509 997 544 Dialect.
1021 510 1100 548 310
1121 508 1183 558 A)
1213 522 1359 545 sumere
1385 510 1490 560 quod
1511 511 1669 548 demon-

251 564 371 599 stt-ari
396 560 520 606 debet,
558 564 638 598 sive
658 575 801 612 ponere
839 562 898 612 (si
926 565 1073 611 mavis,
1110 563 1208 600 adde
1229 578 1306 613 pro
1336 565 1533 615 consess-o)
1567 567 1672 616 qaod

252 618 468 667 quaeritur,
497 618 584 666 quis
608 624 665 654 est
689 619 756 668 qui
780 631 859 654 non
881 617 1038 655 videat?
1066 631 1159 655 nam
1185 621 1301 669 paulo
1324 620 1522 656 verbosius
1543 619 1670 658 reddit

251 679 384 708 auctor
413 671 465 707 ad
488 674 726 708 Herennium
756 673 825 709 lib.
852 676 879 712 2
909 673 980 720 41,
1003 687 1078 722 pro
1098 681 1324 724 argumento
1341 687 1488 711 sumere
1508 675 1611 725 quod
1627 677 1669 712 in

252 727 515 776 disquisitione
531 729 703 775 positum
727 735 805 764 est:
844 728 894 764 cf.
918 741 1071 779 quoque
1093 731 1140 766 A.
1162 730 1332 766 Gellium
1356 733 1404 770 16
1432 732 1470 768 8.
1527 729 1597 766 sed
1621 729 1669 767 de

252 795 347 818 voce
365 795 408 817 ea
427 783 716 833 similibusque,
747 790 786 819 et
803 782 1132 833 quemadmodum
1150 798 1170 820 e
1188 785 1431 821 subtiliorum
1446 783 1671 821 huiusmodi

254 836 545 886 disciplinarum
563 839 872 874 nomenclatione
892 839 1081 875 barbariei
1100 840 1285 890 reliquiae
1307 840 1391 876 tolli
1413 841 1495 876 sine
1515 841 1670 889 negotio

252 894 423 942 possint,
459 893 634 942 pluribus
673 906 808 942 agam,
843 894 876 930 si
906 907 1035 930 rerum
1059 907 1234 930 mearum
1260 901 1382 931 status
1410 895 1592 941 voluerit,
1629 896 1670 931 in

252 948 440 996 glossario
461 949 658 997 peculiari,
689 947 984 985 consuetudines
1004 948 1254 1000 technicaque
1274 950 1460 986 vocabula
1480 962 1569 986 cum
1585 949 1672 986 dia-

250 1003 479 1039 lecticorum
507 1010 590 1039 tum
616 1002 908 1040 scholiastarum
933 1005 1167 1041 Graecorum
1187 1006 1362 1041 omnium
1379 1005 1578 1054 sigillatim
1600 1017 1674 1041 ex—

250 1058 435 1108 plicante.
491 1071 594 1094 nunc
614 1058 815 1095 redeamus
835 1058 884 1094 ad
901 1058 1069 1109 Lydum,
1100 1058 1303 1095 emendato
1318 1066 1449 1095 tamen
1464 1061 1570 1108 prius
1589 1061 1674 1096 loco

251 1114 383 1149 Actor.
414 1114 567 1150 concilii
594 1115 866 1150 Lateranensis
889 1116 912 1152 3
942 1116 1021 1153 870
1040 1116 1096 1149 E:
1126 1127 1213 1152 ουτε
1231 1129 1310 1163 μην
1329 1110 1444 1165 οἷρχαὶ
1461 1113 1564 1153 καὶ’
1547 1112 1674 1166 α’πρα-
1702 1126 1705 1130 ·

252 1182 369 1206 mot.
396 1168 470 1207 αἱ
492 1171 601 1206 θεῖαι
628 1164 804 1218 νοήσεις,
833 1169 902 1204 ubi
930 1163 1046 1220 ἀργαὶ
1072 1169 1139 1207 καί
1165 1168 1376 1218 legendum
1402 1181 1485 1206 esse
1506 1181 1674 1221 sequens

250 1195 488 1259 adiectivum
507 1223 606 1259 clare
626 1224 766 1273 arguit.

364 1291 404 1327 p-
417 1280 497 1318 300
515 1291 551 1314 v.
565 1280 632 1317 20.
685 1279 883 1328 προσεχῶς
897 1278 995 1314 verti
1011 1279 1209 1323 continuo,
1228 1277 1270 1314 id
1288 1284 1345 1315 est
1362 1279 1545 1315 continua
1562 1280 1675 1324 serie,

253 1335 361 1370 nisus
391 1335 615 1369 auctoritate
645 1334 923 1370 nonnullorum
945 1333 1120 1370 eiusdem
1138 1335 1218 1370 fere
1239 1335 1392 1370 aetatis:
1421 1346 1524 1370 nunc
1542 1339 1675 1370 tamen

253 1389 392 1424 malim
422 1401 485 1424 me
518 1389 714 1437 scripsisse
744 1388 980 1433 immediate,
1009 1395 1075 1425 aut
1105 1388 1180 1438 (ne
1203 1389 1263 1424 cui
1285 1387 1413 1424 durior
1434 1387 1611 1426 videatur
1629 1401 1675 1425 ea

251 1443 359 1493 vox)
391 1443 502 1479 nullo
523 1443 646 1479 medio
663 1445 895 1492 interposito.
930 1445 1131 1481 Nemesius
1153 1443 1200 1480 de
1218 1449 1355 1480 natura
1371 1441 1540 1481 hominis
1555 1445 1676 1484 63A:

251 1501 452 1549 προσεχῶς
481 1497 522 1537 δὲ
549 1497 715 1549 λέγεται,
745 1497 841 1537 ὅταν
870 1494 1022 1548 οἷμὲσως
1114 1497 1151 1538 τὶ
1167 1498 1335 1551 γένηται.
1390 1496 1509 1536 habet
1533 1511 1676 1549 nempe

250 1553 295 1591 id
314 1553 540 1590 adverbium
559 1554 857 1603 significationes
874 1555 961 1590 illas
980 1555 1075 1590 fere.

365 1607 414 1657 1)
455 1616 622 1653 attente,
651 1611 806 1645 intente.
866 1609 1064 1646 Palladius
1098 1609 1267 1646 Historia
1295 1608 1473 1645 Lausiac.
1503 1609 1583 1648 988
1616 1609 1676 1644 A:

253 1664 327 1702 οὐκ
355 1659 514 1708 ἀκούεις
540 1675 738 1713 προσεχως
754 1666 828 1703 τοῦ
845 1659 1156 1714 οἷναγντόσματος.
1211 1665 1421 1714 Dionysius
1440 1662 1678 1700 Alexandri-

251 1731 326 1754 nus
349 1716 453 1768 apud
476 1719 689 1754 Eusebium
709 1720 808 1754 Hist.
828 1719 964 1754 eccles.
983 1719 1064 1758 275
1084 1720 1140 1754 D:
1171 1716 1194 1758 ὁ
1217 1717 1259 1758 δὲ
1278 1721 1477 1770 προσεχοῦς
1495 1713 1678 1769 ἐντυγχά-

250 1788 347 1812 νων.
406 1774 474 1822 qui
496 1786 583 1810 vem
604 1780 744 1808 attente
755 1773 980 1822 perlegerzsst
1008 1774 1121 1809 vertit
1147 1775 1335 1810 Henricus
1351 1774 1540 1811 Valesius.
1597 1779 1678 1809 est-

252 1841 330 1879 que
360 1835 453 1864 tunc
482 1841 742 1878 synonymum
774 1827 946 1864 adverbii
975 1823 1254 1878 προσεχόντως,
1293 1827 1399 1878 quod
1425 1841 1477 1864 ex
1502 1830 1556 1868 70
1584 1827 1678 1878 (ubi

251 1890 385 1919 tamen
411 1884 554 1932 legitur
573 1896 690 1919 sensu
712 1884 954 1933 aliquantum
973 1882 1122 1918 diverso
1143 1883 1326 1919 Proverb.
1351 1883 1403 1923 31
1431 1880 1511 1932 26)
1541 1880 1678 1918 dema-

251 1940 361 1975 navit
391 1937 441 1974 ad
472 1945 644 1975 auctores
674 1936 933 1985 Christianos,
963 1938 1005 1974 S.
1032 1939 1246 1973 Macarium
1279 1936 1414 1973 homil.
1445 1936 1493 1984 4,
1523 1949 1678 1973 cursum

252 1993 369 2030 stadii
402 1992 518 2030 huius
552 1992 690 2029 mundi
720 1999 864 2029 attente
900 1989 1213 2043 [προσεχόντως]
1252 1999 1289 2028 et
1323 1998 1496 2028 accurate
1529 1992 1677 2028 absolvi

252 2056 429 2098 oportere
459 2049 511 2089 35
527 2050 585 2095 A,
616 2051 667 2088 36
689 2049 740 2094 C,
771 2049 940 2098 alibique
969 2060 1108 2098 saepe3
1138 2047 1189 2084 ad
1214 2049 1464 2098 Anonymum
1485 2047 1617 2083 Caten.
1635 2048 1679 2082 in

250 2105 423 2153 psalmos
446 2106 464 2142 1
497 2105 620 2150 89A,
651 2104 914 2154 reliquosque.

362 2157 414 2207 2)
453 2159 696 2201 immediate,
725 2165 769 2194 ut
798 2159 959 2194 barbaro
990 2157 1108 2194 verbo
1137 2164 1243 2203 utar,
1285 2163 1371 2204 aut,
1414 2162 1458 2192 ut
1482 2154 1678 2192 interdum

251 2226 407 2264 quoque
432 2211 543 2249 reddi
570 2220 718 2263 potest,
745 2215 941 2257 continuo,
960 2215 1147 2262 proxime.
1207 2214 1262 2249 sic
1286 2213 1327 2250 S.
1348 2213 1556 2260 Gregorius
1574 2213 1678 2260 Nys-

250 2282 367 2306 senus
389 2275 484 2305 orat.
501 2271 528 2308 2
549 2275 679 2306 contra
696 2270 863 2305 Eunom.
885 2271 911 2308 2
939 2267 992 2308 74
1012 2270 1046 2303 D
1077 2268 1118 2307 ἐκ
1141 2270 1210 2307 τοῦ
1237 2263 1464 2306 ἀκολουθου
1482 2267 1679 2317 προσεχοῦς

250 2321 423 2370 τούτοις,
454 2337 498 2359 ex
524 2336 564 2360 eo
587 2323 694 2374 quod
711 2325 889 2359 continuo
914 2325 1107 2373 sequitur.-
1142 2324 1192 2359 cf.
1214 2329 1308 2359 orat.
1335 2323 1386 2362 12
1408 2328 1539 2358 contra
1558 2319 1677 2357 eund.

251 2383 279 2419 2
309 2382 384 2419 371
405 2379 446 2425 C,
475 2378 571 2415 ibid.
594 2378 671 2418 385
690 2380 738 2426 D,
769 2385 805 2414 et
825 2377 930 2429 quod
953 2392 1031 2415 non
1052 2380 1127 2415 siut
1147 2385 1225 2414 tres
1245 2377 1300 2413 dii
1316 2376 1396 2417 459
1416 2378 1451 2413 A
1469 2378 1516 2412 Β.
1574 2374 1678 2425 apud

251 2435 478 2470 Nemesium
507 2441 638 2470 autem
671 2434 740 2484 (ut
766 2441 867 2470 recte
895 2434 1074 2470 observat
1095 2435 1137 2469 in
1158 2434 1304 2469 Lexico
1328 2433 1394 2468 Gr.
1416 2429 1678 2468 Schneiderus

251 2492 312 2526 vir
342 2488 542 2539 summus)
572 2502 688 2538 saepe
717 2488 948 2525 vertendum
967 2496 1023 2526 est
1045 2489 1264 2525 immediate
1285 2485 1332 2523 de
1353 2493 1490 2522 natura
1508 2485 1678 2522 hominis

252 2545 302 2583 17
329 2545 357 2580 C
388 2545 481 2594 (aut
500 2544 562 2581 ed.
581 2542 770 2580 Matthaei
790 2543 842 2584 49
863 2543 921 2593 A)
951 2546 1003 2583 21
1021 2545 1074 2591 D,
1104 2546 1156 2583 62
1174 2545 1208 2578 D
1230 2549 1268 2578 et
1289 2541 1395 2577 alibi.
1451 2553 1579 2591 neque
1602 2541 1677 2576 ali-

252 2606 311 2635 ter
342 2601 522 2636 Clemens
551 2599 839 2636 Alexandrinus
865 2600 1048 2636 Stromat.
1072 2600 1198 2638 392A
1231 2596 1349 2633 deum
1375 2603 1580 2646 praecepta
1606 2595 1678 2632 de-

252 2654 355 2691 disse
386 2657 439 2690 ait
466 2652 531 2694 ὃιοὶ
564 2651 706 2706 νόμου,
735 2651 800 2693 διὰ
830 2657 1066 2704 προφητῶν,
1095 2652 1160 2692 καὶ
1189 2650 1484 2705 προσεχέστερον
1508 2649 1587 2702 ’ἤδη
1611 2648 1676 2689 διοῖ

250 2712 322 2760 τῆς
348 2713 420 2749 τοῦ
448 2710 542 2749 ὐἱοῦ
569 2710 806 2762 παρουσίας·
843 2710 985 2746 Daniel
1011 2710 1213 2754 Heinsius,
1253 2708 1382 2743 nescio
1411 2719 1530 2757 quam
1555 2707 1675 2742 bene:

252 2772 286 2800 et
307 2766 387 2802 iam
400 2766 662 2816 propinquitas
675 2765 847 2816 perfla
861 2765 1086 2802 adventum.
1147 2737 1361 2814 eodemque
1380 2775 1497 2799 sensu
1516 2761 1677 2799 occurrit
