1748 3210
572 163 648 207 DE
684 164 958 209 MENSIBUS
988 164 1067 209 IV.
1472 163 1537 211 99

104 277 293 333 πᾶαγος,
326 273 441 319 ἔνθεν
470 275 543 330 τὴν
573 276 701 334 ἀρχὴν
730 280 934 320 Αἰθιοπία
962 276 1040 320 ἀπὸ
1062 280 1134 332 τῆς
1156 273 1307 327 δύσεως
1328 275 1538 330 λαμβάνει.

103 343 180 388 ὕπὸ
198 346 329 388 τοίνυν
349 342 506 395 τούτοις
524 352 607 396 τοῖς
628 346 736 403 ὄρεσι
756 348 889 400 λιζιιναι
910 348 1007 389 εἰσιν
1028 347 1082 396 εἷς
1099 345 1262 404 ἄπειρον
1290 343 1538 400 πλατύτητος

103 410 331 467 ἦπλωμέναι
344 443 357 463 ,
386 419 573 469 παροικεῖ
596 415 639 456 δὲ
666 413 791 464 αὐτὰς
820 405 935 470 γένος
964 412 1191 470 ἀνθρώπων
1214 417 1294 456 τῶν
1319 413 1538 468 λεγομένων

99 479 398 537 Ἰχθυοφάγων,
433 479 528 537 ὅπερ
556 481 635 523 ἀπὸ
665 479 826 537 πρώτης
854 481 963 538 ὥρας
991 481 1084 538 ἄχρι
1105 483 1267 535 δυσμῶν
1284 478 1397 536 ἡλίου
1418 483 1459 523 ἐν
1480 484 1540 538 τῷ

69 546 223 606 ᾶῧδατι.
250 549 466 603 διατρίβει)
500 551 566 591 καὶ
597 555 680 599 τοῖς
707 548 848 603 ἰχθύσι
875 550 1074 605 τρέφεται.
1140 547 1295 599 τούτοις
1325 546 1540 605 ὃμοροῦσιν

102 615 141 659 οἷ
156 614 355 672 λεγόμενοι
372 615 726 674 Ἀνθρωποφάγοι,
757 617 867 672 γένος
885 615 1110 674 ἀνθρώπων
1131 615 1431 674 ἀνδρειότατον,
1458 616 1539 674 ῥισὶ

101 683 363 741 στρογγύλαις
393 683 624 741 χρώμενον,
673 682 903 741 προσώποις
933 684 1215 738 ἒπικαμπέσιν,
1263 683 1395 735 ὄνυξιν
1427 684 1540 740 ἔγγὺς

101 752 257 794 λέουσιν
283 750 441 806 ὁμοίως.
509 753 552 795 ἕκ
578 756 658 794 τῶν
679 756 828 806 λιμνῶν
850 746 920 794 οὗν
940 753 1094 794 ἐκείνων
1116 751 1188 801 τὰς
1210 751 1401 809 ἀφορμὰς
1422 750 1442 794 ὃ
1463 769 1540 794 πο-

100 819 228 874 ταμὸς
256 818 475 874 λαμβάνει·
508 818 698 876 προϊόντα
724 820 802 876 γὰρ
833 821 874 870 ἐξ
903 819 1034 862 αὐτῶν
1056 819 1109 862 τὰ
1130 817 1310 875 ῥεύματα
1333 824 1539 876 συνηρεφῆ

48 895 94 932 10
104 886 372 930 ἀποτελοῦσιν.
440 887 482 930 ἔκ
511 885 663 930 τούτων
691 888 741 942 δὴ
770 892 850 930 τῶν
873 891 1046 941 λιμνῶν,
1093 886 1143 936 ἃς
1181 890 1370 929 καλοῦσιν
1402 889 1542 931 ε’κεῖνοι

100 954 244 1007 Χαάς,
278 956 388 1012 ἔκρεῖ
413 953 651 998 λεπτότατόν
676 972 714 998 τι
745 955 872 1012 ῥεῦμα
892 957 957 997 καὶ
976 954 1092 1008 μόλις
1109 952 1309 1011 ὁρώμενον
1318 986 1332 1006 ,
1367 953 1462 1011 ὅπερ
1485 957 1542 1004 εἷς

100 1023 261 1074 στενοὺς
287 1022 433 1073 τόπους
462 1025 528 1066 καὶ
557 1022 659 1066 κατὰ
691 1023 814 1080 μέρος
842 1024 884 1065 ἐκ
916 1021 1124 1080 διαφόρων
1154 1026 1287 1078 μερῶν
1323 1024 1378 1072 εἷς
1406 1024 1542 1077 κοίτην

99 1091 206 1133 ἰδίαν
235 1097 479 1134 καταπῖπτον
511 1090 609 1146 ι’)’ψιν
638 1095 820 1145 ποταμοῦ
849 1089 1059 1145 λαμβάνει.
1131 1085 1247 1140 οὗτος
1278 1090 1317 1131 δ’
1350 1089 1398 1132 ἂν
1430 1091 1489 1144 εἴη
1519 1088 1541 1130 ὃ

98 1162 267 1210 Νεῖλος,
301 1157 410 1208 ὅστις
432 1159 494 1200 ε’πὶ
516 1157 722 1216 διαφόρων
744 1157 946 1212 κλιμάτων
970 1156 1195 1212 εἶλοῦμενος
1213 1159 1360 1212 γίνεται
1384 1158 1451 1200 διὰ
1472 1156 1541 1200 τό-

45 1234 90 1272 15
100 1244 187 1270 πων
220 1227 375 1269 δασέων
405 1228 471 1268 καὶ
505 1225 748 1278 ἀνοδεύτων,
787 1221 842 1269 ὧν
864 1226 915 1269 τὰ
937 1227 1088 1269 ἐκεῖθεν
1109 1228 1164 1272 εἷς
1184 1223 1334 1278 ὁμαλὸν
1354 1227 1538 1279 ἐκχεῖται,

99 1296 167 1337 καὶ
189 1293 309 1336 πάλιν
330 1296 386 1344 εἷς
404 1299 586 1348 ποταμοῦ
609 1296 742 1349 κοίτην
771 1291 1006 1350 συνάγεται,
1041 1295 1108 1336 καὶ
1133 1295 1374 1348 ναυσίπορος
1404 1293 1540 1336 λοιπὸν

98 1362 162 1404 ε’πὶ
191 1362 263 1417 τὴν
283 1360 454 1419 Μερόην
475 1364 542 1404 διὰ
567 1367 646 1404 τῶν
668 1360 863 1416 ἀοικήτων
880 1367 953 1404 τοῦ
969 1359 1084 1404 νότου
1104 1365 1236 1417 μερῶν
1257 1361 1442 1417 φέρεται,
1476 1363 1543 1403 καὶ

98 1428 248 1486 ταύτην
267 1430 484 1486 περιρρέων
507 1434 627 1484 νῆσον
649 1430 853 1472 ἀποτελεῖ·
888 1429 970 1472 ἔστι
991 1429 1068 1485 γὰρ
1088 1434 1199 1471 πᾶσα
1221 1426 1367 1482 ὁμαλή.
1409 1428 1544 1470 κάκεῖ-

98 1502 175 1540 θεν
199 1497 245 1539 τὸ
271 1497 408 1539 λοιπὸν
437 1496 497 1540 ὅτι
523 1501 705 1540 πλεῖστον
734 1495 1001 1552 ἐγκλειόμενος
1029 1497 1091 1537 ἐπὶ
1119 1496 1191 1550 τὴν
1216 1496 1413 1551 ἀνατολὴν
1434 1496 1542 1553 ῥέπει

43 1567 168 1611 Ξοκαὶ
185 1566 247 1607 ἐπὶ
264 1565 336 1620 τὴν
355 1565 585 1620 Αἴγυπτον,
619 1565 802 1607 κάκεῖθεν
818 1566 874 1614 εἷς
893 1563 1110 1606 θάλασσαν
1129 1564 1403 1620 σφοδροτέρου
1422 1562 1544 1606 πνεύ-

96 1650 226 1687 ματος
252 1634 557 1683 καταπνέοντος·
592 1633 635 1675 ἔκ
656 1637 728 1688 τῆς
748 1634 841 1686 βίας
862 1631 963 1689 γάρ,
994 1630 1049 1681 ὡς
1074 1631 1250 1687 εἴρηται,
1284 1635 1357 1673 τοῦ
1380 1633 1543 1688 βορείου

98 1700 321 1756 πνεύματος
355 1699 632 1755 ἀνακλώμενος
655 1698 676 1744 ὃ
700 1699 880 1754 ποταμὸς
899 1702 966 1743 καὶ
986 1703 1140 1754 μᾶλλον
1161 1697 1440 1753 ἀνεκχεόμενος
1461 1703 1543 1742 πᾶ-

187 1829 213 1865 2
235 1826 287 1870 εἰς
307 1840 362 1864 om
382 1827 426 1864 P.
555 1831 579 1866 7
598 1826 834 1873 ἐπικαρπὲσιν
853 1827 896 1862 Ρ.
943 1839 987 1862 an
1010 1823 1274 1871 ἐπικαρφέσινῒ
1399 1829 1421 1862 8
1445 1826 1540 1871 λιμέ-

187 1886 262 1910 νων
286 1875 330 1909 P.
490 1876 535 1911 16
555 1877 684 1910 κοῖταν
705 1875 796 1917 apud
819 1874 867 1918 S,
897 1875 1020 1913 κοῖλος
1044 1873 1086 1907 Ρ.
1238 1871 1474 1916 ναυτηπόρος
1496 1874 1540 1907 V.

190 1922 234 1956 17
257 1919 308 1960 εἰς
327 1920 370 1954 Ρ.
507 1919 659 1967 φέρεται
677 1919 826 1956 Hasius:
857 1918 960 1966 vulgo
980 1919 1163 1963 φαίνεται.
1304 1919 1348 1954 19
1369 1914 1428 1954 ὅτι
1445 1919 1540 1954 Roe-

188 1965 328 2001 thorus:
350 1964 432 2002 libri
449 1963 469 2002 ὁ

99 2089 194 2124 cum,
227 2079 320 2114 unde
342 2077 528 2124 Aethiopia
556 2078 692 2114 initium
724 2090 821 2113 suum
845 2079 888 2113 ab
912 2077 1092 2112 occidente
1117 2076 1222 2123 capit.
1271 2078 1334 2112 sub
1360 2075 1414 2111 his
1435 2076 1544 2121 igitur

99 2124 271 2159 montibus
293 2125 386 2159 lacus
408 2131 490 2159 sunt
509 2125 547 2158 in
566 2125 735 2159 infinitam
757 2125 971 2158 latitudinem
995 2122 1144 2156 extensi.
1189 2123 1313 2157 accolit
1345 2127 1458 2157 autem
1482 2134 1544 2156 eos

99 2180 208 2214 genus
226 2171 398 2204 hominum
420 2171 480 2215 qui
500 2170 660 2204 dicuntur
679 2170 954 2215 Ichthyophagi,
973 2168 1032 2213 qui
1051 2169 1133 2202 inde
1155 2179 1177 2202 a
1197 2168 1308 2213 prima
1330 2169 1416 2202 hora
1432 2179 1543 2212 usque

99 2216 145 2248 ad
172 2227 329 2250 occasum
360 2215 442 2250 solis
460 2216 497 2249 in
518 2227 607 2260 aqua
623 2217 754 2260 degunt
776 2221 812 2250 et
832 2216 986 2260 piscibus
1008 2213 1157 2248 aluntur.
1205 2213 1258 2247 his
1284 2215 1437 2247 confines
1461 2218 1542 2247 sunt

98 2260 387 2306 Anthropophagi
410 2261 470 2306 qui
492 2261 671 2304 dicuntur,
703 2261 874 2295 hominum
902 2271 1010 2305 genus
1037 2258 1280 2303 fortissimum,
1312 2259 1453 2293 naribus
1480 2270 1541 2291 ro-

98 2306 216 2340 tundis
237 2311 358 2349 utens,
381 2307 536 2341 faciebus
554 2307 727 2350 incurvis,
749 2307 921 2351 unguibus
947 2316 1056 2349 prope
1080 2310 1118 2338 ιιι
1139 2304 1270 2338 leones.
1319 2317 1363 2338 ex
1379 2303 1447 2337 illis
1470 2303 1541 2347 igi-

99 2355 158 2384 tur
178 2351 319 2386 lacubus
340 2352 476 2386 initium
499 2352 606 2386 amnis
629 2353 742 2398 capitz
773 2351 979 2397 prodeuntia
1002 2350 1092 2383 enim
1114 2361 1158 2382 ex
1177 2349 1221 2383 iis
1244 2349 1384 2383 flumina
1408 2349 1543 2382 occulta

98 2395 244 2431 faciunt.
290 2409 334 2431 ex
352 2397 406 2431 his
427 2397 535 2442 igitur
553 2398 694 2432 lacubus
708 2424 719 2442 ‚
750 2409 836 2443 quos
857 2397 908 2430 illi
930 2401 1058 2430 vocant
1075 2395 1211 2437 Chaas,
1244 2395 1359 2428 effluit
1382 2393 1540 2427 minutis-

101 2441 222 2476 simum
245 2442 384 2487 aliquod
405 2443 532 2477 flumen
556 2450 592 2477 et
612 2444 672 2478 vix
688 2444 726 2477 in
749 2443 865 2477 oculos
887 2443 1031 2484 cadens,
1068 2441 1160 2484 quod
1184 2440 1221 2473 in
1243 2444 1390 2483 angusta
1410 2439 1484 2471 loca
1506 2442 1543 2472 et

99 2487 226 2531 partim
249 2499 293 2522 ex
314 2488 463 2523 diversis
484 2489 641 2534 partibus
663 2488 701 2522 in
724 2489 857 2522 alveum
883 2487 1060 2532 proprium
1081 2485 1237 2519 incidens
1262 2484 1369 2518 amnis
1391 2484 1544 2528 speciem

100 2531 242 2577 accipit-
287 2533 344 2568 hic
373 2539 487 2568 autem
517 2535 593 2569 fere
616 2533 663 2569 sit
686 2534 809 2577 Nilus,
834 2534 895 2578 qui
922 2543 1028 2576 super
1050 2531 1157 2564 variis
1181 2529 1280 2563 clivis
1303 2529 1456 2564 volvitur
1478 2540 1543 2573 per

99 2576 178 2611 loca
198 2589 322 2623 aspera
338 2585 442 2624 atque
460 2579 570 2614 invia.
615 2581 698 2614 inde
722 2579 759 2613 in
783 2578 961 2624 planitiem
984 2576 1172 2610 effunditur
1196 2581 1231 2609 et
1252 2586 1370 2608 rursus
1389 2574 1426 2608 in
1442 2573 1543 2608 fluvii

99 2621 234 2657 alveum
254 2625 484 2669 contrahitur,
508 2631 545 2660 et
567 2625 773 2670 navigabilis
794 2625 920 2659 deinde
938 2624 982 2656 ad
1001 2622 1146 2656 Merossn
1164 2632 1228 2666 per
1247 2621 1404 2654 desertas
1423 2624 1541 2664 partes

99 2667 342 2703 meridionales
374 2671 549 2715 defertur,
584 2676 621 2705 et
651 2672 740 2705 hanc
765 2670 1003 2704 circumfluens
1031 2667 1176 2701 insulam
1207 2666 1338 2699 efficit:
1374 2671 1428 2699 est
1452 2665 1542 2698 enim

100 2715 177 2747 tota
198 2713 313 2758 plana.
361 2719 397 2748 et
418 2716 500 2750 inde
521 2728 645 2761 porro,
679 2717 758 2750 dum
782 2715 961 2749 maximam
983 2719 1115 2757 partem
1137 2711 1344 2753 includitur,
1374 2710 1543 2744 orientem

101 2769 224 2793 versus
247 2758 432 2795 inclinatur
455 2766 492 2795 et
511 2762 555 2796 ad
578 2763 775 2807 Aegyptum
797 2772 919 2794 versus
941 2759 1093 2802 indeque
1116 2757 1152 2790 in
1174 2768 1267 2790 mare
1284 2755 1543 2790 vehementiore

101 2809 207 2840 vento
235 2805 410 2851 spirante:
443 2806 481 2841 vi
502 2806 612 2852 euim,
644 2814 684 2842 ut
705 2807 833 2842 dictum
853 2812 929 2850 est,
959 2803 1057 2840 venti
1083 2801 1365 2848 septentrionalis
1387 2802 1465 2837 dum
1484 2812 1542 2835 re-
