1748 3210
597 157 674 199 DE
707 155 983 199 MENSIBUS
1007 154 1087 200 IV.
1507 151 1571 199 95

107 273 176 316 καὶ
206 265 402 328 ἱερωσύνῃ
437 265 711 324 κοσμούμενος
744 271 842 327 (καὶ
874 269 952 327 γὰρ
981 267 1173 326 ποντίφεξ
1200 261 1276 323 ἦν,
1310 267 1429 310 οἱονεὶ
1447 283 1573 324 γεφυ-

108 345 222 398 ραῖος
255 338 463 395 ἀρχιερεὺς
482 337 509 393 ἢ
530 338 749 395 θεουργός,
786 339 855 382 διὰ
873 339 946 394 τὴν
967 339 1010 389 ἕξ
1027 339 1267 395 Ἀφροδίτης
1286 335 1453 394 σειρᾶν)
1465 368 1479 387 ,
1506 334 1575 378 εὖ·

107 407 190 466 ρών
211 407 280 450 τὸν
301 408 518 449 Κυντίλιον
534 412 646 462 μῆνα
665 407 739 463 τὴν
761 409 1032 465 προσηγορίαν
1052 407 1292 462 μετέβαλεν,
1322 405 1369 448 οὗ
1402 405 1470 447 διὰ
1500 404 1574 460 τὴν

106 479 181 519 τοῦ
211 475 394 532 ἀριθμοῦ
421 474 547 529 μόνον
577 475 831 531 τελειότητα,
866 476 971 518 ἀλλὰ
1003 478 1069 518 καὶ
1100 475 1168 518 διὰ
1196 474 1243 518 τὸ
1273 473 1395 517 αὐτὸν
1427 474 1575 516 ἐκεῖνον
1599 489 1635 523 p-
1661 476 1728 510 110

74 543 212 588 ὄκατᾶ
233 544 309 599 τὴν
329 543 407 600 πρὸ
429 542 635 601 τεσσάρων
659 546 776 587 εἰδῶν
795 549 870 587 τοῦ
887 544 1016 599 μηνὸς
1035 542 1180 587 τούτου
1202 548 1411 599 τεχθῆναι.
1464 543 1576 585 Καῖ-

107 629 188 670 σαρ
217 613 262 654 δὲ
290 611 515 667 ὠνομάσθη
545 612 593 654 οὗ
622 611 764 663 καθώς
781 630 908 670 φασιν
925 614 964 655 οἱ
986 615 1173 664 παλαιοί,
1209 613 1252 654 ἐκ
1275 617 1348 668 τῆς
1369 612 1576 666 ἀνατομῆς

106 685 180 737 τῆς
198 680 376 738 γαστρὸς
395 681 610 738 Αὐρηλίας
625 686 697 735 τῆς
717 682 842 724 αὐτοῦ
859 680 1015 738 μητρός
1027 713 1040 733 ,
1073 676 1123 737 ἧς
1140 684 1268 736 δῆθεν
1286 679 1576 735 ἀποθανούσης

107 747 325 807 ἐγκύμονος
341 749 462 791 αὐτὸν
479 750 781 805 ἅνατμηθείσης
799 751 947 805 ἐκείνης
966 754 1192 807 ληφθῆναι,
1227 749 1321 793 ἀλλ’
1347 748 1475 799 οὕτως
1495 747 1575 803 ἔχει

106 818 160 861 τὰ
191 822 272 860 τῶν
301 818 499 875 ἱστοριῶν.
567 819 631 860 ἐπὶ
662 823 736 861 τοῦ
772 821 1004 860 Φοινικικοῦ
1036 816 1213 873 πολέμου
1223 850 1238 870 ,
1274 817 1338 860 ὅτε
1374 815 1396 860 ὅ
1426 816 1576 874 Σύφαξ

53 887 265 946 1οἈννὴ9ᾳ
292 884 529 941 συνεμάχει,
565 887 717 943 λέγεται
744 885 870 929 Γάϊον
891 885 1109 930 Ῥουτίλιον
1143 884 1368 943 (πρόγονος
1389 887 1434 928 δὲ
1456 880 1576 935 οὗτος

107 955 280 1005 παλαιὸς
308 959 366 1012 τῷ
400 956 607 1012 Καίσαρι)
644 956 684 998 ἓν
707 956 810 1012 αὐτῇ
831 959 882 1012 τῇ
903 954 1124 1012 παρατάξει
1147 953 1379 1009 μαχόμενον
1394 953 1573 1010 τοσαύτῃ

109 1022 275 1078 δυνάμει
309 1023 517 1080 ἐπαφεῖναι
546 1023 592 1067 τῦ
621 1022 721 1081 δόρυ
751 1024 855 1067 κατὰ
879 1029 953 1066 τοῦ
974 1025 1250 1081 ΙΙῙαυρουσίου
1273 1023 1375 1066 ὥστε
1396 1023 1467 1065 τὸν
1488 1023 1575 1064 ἕλε’-

107 1085 267 1150 φαντα,
301 1085 336 1150 ᾧ
354 1092 542 1146 ἐπωχεῖτο
565 1091 586 1135 ὃ
610 1094 820 1147 πολέμιος,
855 1098 1121 1147 καταβαλεῖν,
1156 1093 1344 1135 κάκεῖθεν
1368 1091 1442 1147 τὴν
1466 1092 1576 1134 Καί-

108 1178 236 1217 σαρος
270 1161 498 1214 ἐπωνυμίαν
532 1164 693 1215 λαβεῖν,
728 1163 811 1203 ἐπεὶ
841 1162 955 1218 παρὰ
983 1164 1162 1213 Φοίνιξιν
1187 1159 1210 1203 ὃ
1235 1162 1384 1218 ἐλέφας
1406 1160 1451 1204 τὸ
1474 1162 1577 1218 ζῷον

54 1231 98 1268 15
109 1236 256 1287 καῑσαρ
277 1229 444 1285 λέγεται.
477 1227 480 1230 ’
518 1229 682 1285 Οὐάλης
706 1231 770 1282 δέ,
801 1229 846 1280 ὃς
871 1233 938 1272 καὶ
963 1230 1085 1281 αὐτὸς
1104 1231 1155 1272 τὰ
1177 1231 1387 1286 Καίσαρος
1408 1228 1579 1286 ἔγραψε,

110 1300 234 1355 φησὶν
263 1297 428 1354 ἄριστον
451 1298 525 1352 μὲν
543 1298 667 1342 αὐτὸν
690 1301 757 1341 καὶ
778 1300 1110 1355 πρεπωδέστατον
1131 1300 1173 1341 ἓν
1193 1299 1354 1355 μεγέθει
1374 1298 1578 1354 γενέσθαι,

109 1365 167 1410 ἔτι
198 1366 281 1421 μὴν
310 1361 605 1422 καὶ“κομήτην·
640 1367 714 1423 τὴν
733 1369 777 1410 δὲ
799 1365 929 1422 κόμην
954 1369 1135 1425 πατρίως
1160 1361 1199 1409 οἳ
1218 1366 1411 1422 Ῥωμαῖοι
1431 1364 1580 1410 >emod-

111 1452 195 1491 ριεν
221 1434 589 1492 προσαγορεύουσι,
623 1438 696 1479 καί
714 1453 838 1493 φησιν
858 1434 914 1487 ὥς
938 1436 1006 1478 διὰ
1026 1437 1071 1478 τό
1094 1437 1136 1487 ἐξ
1160 1435 1286 1491 αὐτῆς
1305 1434 1453 1485 κάλλος
1470 1436 1581 1478 Kar-⁴

110 1520 192 1560 σαρ
218 1502 549 1560 προσηγορεύετο.
617 1503 757 1561 κύριον
786 1506 830 1547 δὲ
858 1504 970 1562 αὐτῷ
993 1504 1121 1559 ὄνομα
1144 1503 1291 1555 Γάϊος,
1320 1503 1515 1560 εῧγενείας
1536 1504 1581 1545 δὲ

54 1571 356 1626 2οσημαντικόν
383 1570 570 1624 Ἰούλιος,
615 1573 696 1616 ἀπὸ
723 1571 877 1616 Ἶούλου
909 1578 984 1616 τοῦ
1014 1574 1182 1618 Αἰνείου
1226 1577 1300 1617 τοῦ
1324 1573 1582 1630 Ἀφροδίτης,

110 1641 257 1698 ἀρετῆς
275 1641 318 1682 δὲ
340 1638 361 1682 ὅ
381 1642 562 1699 Καῖσαρ.

247 1706 326 1754 64.
399 1709 619 1760 Θεοδόσιος
636 1706 657 1751 ὅ
674 1708 819 1767 μικρὸς
837 1711 1076 1769 νεωτερίζων
1093 1710 1140 1754 τὸ
1158 1714 1232 1767 τῆς
1242 1706 1521 1766 Ὀλυμπιάδος
1539 1707 1584 1752 ἔκ

109 1780 192 1821 τῶν
205 1775 364 1834 χρόνων
382 1777 604 1834 ἀπήλειψεν
622 1777 766 1833 ὄνομα.

201 1863 226 1899 7
259 1857 511 1908 ἅπομεωῦσης
541 1863 596 1909 V,
629 1860 889 1909 α’πομενούσης
915 1863 967 1908 Ρ,
1003 1861 1251 1908 ἀπομυούσης
1278 1862 1418 1899 Iacobs.
1467 1862 1516 1898 cf.
1536 1861 1582 1898 de

201 1907 366 1953 Magistr.
387 1910 405 1943 1
428 1910 488 1945 23.
627 1911 673 1944 20
695 1910 764 1944 τοῦ
789 1907 908 1955 Ἅφρ.]
932 1909 1038 1955 vulgo
1056 1911 1125 1955 τῆς
1143 1906 1242 1955 Ἅφρ.

112 1975 247 2012 honore
265 1977 475 2012 sacerdotali
494 1982 636 2012 ornatus
660 1982 738 2012 erat
759 1978 915 2021 (etenim
933 1979 1095 2023 pontifex
1115 1978 1203 2024 suit,
1227 1983 1417 2024 propterea
1445 1977 1540 2023 quod
1563 1989 1586 2013 a

113 2023 254 2057 Venere
273 2023 440 2058 oriundus
464 2026 588 2067 erat),
611 2035 687 2058 cum
711 2023 928 2068 repperisset
953 2024 1144 2064 Quintilem
1166 2036 1341 2069 mensem,
1363 2036 1489 2059 nornen
1508 2035 1585 2058 mu-

114 2069 225 2114 tavit,
260 2081 330 2103 non
357 2074 503 2116 propter
528 2069 663 2103 numeri
691 2069 801 2103 solum
829 2069 1104 2115 perfectionem,
1127 2082 1247 2106 verum
1270 2071 1375 2105 etiam
1393 2074 1587 2116 propterea

114 2116 210 2160 quod
229 2115 307 2160 ipse
330 2127 363 2150 a.
383 2117 419 2150 d.
441 2114 464 2150 4
487 2115 571 2150 Idus
597 2114 698 2149 huius
717 2114 846 2149 mensis
865 2121 967 2150 natus
987 2120 1055 2151 est.
1104 2116 1237 2151 Caesar
1254 2122 1370 2152 autem
1388 2116 1586 2151 nominatus

116 2165 190 2204 est,
212 2172 282 2195 non
300 2165 340 2195 ut
356 2167 497 2196 veteres
516 2161 655 2205 dicunt,
682 2173 726 2195 ex
744 2161 958 2196 dissectione
975 2161 1112 2196 ventris
1132 2163 1295 2198 Aureliae
1317 2162 1438 2197 matris
1461 2162 1588 2208 ipsius,

116 2217 187 2252 qua
203 2207 374 2241 moriente
391 2207 539 2252 gravida
558 2207 672 2252 ipsum
693 2207 845 2242 dissecta
865 2207 926 2242 illa
946 2214 1147 2253 susceptum
1170 2209 1310 2253 ferunt,
1333 2210 1398 2244 sed
1429 2209 1504 2252 (ita
1522 2208 1586 2242 ha*

116 2254 204 2287 bent
225 2251 419 2297 historiae)
444 2253 534 2288 bello
554 2253 710 2298 Punico,
742 2264 817 2288 cum
844 2253 993 2301 Syphax
1011 2254 1203 2288 Hannibali
1229 2255 1344 2290 socius
1367 2254 1453 2290 belli
1477 2258 1586 2297 esset,

119 2298 232 2333 Gaius
259 2298 412 2333 Rutilius
437 2300 529 2343 (fuit
551 2304 665 2334 autem
685 2299 742 2334 hic
762 2311 850 2334 unus
876 2312 896 2334 e
919 2300 1100 2335 veteribus
1121 2301 1285 2336 Caesaris
1303 2300 1522 2344 maioribus)
1547 2299 1586 2333 in

117 2344 132 2378 i
156 2356 197 2379 sa
217 2344 294 2378 acie
320 2356 479 2390 pugnans
497 2350 595 2380 tanta
617 2346 655 2380 vi
682 2345 819 2380 misisse
842 2346 991 2381 iaculum
1023 2351 1144 2381 contra
1169 2347 1330 2381 Maurum
1361 2346 1513 2389 dicitur,
1546 2349 1589 2378 ut

121 2357 358 2436 gephantem
378 2402 447 2436 quo
467 2392 661 2426 vehebatur
679 2392 790 2426 hostis
803 2419 813 2436 ‚
834 2397 1011 2427 sterneret
1028 2392 1143 2436 humi,
1168 2397 1205 2427 et
1226 2393 1309 2428 inde
1333 2391 1498 2427 Caesaris
1523 2402 1587 2424 co-

167 2448 268 2471 omen
287 2437 487 2482 accepisse,
519 2438 799 2484 quandoquidem
824 2440 917 2484 apud
934 2439 1074 2473 Poenos
1104 2438 1245 2484 elephas
1272 2438 1434 2483 (bestia)
1465 2447 1588 2472 caeam·

118 2448 261 2517 fficitnr.
307 2483 438 2518 Valens
457 2495 563 2528 vero,
596 2484 657 2530 qui
682 2490 719 2520 et
740 2485 818 2530 ipse
838 2485 1002 2520 Caesaris
1021 2496 1080 2519 res
1098 2485 1262 2530 scripsit,
1286 2486 1400 2519 refert
1421 2483 1588 2530 pulcher-

119 2527 208 2563 rima
235 2539 311 2563 eum
334 2534 371 2564 et
393 2540 523 2564 summe
544 2531 674 2569 decora
695 2531 934 2576 magnitudine
957 2531 1089 2575 fuisse,
1124 2535 1160 2565 et
1179 2542 1266 2565 vero
1286 2530 1391 2565 etiam
1417 2534 1588 2564 comatum

121 2575 277 2618 (comam
299 2580 412 2610 autem
433 2576 548 2621 patrio
571 2588 731 2614 sermone
753 2578 902 2612 Romani
926 2577 1115 2612 caesariem
1136 2576 1338 2623 appellant)
1362 2587 1510 2621 eumque
1529 2575 1590 2609 di-

121 2619 170 2654 cit
192 2624 339 2666 propter
358 2621 650 2666 pulchritudinem
678 2624 761 2659 inde
792 2625 986 2670 profectam
1013 2624 1202 2658 Caesarem
1227 2622 1436 2669 appellatum
1458 2621 1584 2658 fuisse.

119 2666 299 2746 veprium
314 2678 400 2701 vero
416 2667 451 2701 ei
465 2680 590 2704 nomen
606 2670 730 2713 Gaius,
760 2670 954 2705 nobilitatis
970 2670 1128 2705 indicans
1143 2669 1265 2714 Iulius,
1290 2670 1335 2704 ab
1351 2668 1427 2704 Iulo
1441 2669 1587 2704 Aeneae
1626 2691 1632 2696 ·

157 2712 272 2747 eneris
288 2711 379 2756 filio,
407 2713 549 2750 virtutis
563 2721 679 2751 autem
695 2718 842 2752 Caesar.

213 2759 271 2794 64.
319 2759 542 2795 Theodosius
571 2762 708 2798 Parvus
738 2774 872 2799 novans
906 2761 1127 2808 Olympiadis
1159 2773 1204 2798 ex
1233 2766 1427 2809 temporum
1448 2758 1585 2796 descri-

121 2803 243 2850 ptione
257 2804 390 2841 delevit
405 2816 544 2842 nomen.
