1748 3210
256 213 346 259 112
767 215 984 259 IOANNIS
1021 217 1153 259 LYDI

252 329 414 368 καλοῦσι
438 326 648 380 κυνομυιάς
660 356 673 377 ,
698 327 763 367 καὶ
783 324 808 379 ἦ
830 329 908 367 τῶν
928 329 1076 379 κτηνῶν
1096 324 1257 382 φθορά,
1291 329 1355 370 καὶ
1380 327 1400 370 ὃ
1422 330 1618 386 κονιορτὸς
1635 330 1656 373 ὅ

252 386 444 447 ἑλκώδης,
479 397 712 450 φλυκταῖναι
728 394 793 433 καὶ
811 393 977 447 ἀκρίδες.
1043 397 1169 434 ταῦτα
1197 392 1324 435 πάντα
1345 395 1490 450 τέρατα
1520 395 1567 438 ἂν
1595 399 1657 438 δι-

251 461 371 508 καίως
400 460 582 513 λέγοιντο.
660 465 802 511 σημεῖα
830 460 871 499 δὲ
897 459 946 499 τὰ
979 460 1019 508 ἐξ
1046 457 1265 514 ὖπερτὲρων
1293 459 1531 515 φαινόμενα,
1577 461 1658 504 οἷον

251 528 370 567 ἐκεῖνο
391 526 434 567 τὸ
458 526 518 565 ἐπὶ
539 529 608 578 τῆς
636 525 757 578 αὐτῆς
784 526 941 580 φέρεται
972 530 1128 580 γραφῆς
1151 523 1246 566 “zai
1274 525 1402 582 ἔβρεξε
1431 526 1563 583 κύριος
1589 529 1658 583 τὴν

246 591 424 645 χάλαζαν
445 592 503 631 ἐπὶ
524 595 653 632 πᾶσαν
673 592 744 644 τὴν
762 595 833 646 γῆν
854 589 1072 646 Αἰγύπτου.
1141 587 1189 644 ἦν
1211 592 1259 646 δὴ
1281 591 1306 646 ἡ
1321 591 1498 646 χάλαζα,
1531 597 1595 636 καὶ
1613 595 1689 639 τό5

105 675 142 708 p.
166 666 230 700 129
251 662 327 712 πῦρ
362 659 542 713 φλογίζον
569 659 608 698 ἓν
637 662 684 712 τῇ
705 657 893 712 χαλάζῃ.”
963 660 1027 699 καὶ
1052 657 1168 699 πάλιν
1191 657 1375 708 ((ἓξέτεινέ
1409 661 1452 701 δὲ
1479 663 1660 714 Μωϋσῆς

250 725 321 776 τὴν
337 730 451 779 χεῖρα
475 724 597 764 αὐτοῦ
617 724 678 764 ἐπὶ
700 726 768 766 τὸν
791 723 976 780 οὐρανόν,
1011 727 1075 765 καὶ
1101 725 1245 779 ἐγένετο
1269 724 1407 774 σκότος
1430 725 1574 782 γνόφος
1593 730 1658 768 καὶ

250 789 399 831 θύελλα
418 791 478 831 ἐπὶ
502 795 632 832 πᾶσαν
652 791 722 844 τὴν
742 796 814 845 γῆν
835 790 1074 845 Αἶγύπτου.”
1127 796 1302 840 τοιοῦτος
1322 794 1451 834 τοίνυν
1464 791 1659 849 Ἑβραίοις

250 855 271 898 ὃ
292 858 376 911 περὶ
397 858 565 910 σημείων
584 855 714 910 λόγος,
742 860 782 907 ἐξ
801 851 867 908 ὧν,
903 857 1024 910 οἶμαι,
1058 860 1121 898 καὶ
1141 853 1264 899 τᾶλλα
1284 863 1361 900 τῶν
1380 861 1506 900 ἐθνῶν
1525 862 1659 912 διοση-

249 925 343 977 μίας
363 927 487 964 ταῦτα
510 927 638 973 καλιξῖν
660 923 754 978 ἔγνω
777 925 826 966 τὰ
849 923 1028 977 σήματα·
1063 924 1164 973 Ζεὺς
1191 925 1267 979 γὰρ
1298 923 1318 966 ὃ
1343 925 1420 982 ἀὴρ
1443 925 1543 967 κατὰ
1568 926 1660 974 τοὺς
1671 937 1712 970 10

252 990 441 1046 φυσικοὺς
465 990 632 1043 λέγεται,
666 989 724 1031 ὅτι
746 989 931 1046 ζῳοποιός
951 992 1074 1040 ἐστιν,
1110 990 1207 1032 ὥστε
1229 993 1413 1045 διοσημία
1433 991 1477 1033 τὸ
1499 995 1570 1033 τοῦ
1595 992 1660 1033 ἀί-

252 1073 321 1112 ρος
342 1062 520 1109 σημεῖον,
556 1054 650 1111 ὅπερ
668 1056 796 1098 εὕδιον
818 1057 862 1098 τὸ
884 1062 1010 1112 πρᾶον
1031 1059 1094 1098 καὶ
1120 1057 1287 1111 γαληνὸν
1309 1059 1514 1112 τοῢάέρος
1533 1062 1661 1099 καλεῖ-

251 1139 315 1164 ται
336 1127 481 1175 σχῆμα.
549 1122 594 1162 οὖ
616 1123 696 1177 χρὴ
729 1118 797 1164 οὖν
826 1123 924 1178 πρὸς
950 1123 1000 1164 τὰ
1028 1123 1202 1175 ὀνόματα
1232 1126 1541 1179 ταραττομένους
1570 1124 1662 1173 τούς
1716 1140 1719 1145 ·

251 1187 539 1243 ἁπλουστέρους
557 1187 763 1242 ἀποπηδᾶν
781 1183 852 1230 τοῦ
869 1193 1024 1241 μαθεῖν.
1085 1188 1259 1230 “dedolo’'
1281 1189 1355 1246 γάρ
1376 1207 1471 1247 φησι
1489 1189 1660 1244 “σημεΐά

250 1255 292 1295 ἓν
310 1259 366 1309 τῷ
387 1255 539 1310 οὐρανῷ
561 1252 641 1294 ἄνω
663 1257 726 1295 καὶ
757 1255 900 1309 τέρατα
929 1256 988 1295 ἐπὶ
1018 1260 1087 1308 τῆς
1116 1260 1186 1309 γῆς
1214 1254 1342 1306 κάτω,
1376 1255 1475 1309 αἷμα
1495 1259 1559 1298 καὶ
1580 1261 1658 1312 πῦρ
1673 1266 1712 1299 15

251 1322 316 1361 καὶ
337 1320 482 1372 ἀτμίδα
503 1324 672 1360 καπνοῦ·
706 1320 727 1362 ὃ
756 1320 866 1374 ἣλιος
892 1321 1261 1378 μεταστραφήσεται
1291 1324 1346 1372 εἷς
1373 1321 1510 1372 σκότος
1537 1324 1602 1364 καὶ
1633 1321 1659 1376 ἦ

251 1385 390 1439 σελήνη
411 1388 465 1435 εἷς
483 1384 623 1438 afflant-'²

384 1453 461 1496 98.
528 1451 713 1504 Σαβαὼθ
734 1456 806 1494 τοῦ
827 1454 1087 1507 δημιουργοῦ·
1129 1453 1230 1495 οὕτω
1248 1453 1323 1510 γὰρ
1341 1453 1448 1511 παρὰ
1470 1454 1660 1496 Φοινίκων

250 1517 272 1561 ὁ
295 1518 568 1574 δημιουργικὸς
585 1518 758 1574 ἀριθμὸς
778 1518 1017 1571 ὀνομάζεται.

339 1645 380 1678 11
403 1640 588 1686 διοσημεῖαι
608 1642 650 1677 Ρ.
743 1643 786 1677 12
808 1638 926 1685 ὥσπερ
949 1643 989 1676 S.
1082 1644 1123 1678 13
1144 1641 1232 1683 τοὺς
1255 1626 1520 1689 ἁπλουστέρους
1543 1657 1596 1680 om
1611 1646 1660 1681 Ῥ.

339 1688 382 1723 14
403 1686 529 1732 δώσω]
551 1687 636 1721 Ioel.
659 1688 682 1721 2
704 1688 759 1731 30,
781 1688 858 1721 Act.
882 1689 905 1721 2
929 1689 982 1722 19.

249 1800 380 1840 cuntur,
403 1799 438 1830 et
458 1807 592 1830 muscae
612 1806 696 1840 quas
713 1795 780 1840 ipsi
798 1799 922 1830 vocant
942 1795 1157 1837 κυνομυίας,
1185 1801 1221 1830 et
1242 1808 1400 1841 pecorum
1422 1796 1601 1841 interitus,
1626 1802 1662 1833 et

247 1842 359 1886 pulvis
382 1841 495 1874 ulcera
511 1841 676 1883 efficiens,
697 1841 850 1884 pustulae
869 1847 904 1874 et
923 1841 1084 1882 locustae,
1108 1842 1191 1874 haec
1210 1842 1319 1875 omnia
1339 1842 1436 1885 signa
1452 1842 1527 1876 iure
1544 1843 1661 1877 dican-

248 1893 318 1920 t-ur.
364 1885 520 1930 prodigia
542 1897 624 1918 vero
649 1897 689 1918 ea
711 1896 798 1928 quae
822 1897 864 1918 ex
884 1885 1134 1918 sublimioribus
1157 1886 1310 1928 partibus
1336 1892 1537 1930 cernuntur,
1563 1887 1663 1931 quale

250 1930 333 1964 illud
350 1931 440 1974 quod
461 1931 497 1962 in
518 1931 636 1963 eodem
656 1930 782 1973 scripto
801 1930 928 1962 fertur:
962 1927 1136 1973 “pluitque
1158 1930 1310 1963 dominus
1335 1930 1531 1973 grandinem
1559 1942 1663 1976 super

251 1987 382 2008 omnem
401 1980 526 2008 terram
547 1975 595 2007 Ae
645 1974 716 2018 pti3
749 1978 823 2006 erat
843 1979 953 2006 autem
975 1975 1124 2016 grando,
1157 1979 1192 2007 et
1215 1974 1305 2018 ignis
1330 1975 1477 2018 flagrans
1499 1975 1536 2008 in
1558 1986 1661 2018 gran-

250 2016 367 2053 dine.’'
402 2025 437 2052 et
456 2030 571 2053 rursus
592 2016 600 2028 ‘
616 2018 834 2061 extenditque
852 2018 991 2060 Moyses
1010 2020 1140 2051 'manum
1162 2029 1254 2052 suam
1276 2019 1312 2052 in
1335 2019 1471 2062 caelum,
1495 2024 1531 2052 et
1549 2021 1662 2054 factae

249 2069 329 2097 sunt
350 2065 524 2106 tenebrae,
546 2065 647 2096 turbo
671 2070 706 2096 et
723 2062 870 2106 procella
887 2062 922 2095 in
942 2062 1103 2096 universa
1120 2067 1213 2096 terra
1234 2060 1419 2107 Aegypti.”
1462 2063 1539 2097 talis
1555 2064 1662 2108 igitur

249 2108 418 2142 Hebraeis
445 2109 487 2141 de
513 2108 654 2140 ostentis
685 2113 737 2140 est
758 2107 866 2149 ratio,
890 2108 999 2149 unde,
1022 2108 1187 2150 arbitror,
1210 2107 1350 2151 reliquis
1372 2118 1505 2152 quoque
1526 2109 1662 2152 populis

251 2153 439 2194 διοσημίας
465 2153 549 2185 haec
571 2163 694 2185 vocare
722 2151 828 2184 visum
858 2157 911 2184 est
941 2151 1055 2194 signa:
1093 2150 1182 2190 Ζεύς
1206 2152 1405 2196 (Iuppiter)
1427 2153 1515 2186 enim
1537 2154 1596 2186 aer
1618 2165 1662 2188 ex

249 2197 465 2242 physicorum
489 2197 635 2230 decretis
655 2196 798 2238 dicitur,
827 2196 917 2238 quod
942 2196 1010 2229 vim
1032 2196 1199 2230 animandi
1218 2197 1340 2239 habet,
1369 2202 1407 2230 ut
1431 2197 1599 2240 διοσημία
1615 2198 1662 2232 sit

249 2239 292 2275 τὸ
316 2242 382 2274 τοῦ
405 2239 511 2282 ἀέρος
536 2243 696 2284 σημεῖον,
731 2240 757 2273 i.
777 2252 809 2273 e.
831 2240 919 2273 aeris
935 2240 1091 2283 signum,
1115 2246 1152 2274 ut
1174 2237 1293 2279 εὔδιος
1315 2241 1405 2274 mitis
1427 2245 1464 2274 et
1482 2242 1662 2286 tranquilla

248 2285 340 2320 aeris
362 2291 502 2319 vocatur
522 2285 669 2328 species.
715 2296 782 2318 non
804 2289 940 2328 oportet
962 2285 1067 2327 igitur
1091 2286 1134 2318 ad
1160 2285 1294 2318 nomina
1321 2286 1478 2319 confusos
1507 2285 1660 2320 homines

209 2362 212 2366 ,
249 2330 472 2374 simpliciores
493 2330 677 2363 deflectere
699 2341 719 2362 a
739 2328 922 2362 discendo:
944 2325 1075 2362 “dabo''
1098 2329 1186 2363 enim
1209 2329 1294 2362 <licit
1314 2326 1494 2374 “prodigia
1512 2329 1549 2362 in
1565 2331 1660 2364 caelo

249 2386 392 2417 sursum,
415 2379 451 2408 et
470 2374 567 2417 signa
584 2375 620 2407 in
636 2380 728 2407 terra
746 2368 913 2416 deorsum,
935 2374 1130 2416 sanguinem
1149 2379 1184 2407 et
1199 2373 1311 2428 ignem
1329 2379 1365 2407 et
1381 2384 1540 2417 vaporem
1557 2375 1661 2416 fumi3

250 2419 302 2454 sol
324 2422 540 2455 convertetur
561 2419 597 2451 in
618 2420 789 2460 tenebras,
813 2422 848 2451 et
869 2417 947 2451 luna
963 2418 999 2451 in
1021 2418 1228 2462 sanguinem.
1241 2414 1250 2427 ’

340 2465 397 2498 98.
443 2463 595 2497 Sabaoth
617 2462 749 2507 opificis
766 2462 902 2495 mundi:
936 2462 986 2496 ita
1014 2462 1102 2497 enim
1134 2474 1156 2497 a
1173 2461 1400 2496 Phoenicibus
1427 2471 1585 2497 numerus
1614 2462 1659 2498 ad

252 2509 366 2545 mundi
382 2508 537 2555 opificem
552 2508 727 2554 pertinens
746 2506 948 2541 nominatur.
