1748 3210
170 178 199 220 2
208 176 269 221 16
691 173 908 217 IOANNIS
941 173 1074 216 LYDI

303 288 380 332 22.
445 283 636 338 Πάντων,
667 284 799 340 οἶμαι,
830 288 909 327 τῶν
935 281 1184 340 καταλόγων,
1217 287 1252 329 εἲ
1271 283 1328 341 μή
1348 304 1387 331 τι
1406 284 1587 344 σφάλλο-

169 372 242 409 μαι
251 386 265 406 ,
299 353 577 411 παρελθόντων
601 357 658 409 τῷ
685 351 788 410 λόγῳ
795 383 809 404 ,
848 349 1063 393 ὑπόλοιπόν
1087 354 1190 394 ἐστιν
1220 349 1361 406 αὖθις,
1400 353 1586 410 καθάπερ

167 420 339 477 ἧγεμόνα
366 420 525 474 σεμνόν,
554 421 615 461 ε’πὶ
647 419 782 469 τέλους
810 418 878 461 τὸν
907 417 1224 475 κορνικουλάριον
1244 421 1304 461 ἐπὶ
1323 426 1394 476 τῆς
1408 421 1588 478 ’ἱστορίας

169 489 395 537 ἀναδεῖξαι·
431 489 494 528 δεῖ
504 486 579 542 γὰρ
601 484 735 538 αὐτόν,
767 485 839 540 τὴν
859 485 953 540 ὅλην
974 487 1185 539 συνέχοντα
1203 484 1328 538 τάξιν,
1359 488 1484 543 ἀρχὴν
1499 487 1585 546 ἅμα

169 557 233 597 καὶ
250 555 371 610 πέρας
391 553 512 606 αὐτῆς
530 553 748 602 ἀποδεῖξαι.
799 553 916 609 ἀρκεῖ
928 554 999 606 μὲν
1017 547 1086 595 οῦν
1104 552 1213 608 αὐτῷ
1228 552 1617 608 πρὸς,ἆξιοπιστίαν5

169 623 235 662 καὶ
253 619 373 673 μόνος
392 618 412 661 ὃ
425 618 582 700 χρόνος,
615 619 712 676 υπέρ
730 621 981 703 τριακοσίους
997 625 1064 662 καὶ
1079 620 1233 673 χιλίους
1251 620 1457 669 ἐνιαυτοὺς
1467 619 1590 675 ἤγουν.

169 688 273 743 μένω
304 691 374 728 τοῦ
403 685 603 741 τάγματος
629 690 695 728 καὶ
722 687 795 730 σὺν
818 687 926 744 αὐτῷ
948 692 1004 744 τῷ
1023 691 1204 744 πολισμῷ
1226 690 1296 740 τῆς
1319 687 1426 742 ιερᾶς
1436 684 1591 742 Ῥώμης

170 754 392 809 ἐπιφανέντι
421 760 504 802 τοῖς
532 753 755 809 πράγμασι·
788 759 920 811 παρῆν
942 755 1019 810 γὰρ
1045 754 1237 796 ἀνέκαθεν
1255 758 1311 810 τῷ
1336 751 1542 810 ἶππάρχῳ,

170 822 243 862 δὲτ
235 823 430 876 ἵππαρχος
453 825 509 877 τῷ
531 838 571 862 τε
593 820 692 877 ῥηγί.
759 819 859 863 ὥστε
889 822 931 863 ἐκ
962 822 1179 878 προοιμίων
1195 825 1267 874 τῆς
1281 818 1500 874 Ῥωμαϊκῆς
1517 835 1592 861 πο-

169 888 313 936 λιτείας
332 886 527 943 γνώριμος
547 886 566 928 ὃ
587 886 905 943 κορνικουλάριός
921 890 1038 939 ἐστιν,
1073 887 1145 929 κᾶν
1166 889 1200 929 εἷ
1215 888 1339 941 μηδὲν
1359 887 1467 943 αὐτῷ
1482 886 1592 942 παρὰ
1605 890 1647 927 to

169 955 241 1007 τὴν
274 955 539 1009 προσηγορίαν
573 954 858 996 ἀπολέλειπται.
926 954 1030 1004 ἐξότε
1072 957 1254 996 Φοῦσκον
1288 952 1418 1008 (οὕτω
1453 953 1496 994 δὲ
1526 952 1595 995 τὸν

169 1018 429 1075 μελάγχρωτα
443 1019 629 1073 Ῥωμαῖοι
652 1022 842 1075 καλοῦσι)
878 1020 1125 1074 Δομετιανὸς
1147 1021 1396 1077 πραιτωρίων
1417 1018 1596 1076 ὕπαρχον

170 1086 272 1128 κατὰ
292 1086 363 1140 τὴν
379 1085 616 1142 Αὐγούστου
641 1089 855 1143 ἐγχείρησιν
870 1086 1187 1143 προβαλόμενος,
1215 1087 1287 1140 τὴν
1307 1091 1377 1128 τοῦ
1397 1085 1595 1140 ἱππάρχου

170 1154 352 1208 περιττὴν
402 1154 576 1202 ἀπέδειξε
620 1153 876 1209 προαγωγήν,
924 1154 1055 1194 ὅπλων
1090 1152 1303 1207 ἡγούμενος
1314 1183 1328 1203 ,
1373 1153 1595 1207 μετηνέχθη

170 1218 312 1260 πάντα.
380 1220 481 1271 (23)
515 1225 723 1274 τοιγαροῦν
752 1219 802 1260 τὰ
837 1218 1016 1262 ὁπωσοῦν
1034 1219 1142 1275 παρὰ
1160 1226 1242 1268 τοῖς
1261 1217 1453 1274 ὖπάρχοις
1469 1235 1595 1275 πρατ-
1608 1223 1650 1259 15

170 1284 315 1338 τόμενα
338 1283 459 1337 μόνος
481 1286 676 1327 διέταττεν
699 1284 718 1326 ὃ
740 1284 1079 1342 κορνικουλάριος,
1113 1286 1178 1326 καὶ
1197 1285 1290 1334 τοὺς
1310 1287 1351 1334 ἐξ
1372 1286 1502 1327 αὐτῶν
1523 1283 1600 1327 πό-

172 1369 266 1408 ρους
294 1354 348 1400 εἶς
380 1353 524 1393 οἰκείαν
553 1353 766 1408 ἀπεφέρετο
799 1351 1058 1408 παραψυχήν.
1124 1353 1190 1393 καὶ
1219 1355 1336 1393 τοῦτο
1362 1351 1438 1393 ἀπὸ
1465 1351 1601 1404 Δομε-

171 1423 306 1460 τιανοῦ
338 1419 410 1468 ἕως
440 1424 511 1461 τοῦ
539 1420 638 1460 καθ’
672 1418 778 1473 ἡμᾶς
807 1420 1022 1461 Θεοδοσίου
1048 1422 1218 1475 κρατοῦν
1238 1418 1419 1474 ἠμείφθη
1445 1418 1511 1460 διὰ
1531 1418 1603 1472 τὴν

167 1484 373 1541 Ῥουφίνου
397 1488 620 1542 τυραννίδα.
688 1485 810 1539 νόμον
830 1488 906 1542 γὰρ
924 1486 1038 1528 ἔθετο
1058 1484 1078 1526 ὅ
1097 1485 1286 1538 βασιλεὺς
1298 1484 1522 1541 Ἀρκάδιος,
1556 1484 1602 1527 τὸ

172 1558 243 1605 τῆς
271 1552 396 1608 ἀρχῆς
425 1554 591 1595 δυνατὸν
623 1551 891 1606 δεδιττόμενος
899 1584 912 1604 ,
942 1552 1042 1594 ὥστε
1064 1552 1131 1594 τὸν
1153 1552 1342 1607 πρίγκιπα
1363 1556 1435 1606 τῆς
1456 1550 1657 1601 τάξεως20
1675 1547 1678 1550 ’

174 1624 245 1660 τοῦ
270 1620 488 1674 μαγίστρου
502 1651 512 1667 ,
547 1618 739 1674 παριόντα
843 1619 892 1660 τὰ
915 1619 1079 1674 με’γιστα
1103 1616 1359 1674 δικαστήρια,
1395 1616 1603 1675 περιεργά-

176 1688 315 1736 ζεσθαι
346 1684 412 1726 καὶ
442 1693 587 1728 ...νεῖν
612 1687 683 1740 τὴν
705 1684 871 1740 δύναμιν
890 1690 969 1729 τῶν
987 1686 1265 1743 πραττομένων
1287 1685 1328 1726 ἓν
1351 1685 1506 1737 αὐτοῖς,
1538 1687 1606 1727 καὶ

265 1790 286 1824 5
313 1789 422 1823 malim
439 1801 522 1823 sane
539 1785 807 1831 ἄξιοπρέπειαν.
828 1791 874 1825 F.
1053 1791 1075 1825 9
1098 1790 1174 1844 lego
1197 1787 1282 1824 τότε
1303 1789 1366 1835 τῷ.
1388 1791 1434 1824 F.
1479 1789 1535 1823 vel
1553 1789 1604 1833 τῷ

266 1832 362 1868 τότε.
455 1836 494 1868 11
514 1840 592 1878 post
609 1832 707 1876 ἐξότε
724 1836 881 1879 suspicor
904 1835 1072 1869 excidisse
1091 1833 1173 1879 γὰρ.
1194 1837 1241 1871 F.
1330 1823 1398 1868 τὸν
1415 1834 1472 1868 vul
1498 1846 1517 1868 o
1537 1846 1605 1868 om.

268 1881 311 1912 12
328 1876 490 1921 ὕπαρχος
509 1881 551 1912 G.
689 1880 731 1913 13
751 1878 1042 1924 προβαλλόμενος
1059 1880 1351 1925 vu1g0.21
1369 1879 1446 1924 lego
1483 1878 1536 1913 πὶ.
1558 1880 1604 1914 F.

265 1925 310 1958 22
333 1925 646 1967 πολυπραγμονεῖν
669 1925 721 1968 F,
746 1930 783 1958 ut
803 1927 824 1958 2
849 1926 905 1959 10.

265 2012 324 2045 22.
371 1990 558 2056 Omnibus,
591 2012 731 2057 opinor,
765 2012 950 2057 catalogis,
979 2012 1016 2047 ni
1038 2013 1121 2058 quid
1142 2013 1261 2058 fallor,
1291 2012 1476 2056 enarratis,
1500 2016 1610 2047 restat

177 2059 216 2089 ut
232 2067 368 2099 rursuS,
402 2057 499 2100 quasi
524 2058 754 2092 venerabilem
773 2059 912 2102 ducem,
942 2063 1148 2110 postremum
1172 2058 1455 2092 cornicularium
1445 2069 1482 2091 m
1499 2057 1607 2091 histo-

178 2101 232 2134 ria
255 2102 489 2134 ostendamus:
515 2108 651 2145 oportet
670 2103 757 2136 enim
775 2102 888 2146 illum,
913 2107 1020 2136 totum
1039 2103 1265 2137 continentem
1289 2103 1457 2146 officium,
1481 2102 1611 2146 princi-

179 2145 272 2190 pium
294 2145 391 2178 simul
409 2146 578 2190 finemque
597 2147 670 2180 eius
691 2147 867 2180 exhibere.
914 2148 970 2180 cui
989 2148 1124 2192 quidem
1148 2150 1192 2182 ad
1208 2149 1309 2182 fidem
1327 2148 1383 2182 vel
1400 2147 1507 2181 solum
1523 2151 1611 2180 tem-

178 2201 242 2234 pus
266 2189 414 2233 sufficit,
440 2200 544 2233 super
561 2191 651 2223 mille
673 2196 847 2224 trecentos
871 2203 977 2224 annos
1001 2193 1153 2226 ordinem
1178 2193 1334 2236 ducenti,
1357 2193 1520 2236 ipsoque,
1532 2203 1612 2244 quo

178 2245 276 2268 sacra
295 2235 405 2267 Roma
422 2234 578 2278 condita,
601 2240 754 2280 tempore
777 2236 813 2269 in
833 2247 905 2269 rem
922 2236 1091 2288 publicam
1111 2238 1326 2272 introducto.
1348 2239 1468 2271 aderat
1484 2235 1613 2288 quippe

179 2279 278 2312 initio
302 2279 463 2322 magistro
487 2279 654 2322 equitum,
683 2280 846 2324 magister
866 2281 1017 2324 equitum
1040 2294 1124 2316 vero
1147 2288 1217 2316 tum
1237 2283 1326 2326 regi.
1373 2293 1478 2334 quare
1495 2281 1567 2314 ab'
1557 2292 1611 2314 ιιι-

179 2324 354 2357 cunabulis
373 2324 425 2356 rei
442 2323 598 2367 publicae
620 2306 794 2359 Romanae
815 2329 914 2358 notus
934 2331 987 2359 est
1008 2327 1274 2370 cornicularius,
1298 2326 1451 2370 quamvis
1473 2324 1558 2358 nihil
1578 2323 1612 2358 ei

179 2375 319 2412 praeter
338 2379 458 2402 nomen
478 2368 633 2402 relictum
651 2369 715 2402 sit.
749 2382 791 2403 ex
813 2381 879 2414 quo
904 2371 992 2404 enim
1014 2371 1248 2414 Domitianus,
1271 2383 1344 2404 cum
1365 2373 1512 2404 Fuscum
1537 2369 1612 2412 (sic

180 2418 293 2446 autem
311 2412 454 2446 Romani
473 2413 586 2446 colore
602 2413 734 2457 nigrum
751 2416 898 2457 vocant)
920 2417 1130 2458 praefectum
1151 2416 1326 2460 praetorio
1350 2415 1444 2448 iuxta
1465 2413 1614 2458 Augusti

180 2457 429 2491 institutionem
453 2463 619 2502 creasset,
646 2458 802 2502 magistri
825 2459 974 2504 equitum
993 2461 1213 2503 electionem,
1244 2461 1320 2504 ipse
1338 2459 1523 2493 exercitum
1547 2459 1612 2492 du—

184 2514 284 2545 cenS,
318 2514 604 2546 supervacaneam
636 2503 803 2547 ostendit,
839 2510 959 2538 cuncta
983 2511 1111 2540 mutata
1131 2486 1220 2539 sunt'.
1268 2505 1360 2548 (23)
1392 2503 1500 2547 igitur
1524 2514 1614 2547 quae

182 2548 484 2599 quomodocunque
505 2548 596 2592 apud
618 2549 813 2591 praefectos
834 2550 1000 2593 praetorii
1023 2552 1231 2594 agebantur,
1261 2549 1352 2583 solus
1370 2547 1613 2583 cornicularius

181 2593 345 2644 regebat,
370 2604 413 2626 ex
435 2592 546 2636 iisque
564 2593 694 2626 reditus
719 2592 756 2626 in
779 2604 874 2627 suum
897 2594 1052 2628 solatium
1074 2595 1228 2636 ferebat3
1251 2595 1343 2638 quod
1365 2604 1438 2627 cum
1457 2604 1478 2627 a
1493 2591 1613 2627 Domi-

183 2636 277 2670 tiano
301 2647 410 2687 usque
429 2638 472 2671 ad
493 2637 726 2671 Theodosium
744 2643 894 2672 nostrum
918 2639 1139 2683 obtinuisset,
1162 2639 1278 2673 Rufini
1298 2637 1482 2682 tyrannide
1504 2641 1613 2671 muta-

184 2685 256 2714 tum
285 2687 349 2716 est.
396 2682 506 2726 legem
534 2681 622 2715 enim
650 2682 729 2715 tulit
759 2683 943 2727 imperator
965 2665 1151 2727 Arcadius,
1182 2684 1400 2727 magistratus
1421 2681 1613 2734 potentiam

185 2730 359 2771 metuens,
394 2733 432 2760 ut
454 2727 628 2780 princeps·
635 2727 866 2780 apparitorum
887 2728 1062 2772 magistri,
1086 2729 1231 2762 maxima
1252 2728 1379 2767 iudicia
1399 2726 1536 2772 obiens,
1558 2724 1611 2758 di-

183 2768 331 2814 ligenter
350 2753 565 2817 ⁷·cu1ioseque
594 2771 663 2806 vim
695 2772 731 2806 in
759 2773 803 2808 iis
834 2773 1041 2818 agendorum
1064 2773 1285 2819 inquireret,
1314 2778 1350 2808 et
1371 2782 1476 2817 quare
1497 2779 1615 2805 cursus
