1748 3210
279 184 372 228 302
796 185 1014 229 IOANNIS
1050 185 1181 229 LYDI

273 294 445 352 χώραις,
475 298 538 338 καὶ
559 295 630 339 οὐκ
650 294 803 351 ἀνδρῶν
823 293 944 348 μόνον
965 295 1065 337 ἀλλὰ
1085 299 1150 338 καὶ
1170 300 1247 340 τῶν
1267 297 1307 341 ἓν
1326 303 1407 350 τοῖς
1423 297 1554 350 ἄλλοις
1573 297 1684 360 ζῴοις

277 364 501 420 ἄρσενικῶν,
531 364 590 404 ὅτι
609 362 726 417 ἄρρεν
744 361 881 418 ζῴδιον
898 361 919 404 ὅ
935 362 1139 418 ὑδροχόος.

402 429 450 470 Ὁ
482 428 628 481 ἣλιος
662 427 845 481 ἰχθύσι
872 431 965 483 μηνὶ
985 431 1174 487 Μαρτίῳ.
1237 428 1349 483 ἡλίου
1376 431 1511 484 ῗχθῦσι
1527 433 1683 488 γενομέ-

274 512 342 537 νου
363 496 397 535 εἷ
418 495 535 547 τυχὸν
561 496 601 535 ἓν
628 493 755 552 ἡμέρᾳ
777 497 924 551 βροντὴ
946 496 1122 551 γένηται,
1162 493 1182 537 ὅ
1202 494 1351 549 ἄμητος
1367 495 1474 540 ἕσται
1491 498 1683 554 γεννημά-

274 577 353 602 των
372 559 680 615 ἀφθονώτατος,
721 564 761 602 οἵ
787 579 828 604 τε
859 561 972 618 ὑγροὶ
998 565 1140 619 καρποὶ
1165 562 1237 615 οὐχ
1255 562 1396 616 ἥκιστα
1416 565 1715 609 ἔπιδῶσουσιν.5

275 628 340 667 ἐπί
368 643 409 668 τε
445 632 515 681 τῆς
540 629 642 669 καθ’
673 626 779 682 ἡμᾶς
807 631 970 678 Λυδίας
997 632 1179 678 Κιλικίας
1207 631 1458 684 Παμφυλίας
1487 633 1685 683 Φαζανίας

274 696 603 746 Νασαμωνίτιδος
630 697 695 736 καὶ
715 697 754 735 Γ
751 700 1020 750 αραμαντικῆς
1046 698 1140 749 (καὶ
1162 696 1238 751 γὰρ
1263 694 1340 738 ὕπὸ
1365 704 1446 747 τοῖς
1469 697 1626 750 ἶχθῦσιν
1644 698 1686 739 αἱ

271 761 421 815 χῶραι)
444 761 494 802 τὰ
516 761 644 815 θήλεα
664 766 742 803 τῶν
768 762 875 818 ζῴων
896 763 972 803 ἀπὸ
992 767 1156 818 λογικῶν
1173 763 1245 812 ἕως
1266 761 1418 818 ἀλόγων
1443 763 1687 821 σκυθρωπά·-

275 842 348 878 σει,
378 827 436 869 ὅτι
457 832 563 882 θῆλυ
585 827 722 884 ζῴδιον
741 830 778 870 οἳ
798 828 948 882 ἰχθύες.

410 893 486 938 24.
547 894 595 935 Ὁ
619 895 677 946 ’ἥλ
690 912 734 934 ιο
747 911 766 942 ς
790 900 912 951 κριῷ
935 896 1030 947 μηνὶ
1048 895 1247 952 Ἀπριλίῳ.
1279 894 1392 949 ἡλίου
1413 896 1475 938 ἐπὶ
1493 895 1562 938 τὸν
1579 895 1689 953 κριὸν
1700 902 1743 938 10

275 958 451 1009 ἀνιόντος
472 963 504 1002 εἴ
523 961 693 1015 βροντὴν
712 961 894 1014 γενέσθαι
917 963 1091 1014 συμβαίη
1115 962 1216 1003 ἀλλὰ
1237 963 1292 1015 μὴ
1306 963 1457 1018 βροχὴν
1473 963 1689 1004 ἐπακολου-

274 1031 426 1081 θῆσαι,
472 1029 534 1067 ἐπὶ
564 1029 825 1082 Βρεταννίας,
870 1029 1094 1078 Γαλατίας,
1142 1030 1390 1084 Γερμανίας,
1431 1032 1690 1085 Βασταρνῶν,

275 1095 425 1147 Συρίας
448 1095 600 1145 κοίλης,
638 1093 856 1142 Ἰουδαίας,
900 1095 1124 1143 Ἰδουμαίας
1155 1098 1302 1141 πτῶσις
1332 1095 1556 1148 ἀνθρώπων
1581 1096 1690 1138 ἔσται
1717 1140 1720 1143 ,

274 1158 452 1214 θόρυβοί
473 1176 513 1200 τε
543 1159 643 1199 κατὰ
667 1157 798 1206 πόλεις
828 1160 894 1198 καὶ
927 1160 1082 1211 πνιγμοὶ
1112 1160 1177 1198 καὶ
1203 1159 1347 1211 αὐχμοὶ
1367 1161 1432 1200 καὶ
1453 1164 1532 1201 τῶν
1554 1166 1689 1215 φυτῶν

277 1226 451 1280 ἀκαρπία
458 1256 472 1276 ,
517 1227 582 1266 καὶ
602 1223 868 1280 διαφερόντως
887 1229 965 1267 τῶν
982 1224 1215 1280 ἀρρενωπῶν
1225 1255 1239 1275 ,
1285 1223 1345 1266 ὅτι
1370 1225 1488 1282 ἄρρεν
1508 1225 1646 1284 ζῴδιον
1667 1225 1743 1269 ὁ15

274 1290 396 1348 κριός.

403 1356 451 1399 ‘0
483 1356 633 1411 ἣλιος
655 1355 824 1414 ταύρῳ
856 1358 948 1411 μηνὶ
970 1358 1112 1413 Μαΐῳ.
1178 1356 1279 1398 κατὰ
1311 1360 1427 1399 τοῦτο
1457 1361 1528 1400 τοῦ
1551 1362 1692 1414 καιροῦ

276 1425 310 1466 εἲ
330 1425 500 1480 βροντὴν
525 1424 780 1480 ἔπιτροχάσαι
805 1425 1002 1478 συμβαίη,
1037 1423 1185 1465 ἔνδειαν
1211 1428 1289 1465 τῶν
1318 1425 1542 1478 ἐπιτηδείων
1566 1442 1693 1481 προσ-

278 1493 483 1545 δοκητέον,
532 1492 605 1545 οὐχ
641 1492 782 1545 ἥκιστα
813 1492 855 1532 δὲ
887 1491 937 1532 τὰ
971 1489 1172 1546 ἀκρόδρυα
1204 1489 1474 1539 ἀποτεύξεται·
1520 1493 1586 1533 καὶ
1615 1491 1692 1546 γὰρ

279 1556 414 1599 ἁπαλὰ
434 1560 498 1599 καὶ
518 1557 572 1607 ὡς
589 1559 688 1615 πρὸς
706 1559 797 1607 τοὺς
819 1558 962 1607 ἄλλους
983 1557 1157 1612 καρποὺς
1174 1555 1454 1610 μαλακώτατα.
1520 1558 1633 1599 οὐδὲν
1650 1558 1747 1603 δέξο

276 1619 393 1678 ἦττον
425 1627 489 1666 καὶ
517 1624 646 1674 πόλεις
674 1626 716 1665 αἱ
744 1625 842 1680 πρὸς
869 1629 919 1679 τῇ
941 1623 1122 1678 θαλάττῃ
1143 1625 1340 1676 πολεμίοις
1359 1622 1692 1679 παραστήσονται,

278 1691 344 1731 ἐπί
369 1706 408 1731 τε
438 1694 515 1730 τῶν
537 1690 758 1730 Κυκλάδων
783 1693 846 1731 καὶ
876 1695 954 1731 τῶν
986 1691 1188 1745 παραλίων
1208 1695 1278 1743 τῆς
1299 1695 1442 1746 μικρᾶς
1456 1691 1590 1739 Ἀσίας
1610 1691 1695 1740 (καὶ

276 1757 354 1813 γὰρ
378 1756 612 1812 Ἀφροδίτης
638 1755 664 1810 ἡ
692 1754 930 1808 θάλαττα),
971 1756 1139 1812 Κύπρου
1159 1758 1325 1810 Μηδίας
1342 1773 1382 1798 τε
1409 1758 1476 1798 καὶ
1495 1758 1696 1812 Περσίδος

367 1893 389 1927 8
411 1890 457 1928 τὰ
480 1892 581 1937 vulgo
601 1904 668 1927 om.
742 1879 743 1882 Ἴ
802 1888 1052 1936 σκυθρωπάζει
1071 1890 1114 1925 C.
1250 1894 1292 1926 19
1314 1889 1533 1933 ἔπιτεύξετοιι
1552 1892 1598 1926 R.

281 2013 428 2047 centium
445 2013 481 2047 in
502 2013 700 2057 regionibus
723 2013 821 2047 modo
844 2013 958 2047 dictis.
1004 2023 1114 2056 neque
1137 2012 1304 2046 hominum
1325 2013 1449 2057 solum,
1482 2013 1544 2047 sed
1563 2023 1696 2047 mascu-

278 2058 387 2091 lorum
410 2070 544 2102 quoque
567 2059 656 2092 inter
679 2059 762 2091 alias
786 2058 994 2091 animantes:
1019 2058 1145 2102 quippe
1169 2058 1348 2091 masculum
1371 2058 1502 2101 signum
1523 2058 1697 2102 aquarius.

371 2103 431 2135 Sol
454 2103 603 2146 piscibus
627 2115 741 2136 mense
764 2104 903 2136 Martio.
950 2102 1021 2135 sole
1044 2103 1155 2146 pisces
1182 2103 1356 2146 ingresso,
1386 2104 1416 2136 si
1438 2104 1528 2136 forte
1548 2103 1700 2136 interdiu

281 2150 401 2188 tonet,
432 2147 550 2180 messis
577 2148 644 2180 erit
659 2148 814 2190 frugibus
833 2147 1140 2190 abundantissima,
1171 2159 1235 2180 nec
1258 2147 1410 2180 minimus
1433 2149 1610 2181 baccarum
1633 2158 1697 2190 po-

235 2191 244 2196 “
278 2201 475 2233 morumque
498 2191 599 2224 setus.
635 2194 695 2225 sed
721 2204 783 2236 per
806 2199 954 2225 nostram
977 2192 1132 2234 Lydiam,
1157 2192 1320 2235 Ciliciam,
1343 2191 1586 2236 Pamphyliam,
1605 2192 1697 2225 Pha-

280 2235 432 2278 zaniam,
466 2236 777 2280 Nasamonitidem,
815 2237 1087 2270 Garamanticam
1111 2238 1201 2279 (nam
1226 2239 1287 2270 sub
1310 2236 1460 2281 piscibus
1482 2242 1611 2270 tractus
1633 2235 1699 2279 illi)

280 2280 428 2313 feminae
450 2280 665 2313 animantium
680 2307 688 2323 ‚
723 2283 766 2314 ab
786 2281 828 2314 iis
847 2292 934 2324 quae
954 2281 1086 2314 ratione
1110 2287 1248 2314 utuntur
1272 2292 1378 2325 usque
1403 2282 1447 2315 ad
1466 2282 1584 2324 bruta,
1616 2291 1700 2313 cou-

281 2325 522 2358 tristabuntur:
549 2337 623 2358 nam
641 2326 772 2368 signum
795 2327 975 2359 femineum
994 2331 1072 2359 sunt
1094 2326 1220 2370 pisces.

370 2370 428 2403 24.
475 2369 534 2402 Sol
557 2370 665 2403 ariete
689 2382 804 2402 mense
826 2370 949 2414 Aprili.
995 2370 1067 2404 sole
1101 2371 1144 2404 ad
1176 2371 1315 2404 arietem
1337 2381 1375 2403 se
1397 2368 1537 2402 tollente
1557 2368 1588 2402 si
1606 2369 1699 2401 forte

279 2417 399 2456 tonet,
432 2413 482 2447 ita
506 2420 619 2448 tamen
643 2420 679 2447 ut
701 2414 816 2458 pluvia
840 2426 906 2448 non
929 2416 1174 2458 subsequatur,
1207 2426 1268 2459 per
1284 2413 1514 2454 Britanniam,
1542 2412 1699 2455 Galliam,

282 2458 510 2502 Germaniam,
534 2470 597 2503 per
619 2459 825 2501 Bastarnas,
853 2459 1102 2502 coelesyriam,
1126 2460 1305 2500 Iudaeam,
1329 2459 1543 2500 Idumaeam,
1566 2462 1700 2500 strages

281 2502 450 2536 hominum
470 2503 547 2547 erit,
570 2503 728 2537 tumultus
749 2515 812 2547 per
834 2504 1003 2546 civitates,
1027 2510 1152 2546 aestus,
1176 2503 1359 2545 siccitates,
1378 2503 1511 2546 frugum
1528 2502 1700 2543 interitus,

281 2548 483 2592 praesertim
505 2549 540 2582 in
563 2548 687 2592 plantis
709 2548 839 2591 speciei
863 2548 993 2581 virilis:
1017 2560 1093 2581 nam
1114 2548 1246 2591 signum
1267 2547 1445 2580 masculum
1464 2547 1566 2581 aries.

373 2591 432 2624 Sol
463 2598 559 2626 tauro
588 2604 701 2626 mense
725 2592 830 2626 Maio.
878 2595 940 2626 sub
972 2593 1007 2626 id
1037 2598 1169 2636 tempus
1200 2592 1231 2625 si
1259 2592 1425 2635 contingit
1452 2596 1490 2624 ut
1514 2590 1698 2624 tonitruum

281 2635 363 2677 fiat,
387 2636 505 2680 inopia
526 2637 636 2670 victus
659 2637 887 2681 exspectanda
901 2663 909 2678 ,
942 2648 1005 2669 nec
1027 2637 1194 2671 minimam
1215 2636 1439 2671 calamitatem
1459 2637 1586 2670 baccae
1608 2634 1698 2668 acci-

282 2680 396 2723 pient:
420 2687 558 2714 tenerae
581 2682 669 2715 enim
687 2686 764 2715 sunt
788 2687 824 2714 et
845 2692 919 2714 cum
939 2681 1016 2714 aliis
1042 2681 1195 2724 frugibus
1218 2681 1361 2715 collatae
1378 2679 1604 2714 mollissimae.
1637 2689 1698 2711 ne·-

283 2734 351 2767 que
378 2725 485 2759 minus
519 2726 676 2760 civitates
710 2726 897 2759 maritimae
927 2727 968 2759 ab
997 2726 1152 2759 hostibus
1183 2726 1404 2769 subigantur,
1442 2735 1505 2770 per
1534 2722 1702 2767 Cyclades

284 2779 430 2813 orasque
450 2770 553 2807 Asiae
575 2770 714 2804 minoris
737 2770 882 2815 (quippe
903 2781 996 2805 maro
1014 2770 1143 2805 Veneri
1164 2770 1336 2816 proprium
1351 2771 1437 2813 est),
1457 2779 1522 2815 per
1537 2769 1702 2813 Cyprum,
