1748 3210
352 209 426 252 DE
460 205 905 251 MAGISTRATIBUS
937 204 984 249 P.
1017 203 1072 248 R.
1106 202 1210 247 Lm.
1243 185 1296 249 u.
1454 204 1550 251 169

98 323 301 384 ἐμφυλίων
330 320 510 368 στάσεων
537 319 804 381 ἄναιρετικόν·
839 319 932 363 οὐδὲ
960 320 1037 378 γὰρ
1070 319 1163 375 μετ’
1197 317 1321 363 αὐτὸν
1356 316 1551 376 ἐμφύλιος

97 393 266 451 ἆνῆφθη
288 390 472 446 πόλεμος.

128 486 130 488 v
231 458 278 507 4.
341 461 510 517 Ἐχρῆτο
533 459 576 501 δὲ
597 461 720 515 στολῇ
739 456 803 499 ἐπ’
827 454 984 514 εῗρήνης
996 487 1010 508 ,
1045 453 1112 499 οἶα
1132 455 1320 514 ποντίφεξ
1349 454 1456 512 (ἀντὶ
1478 459 1552 498 τοῦ

97 528 304 587 ἅρχιερεῦς
321 531 590 586 γεφυραΐος),
623 530 836 585 πορφυρᾷ,
871 524 1060 584 ποδήρει,
1096 526 1295 582 ἶερατικῇ,
1325 529 1468 583 χρυσῷ
1485 528 1551 566 λε-

62 598 349 654 ᾶλογχωμένῃ,
383 595 667 654 ἀμφιβλήματι
687 595 731 637 δὲ
751 592 899 648 ὁμοίως
918 598 1130 651 πορφυρῷ,
1158 596 1213 644 εἰς
1225 598 1404 650 χρυσοῦς
1426 592 1552 635 αὕλα-

95 683 172 722 κας
187 670 441 710 τελευτῶντι·
469 664 543 720 τήν
565 681 606 706 τε
625 662 804 720 κεφαλὴν
822 662 958 705 ἴσκεπε
982 662 1038 704 δι’
1064 662 1115 712 ἃς
1133 663 1174 704 ἓν
1194 667 1244 720 τῇ
1264 663 1463 719 γραφείσῃ
1482 678 1553 716 μοι

95 736 187 792 περὶ
210 739 348 790 μηνῶν
380 734 630 791 πραγματείᾳ
663 731 900 774 ἀποδέδωκα
921 732 1075 780 αῗτίας·
1121 732 1183 774 ἐπὶ
1208 732 1250 773 δὲ
1271 735 1350 773 τῶν
1371 731 1555 784 πολέμων

94 803 436 858 παλουὸαμέντοις
456 802 519 858 (αἱ
543 801 588 844 δέ
607 802 681 843 εἶσι
700 802 886 849 δι’πλακες
902 799 980 841 ἀπὸ
1001 797 1170 851 κόκκου,
1211 801 1408 857 πρωτειάς
1430 796 1556 854 μετοί-

96 874 170 926 ξης
200 875 403 926 κλωστῆς,
453 873 589 927 χρυσῇ
627 867 773 925 περόνῃ
808 866 1086 925 λιθοκολλήτῳ
1119 866 1440 925 ἅναρπαζόμεναι
1472 873 1557 918 τοῖς

41 951 88 987 10
98 939 244 994 ὤμοις·
290 938 406 995 ἡμεῖς
426 940 500 993 μὲν
519 939 720 996 φίβουλαν
741 935 795 986 ὥς
808 937 952 979 Ἰταλοὶ
971 940 1195 990 καλοῦμεν,
1229 935 1490 994 κορνοκόπιον
1511 937 1556 978 δὲ

94 1010 181 1068 ἶδίᾳ
200 1025 287 1058 πως
303 1009 346 1050 ἐν
365 1014 449 1057 τοῖς
464 1007 682 1061 βασιλείοις
703 1005 758 1048 ἔτι
781 1006 848 1047 καὶ
873 1009 944 1046 νῦν
963 1006 1178 1061 λέγουσιν),
1214 1005 1255 1047 ἓν
1280 1006 1322 1047 δὲ
1345 1012 1433 1055 ταῖς
1454 1005 1555 1047 εὕω-

88 1078 200 1132 χίαις
219 1080 379 1130 λιμβοῖς
395 1077 624 1132 (πορφυροῖ
642 1075 687 1116 δέ
705 1076 779 1116 εἶσι
801 1075 1012 1130 τρίβωνες,
1049 1072 1260 1130 ποδήρεις,
1296 1075 1562 1130 μαιανδριάις,

91 1150 319 1202 γραμμαῖς,
353 1145 414 1186 ἐπὶ
435 1147 516 1185 τῶν
540 1143 661 1197 ὤμων
677 1149 846 1199 χρυσοῖς
865 1143 1202 1196 τουβαλαμὲντοις
1224 1142 1340 1184 οἱονεὶ
1364 1146 1555 1197 σωληνω-

90 1219 176 1263 τοῖς
191 1210 408 1270 ῧφάσμασι
431 1210 750 1266 διαλάμποντες)
770 1213 836 1252 καὶ
857 1210 1120 1266 παραγώδαις
1143 1209 1434 1267 αὗριγάμμοις,
1466 1211 1555 1252 ἀντὶ

38 1285 166 1332 15τοῧ
182 1285 326 1334 χιτῶσι
342 1287 511 1337 χρυσοῖς
528 1281 821 1335 γαμματίσκοις
839 1279 1226 1334 ἄναλελογχωμείυις
1236 1311 1248 1330 ,
1279 1279 1357 1320 ἀπὸ
1376 1284 1447 1333 τῆς
1466 1280 1557 1334 περὶ

91 1348 189 1399 τοὺς
222 1347 352 1398 πόδας
382 1347 466 1398 ὤας
498 1350 564 1389 καὶ
595 1352 778 1402 τελευτῆς
808 1351 882 1389 τοῦ
913 1346 1146 1401 ἒσθήματος
1177 1350 1218 1398 ἐξ
1250 1346 1448 1404 ἑκατέρων
1475 1352 1556 1389 τῶν

92 1418 272 1472 πλαγίων
299 1419 355 1466 εἷς
380 1415 523 1472 γάμμα
550 1422 743 1470 στοιχεῖον
773 1418 1100 1472 δίαζωγραφοῦσι
1121 1421 1265 1473 χρυσῷ
1288 1416 1357 1457 τὸν
1376 1420 1557 1470 χιτῶνα·

94 1485 135 1526 ἔν
154 1486 198 1527 δὲ
218 1490 268 1542 τῇ
288 1488 418 1541 βουλῇ
433 1483 614 1538 χλαμύσι
636 1491 866 1541 πορφυραῖς
885 1485 959 1537 μὲν
979 1485 1092 1537 (πῶς
1110 1484 1187 1541 γὰρ
1209 1485 1352 1538 οὗχίς)
1389 1484 1489 1540 πρὸς
1513 1485 1556 1526 δὲ

90 1552 139 1595 τὸ
159 1553 284 1609 πέρας
300 1558 372 1607 τῆς
391 1551 594 1609 ποδήρους
615 1552 699 1602 ὤας
717 1559 923 1608 γραμμαῖς
941 1551 1204 1608 τετραγώνοις
1214 1584 1227 1603 ,
1257 1551 1395 1594 διόλου
1413 1556 1556 1609 χρυσῷ

35 1622 386 1675 ξοκοσμουμέναις
418 1621 648 1676 (σηγμέντα
677 1620 803 1670 αὐτὰς
827 1621 863 1661 οἳ
891 1625 963 1674 τῆς
991 1621 1116 1675 αὐλῆς
1147 1625 1337 1663 καλοῦσιν
1366 1621 1452 1662 ἀντὶ
1483 1624 1556 1662 τοῦ

87 1688 347 1746 χρυσόσημα,
381 1690 426 1732 τὸ
443 1690 485 1731 δὲ
506 1693 665 1743 πλῆθος
687 1691 750 1731 ἐπὶ
771 1693 850 1731 τῶν
872 1690 1082 1731 ι’δίωτικῶν
1094 1687 1319 1743 χλαμύδων
1343 1689 1556 1743 σημέντα),

89 1756 405 1815 βραττεολάταις
423 1759 490 1799 καὶ
511 1755 734 1813 γεμμάταις
752 1759 818 1799 καὶ
837 1756 1141 1813 λαγκιολάταις,
1187 1757 1275 1799 ἀντὶ
1304 1762 1375 1799 τοῦ
1400 1774 1555 1814 χρυσο-

182 1867 206 1900 6
229 1867 272 1900 de
294 1866 409 1900 Mens.
433 1879 470 1912 p.
497 1867 514 1900 1
542 1867 598 1900 19.
716 1867 738 1900 9
762 1861 1039 1908 οἱναποιζόμεναι
1063 1865 1106 1899 C.
1201 1866 1243 1900 13
1266 1870 1347 1910 post
1370 1863 1431 1899 ἐπὶ
1454 1865 1538 1899 vide
1558 1873 1560 1876 ’

183 1917 242 1945 tur
265 1913 435 1946 excidisse
460 1910 510 1946 δέ.
559 1913 604 1946 F.
790 1912 833 1946 15
851 1910 1158 1955 ’γαμματισκίοιςῗ
1191 1924 1235 1945 an
1263 1910 1559 1966 γαμμοιΙτισμοῖςί)

180 1958 228 1992 2⁰
251 1955 369 1997 αὐτὰς
392 1956 451 2000 οἱ]
475 1955 600 2001 αὐτὰρ
625 1957 668 1992 C.
806 1957 854 1991 22
876 1957 1162 2002 βραττεολοὶτοις
1189 1955 1251 1991 καὶ
1274 1969 1471 2002 γεμματοις
1493 1955 1557 1991 καὶ
1619 1982 1623 1987 .

182 2001 414 2043 λακιολάτοις
435 2003 479 2037 G.

92 2105 161 2128 non
179 2094 309 2137 fuisse,
346 2093 406 2139 qui
425 2099 461 2127 et
479 2098 674 2127 mansuetus
694 2093 822 2128 fuisset
846 2097 883 2127 et
907 2093 1115 2128 domesticas
1139 2094 1310 2129 factiones
1335 2094 1536 2128 sustulisset
1549 2115 1559 2128 .

93 2151 207 2185 neque
230 2140 321 2174 euim
344 2145 426 2185 post
445 2139 539 2173 illum
562 2139 687 2173 bellum
711 2139 815 2173 civile
842 2141 1028 2174 conflatum
1052 2146 1118 2174 est.

183 2189 220 2220 4.
269 2186 376 2219 Veste
401 2191 515 2219 autem
538 2186 720 2229 utebatur,
753 2198 859 2230 pace,
891 2192 1013 2230 utpote
1031 2186 1190 2230 pontifex
1219 2186 1272 2230 (id
1292 2191 1347 2221 est
1369 2182 1558 2229 ἀρχιερεὺς

92 2233 323 2274 remeatus),
347 2242 535 2275 purpurea,
557 2230 672 2273 talari,
695 2231 914 2275 sacerdotali,
937 2244 1021 2266 auro
1046 2232 1248 2275 lanciolata‚
1275 2238 1311 2267 et
1331 2231 1435 2277 pallio
1459 2230 1558 2276 pari-

92 2281 150 2309 ter
166 2287 354 2321 purpureo,
378 2277 416 2310 in
437 2287 560 2310 aureos
581 2276 694 2310 sulcos
713 2278 918 2318 desinente3
947 2284 1119 2323 caputque
1138 2279 1339 2323 operiebat,
1366 2279 1409 2311 ob
1435 2287 1558 2310 causas

93 2332 180 2366 quas
212 2322 250 2356 in
278 2321 369 2356 libro
402 2334 478 2356 meo
511 2323 555 2356 de
586 2323 759 2357 mensibus
790 2324 1000 2366 memoravi3
1038 2324 1129 2358 bello
1161 2332 1274 2358 autem
1306 2322 1558 2369 paludamentis

94 2370 200 2412 (quae
218 2373 300 2402 sunt
317 2367 472 2412 duplices
494 2367 629 2411 laeuae,
654 2380 674 2401 e
697 2381 812 2413 cocco,
837 2375 929 2404 torta
947 2376 1085 2403 metaxa
1106 2370 1428 2414 praestantissima,
1452 2367 1560 2402 fibula

93 2423 219 2456 aurea,
253 2420 446 2458 gemmata,
479 2413 516 2447 in
538 2414 688 2448 humeris
717 2416 914 2458 coercitae3
948 2427 1050 2460 quam
1071 2416 1209 2450 fibulam
1234 2428 1317 2459 nos,
1354 2415 1445 2448 sicut
1466 2413 1560 2457 Itali,

91 2469 274 2503 vocamus,
309 2460 552 2504 cornucopium
575 2472 659 2494 vero
683 2461 852 2505 peculiari
877 2463 1025 2506 quodam
1052 2462 1190 2495 nomine
1214 2462 1250 2495 in
1274 2461 1352 2495 aula
1376 2460 1562 2494 etiamnum

91 2506 284 2548 vocatum:
315 2505 352 2539 in
374 2506 546 2540 conviviis
567 2506 681 2540 limbis
716 2508 822 2549 (sunt
843 2514 955 2542 autem
979 2507 1139 2541 lacernae
1163 2519 1379 2553 purpureae,
1419 2505 1560 2549 talares,

91 2551 288 2585 maeandris
312 2558 477 2595 ornatae,
501 2553 594 2586 circa
618 2553 778 2587 humeros
800 2554 917 2588 aureis
940 2553 1204 2597 tubulamentis,
1227 2554 1264 2587 id
1284 2559 1338 2586 est
1356 2552 1480 2597 pannis
1502 2563 1562 2586 ca-

92 2595 298 2639 naliculatis‚
323 2597 512 2642 fulgentes)
535 2606 571 2632 et
592 2601 792 2643 paragaude
811 2599 1032 2642 aurigamma,
1057 2599 1094 2634 id
1113 2606 1168 2633 est
1185 2600 1304 2633 tunica
1326 2598 1442 2632 aureis
1463 2610 1560 2642 gam-

91 2641 157 2675 mis
181 2641 386 2686 lanciolata,
408 2655 429 2676 a
449 2644 554 2678 limbo
574 2645 668 2678 circa
689 2646 796 2688 pedes
820 2646 959 2689 imoque
982 2646 1111 2688 vestis,
1137 2647 1180 2679 ab
1205 2651 1352 2689 utroque
1371 2644 1498 2687 latere,
1524 2643 1561 2678 in

90 2687 236 2720 sormam
253 2687 375 2722 literae
393 2701 526 2733 gamma
547 2691 699 2724 tunicam
721 2703 805 2725 auro
830 2691 1145 2735 distinguentibu53
1169 2693 1204 2725 in
1223 2697 1348 2725 senatu
1367 2690 1560 2734 chlamyde,

91 2744 269 2777 purpurea
294 2734 432 2778 (quidni
455 2735 544 2770 enim
554 2737 591 2779 ⁴3)
605 2763 615 2780 ,
639 2736 676 2770 in
698 2736 766 2771 imo
791 2744 905 2772 autem
928 2738 972 2771 ad
994 2738 1102 2782 pedes
1125 2737 1334 2782 pertinentis
1352 2736 1449 2770 limbi
1468 2738 1560 2781 figu-

92 2778 142 2811 ris
165 2779 500 2824 quadrangularibus
525 2783 721 2827 (segmenta
740 2796 800 2818 eas
820 2783 945 2826 aulici,
982 2783 1017 2817 id
1038 2790 1094 2818 est
1111 2783 1228 2817 clavos
1250 2795 1396 2826 aureos,
1420 2788 1559 2826 vocant,

91 2823 219 2867 vulgus
242 2831 356 2859 autem
374 2825 411 2860 in
431 2827 646 2872 privatorum
669 2829 908 2872 chlamydibus
931 2831 1115 2870 sementa),
1139 2835 1215 2864 tota
1238 2841 1323 2863 vero
1348 2840 1432 2863 auro
1456 2841 1558 2862 ornau

93 2876 142 2914 ta,
167 2871 394 2918 bracteolata,
417 2879 601 2920 gemmata,
624 2874 829 2921 lanceolata,
852 2875 890 2911 id
913 2881 970 2911 est
986 2876 1101 2911 aureis
1120 2875 1227 2921 foliis,
1249 2874 1404 2921 gemmis,
1428 2875 1559 2911 lancio-
