1748 3210
224 205 286 253 24
735 205 953 251 IOANNIS
986 205 1118 248 LYDI

221 314 339 365 ἄλλος
363 316 479 373 φησίν
501 315 550 359 “5
575 312 618 368 ’ἐξ
642 316 816 374 ἀριθμὸς
841 315 1100 371 ψυχογονικός
1124 317 1225 358 ἔστιν
1243 315 1320 358 ἀπὸ
1339 315 1476 367 ἑξάδος
1495 318 1627 360 ε’πιπε-

222 382 407 437 δυόμενος
435 388 483 439 τῇ
505 389 574 427 τοῦ
596 385 740 433 παντὸς
761 384 926 439 σφαίρᾳ,
960 384 1090 425 καὶτὰ
1110 384 1261 425 ἐναντία
1282 384 1326 424 δὲ
1343 384 1626 440 κατακεράννυ-

220 465 304 499 σιν,
340 452 393 499 εἷς
426 448 607 503 ὁμόνοιαν
637 452 701 492 καὶ
721 451 854 506 φιλίαν
872 448 968 503 ἄγει,
1002 450 1132 492 ἔπειτα
1157 450 1200 491 δὲ
1219 447 1349 503 ὑγείαν
1367 451 1438 503 μὲν
1457 452 1627 504 ἐμποιῶν

220 522 300 564 τοῖς
330 515 484 568 σώμασι
491 547 504 566 ,
538 517 766 572 συμφωνίαν
793 516 836 558 δὲ
864 517 903 557 ἓν
928 516 1029 575 λύρα
1056 517 1120 558 καὶ
1146 520 1314 570 μουσικῇ
1344 517 1409 557 καὶ
1429 517 1570 572 ἀρετὴν
1588 519 1628 558 ἐν

220 586 331 635 ψυχῇ
359 583 423 622 καὶ
455 583 495 623 ἓν
521 581 630 623 πόλει
665 582 850 636 εὐθηνίαν
880 581 919 623 ἴν
946 600 988 625 τε
1015 587 1069 642 τῷ
1089 583 1202 625 παντὶ
1220 580 1417 638 πρόνοιαν.
1451 582 1546 624 ὅθεν
1564 584 1653 625 καὶὸ

215 646 386 701 Ὀρφεὺς
405 650 490 703 περὶ
510 646 647 697 ἑξάδος
665 648 788 692 ταῦτά
810 661 930 705 φησι·
973 688 975 690 .

278 711 431 756 “na-9⁴
450 713 579 767 κύὸιιί
606 715 766 770 ἄριθμὲ,
800 714 922 770 πάτερ
941 712 1142 769 μακάρων,
1175 711 1298 770 πάτερ
1317 712 1529 770 ἅνδρῶν.”]

356 779 429 823 11.
493 780 564 833 τὴν
603 779 775 834 ἑβδόμην
813 779 962 837 ἡμέραν
991 780 1203 835 Αἰγύπτιοι
1235 781 1307 833 μὲν
1337 782 1402 823 καὶ
1429 783 1624 839 Χαλδαᾶιι.

220 850 499 901 προσφωνοῦσι
518 848 714 899 Φαίνοντι,
733 847 834 889 οὕτω
849 848 931 890 κατ’
951 848 1094 896 αὐτοὺς
1109 847 1479 903 προσαγορευομένῳ
1497 841 1626 903 ἀστίρι

218 915 273 965 τῷ
305 910 459 954 πάντων
488 912 696 969 ἀνωτάτω,
728 912 896 968 ψύχοντι
926 913 1056 970 ἄκρως
1080 915 1146 955 καὶ
1174 917 1374 969 προσεχῶς
1401 915 1623 969 ’ξηραίνοντα
1636 921 1679 956 10

92 991 127 1026 p.
151 982 198 1019 26
220 976 375 1032 Κρόνον
402 979 445 1020 δὲ
472 979 589 1021 αὐτὸν
610 980 793 1034 Ἓλλησιν
824 981 919 1029 ἴθος
946 985 1075 1022 καλεῖν
1102 980 1202 1021 κατὰ
1231 980 1302 1032 μὲν
1330 982 1538 1034 θεολογίαν
1563 978 1627 1022 οἶα

219 1045 385 1099 ὸίακορῆ
404 1037 508 1103 «ῂιῦν,
541 1046 639 1088 κατὰ
662 1048 705 1088 δὲ
726 1048 977 1101 ἕτυμολογίαν
999 1047 1112 1088 οἱονεὶ
1134 1044 1263 1101 πλήρη
1290 1047 1355 1087 καὶ
1373 1047 1517 1099 μεστὸν
1536 1049 1627 1089 ε’τῶν

219 1108 303 1150 ἀντὶ
331 1115 402 1152 τοῦ
437 1113 680 1167 μακραίωνα.
729 1115 768 1154 οῗ
791 1130 832 1167 γε
865 1114 945 1167 μὴν
980 1112 1255 1168 Πυθαγόρειοι
1283 1116 1341 1168 τῷ
1373 1110 1533 1166 ἡγεμόνι
1560 1117 1627 1155 τοῦ

217 1177 362 1225 παντὸς
390 1177 460 1230 τὴν
486 1176 660 1232 ἑβδόμην
687 1178 935 1222 ἀνατίθενται
942 1210 956 1230 ,
991 1180 1168 1222 τουτέστι
1192 1182 1248 1237 τῷ
1277 1177 1353 1220 ἑνί·
1386 1181 1451 1221 καὶ
1477 1179 1630 1237 μάρτυς

213 1240 384 1298 Ὀρφεὺς
400 1244 520 1296 λέγων
539 1244 682 1294 οὕτως·
1642 1249 1684 1285 15

430 1308 595 1363 ἑβδόμη,
627 1311 677 1363 ἣν
698 1311 878 1366 ἐφίλησεν
894 1309 991 1361 ἄναξ
1010 1308 1192 1366 ἑκάεργος
1201 1307 1413 1352 Ἀπόλλων.

211 1371 436 1416 ,Ἀπόλλωνα
465 1376 509 1417 δὲ
545 1381 743 1429 μυστικῶς
773 1378 841 1418 τὸν
870 1379 937 1419 ἕνα
967 1377 1154 1431 λέγεσθαι
1181 1375 1466 1433 προειρήκαμεν
1492 1375 1560 1418 διὰ
1586 1375 1640 1418 τὸ.

218 1439 382 1481 ἄπωθεν
410 1439 503 1482 εἶναι
533 1447 611 1484 τῶν
634 1447 809 1493 πολλῶν,
843 1444 1017 1485 τουτέστι
1042 1442 1175 1496 μόνον.
1209 1444 1344 1499 ὀρθῶς
1367 1439 1435 1485 οὖν
1454 1442 1635 1500 ἄμήτορα

217 1506 285 1547 τὸν
306 1505 402 1548 ἑπτὰ
421 1507 595 1563 ἀριθμὸν
613 1506 633 1549 ὃ
658 1509 855 1558 Φιλόλαος
870 1509 1179 1566 προσηγόρευσε·
1205 1509 1326 1563 μόνος
1343 1511 1419 1566 γὰρ
1445 1509 1532 1551 οὔτε
1548 1525 1634 1563 γεν-

217 1577 288 1614 νᾶν
308 1572 395 1614 οὔτε
415 1579 629 1627 γεννᾶσθαι
649 1576 809 1631 πέφυκε.
842 1576 887 1618 τὸ
918 1577 962 1617 δὲ
986 1576 1085 1630 μήτε
1107 1580 1247 1630 γεννῶν
1274 1574 1374 1629 μήτε
1399 1575 1684 1630 γεννῶμενονΞΟ

218 1638 418 1692 ἀκίνητον·
453 1641 492 1682 ἓν
511 1640 656 1696 κινήσει
673 1642 749 1699 γὰρ
772 1640 798 1696 ἡ
820 1643 1013 1696 γέννησις,
1048 1643 1179 1696 ἐπειδὴ
1199 1643 1263 1685 καὶ
1281 1642 1324 1683 τὸ
1342 1646 1483 1696 γεννῶν
1507 1643 1573 1684 καὶ
1588 1641 1637 1683 τὸ.

306 1754 324 1786 1
349 1750 462 1794 ἄλλως
478 1755 520 1789 Ρ.
655 1754 925 1801 ἐπιτελουμένης
950 1757 1015 1800 τῆς
1039 1758 1105 1791 τοῦ
1127 1756 1266 1796 παντὸς
1288 1756 1445 1799 σφαίρας
1462 1755 1629 1790 Nokkius.

305 1799 328 1831 3
351 1798 474 1841 φιλίαν
502 1799 560 1833 καὶ
589 1797 765 1842 ὁμόνοιαν
790 1802 831 1834 Ρ.
1010 1803 1054 1837 12
1075 1803 1273 1847 διακορῆν,
1305 1801 1428 1837 omisso
1455 1801 1563 1844 νοῦν,
1586 1800 1628 1834 Β.

307 1843 349 1880 17
367 1842 646 1890 προειρήκαμεν]
671 1856 775 1891 supra
790 1847 814 1880 2
836 1846 870 1880 3.

216 1942 312 1986 logos
329 1943 477 1977 mascula
502 1943 600 1977 simul
621 1948 657 1978 et
682 1945 829 1978 feminea
847 1945 1047 1989 appellatur.
1084 1949 1119 1979 et
1144 1945 1227 1979 alius
1249 1944 1385 1990 quidam
1405 1944 1490 1979 dicit
1509 1940 1631 1978 “sena-

216 1988 287 2020 rius
316 1999 472 2022 numerus
494 1989 678 2022 animorum
698 2001 928 2033 progenerans
950 1996 1024 2032 est,
1049 1991 1318 2034 quandoquidem
1341 1992 1384 2024 ab
1405 1990 1534 2023 hexade
1555 1988 1632 2022 uni-

216 2031 310 2065 versi
327 2032 473 2075 sphaera
490 2033 684 2076 perficitur,
712 2033 867 2078 idemque
890 2034 1059 2067 contraria
1078 2036 1278 2078 permiscet,
1303 2036 1347 2068 ad
1367 2033 1578 2068 concordiam
1597 2036 1634 2066 et

217 2076 398 2110 amicitiam
415 2077 519 2119 ducit,
542 2077 666 2111 deinde
687 2090 769 2111 vero
791 2079 970 2112 sanitatem
989 2079 1097 2112 efficit
1113 2079 1149 2112 in
1170 2079 1368 2123 corporibus
1390 2084 1426 2112 et
1443 2088 1631 2113 consonam.-

215 2121 297 2154 tiam
316 2121 352 2154 in
372 2120 447 2164 lyra
466 2127 501 2154 et
520 2122 647 2155 musica
665 2127 701 2155 et
720 2123 878 2157 virtutem
898 2124 933 2155 in
952 2124 1073 2166 animo,
1098 2130 1134 2157 et
1152 2124 1188 2157 in
1207 2124 1347 2157 civitate
1367 2122 1577 2164 felicitatem,
1596 2120 1632 2155 in

216 2165 376 2197 universo
404 2171 515 2199 autem
540 2165 823 2210 providentiam.”
865 2174 1073 2211 quapropter
1100 2169 1258 2212 Orpheus
1287 2179 1422 2212 quoque
1441 2167 1484 2200 de
1502 2166 1634 2200 hexade

215 2209 302 2285 halec
317 2209 401 2244 dicit
417 2206 606 2255 “propitius
624 2211 672 2244 sis
690 2212 839 2255 gloriose
856 2223 1005 2255 numere,
1022 2212 1157 2256 genitor
1170 2212 1375 2255 caelestium,
1389 2212 1524 2256 genitor
1541 2221 1632 2244 mor·-
1650 2232 1654 2236 -

216 2259 253 2287 ta
266 2264 346 2287 ium.

310 2298 364 2332 11.
411 2298 598 2342 Septimum
620 2299 708 2333 diem
735 2299 899 2344 Aegyptii
925 2304 1027 2344 atque
1053 2299 1217 2334 Chaldaei
1242 2299 1402 2334 addicunt
1430 2297 1634 2340 Phaenonfi,

218 2342 337 2376 stellae
358 2354 444 2386 quae
461 2343 510 2376 ita
531 2345 620 2387 apud
639 2356 697 2377 eos
715 2350 858 2378 vocatur
876 2345 1020 2378 omnium
1037 2357 1195 2386 summae,
1219 2355 1306 2388 quae
1327 2344 1503 2378 maximum
1524 2344 1634 2385 frigus

216 2389 319 2420 affert
347 2393 382 2420 et
408 2387 566 2421 continuo
594 2389 758 2429 arefacit3
798 2387 942 2430 Κρόνου
968 2401 1042 2422 eum
1072 2389 1198 2422 Graeci
1223 2388 1396 2422 nominare
1429 2390 1636 2420 consuerunt

217 2432 402 2465 secundum
421 2431 645 2476 theologiam,
669 2434 851 2466 secundum
869 2433 1106 2476 etymologiam
1124 2444 1206 2466 vero
1225 2432 1409 2474 Διακορῆν
1427 2430 1542 2474 (quasi
1558 2430 1633 2474 ple-

219 2487 297 2510 num
318 2482 354 2509 et
375 2481 523 2510 saturum
541 2477 655 2520 annis)
678 2489 740 2522 pro
758 2477 970 2521 longaevum.
1006 2477 1215 2521 Pythagorei
1234 2488 1318 2510 vero
1338 2475 1465 2509 rectori
1482 2473 1636 2508 universi

219 2521 309 2554 diem
329 2520 507 2564 septimum
534 2522 741 2564 attribuunt,
764 2522 800 2556 id
821 2527 875 2555 est
899 2522 975 2564 uni,
1008 2522 1045 2555 id
1063 2523 1154 2566 quod
1173 2526 1320 2555 testatur
1338 2521 1496 2564 Orpheus
1516 2519 1634 2553 dicem

218 2561 437 2608 “Septimus,
462 2576 559 2609 quem
581 2566 700 2600 dilexit
724 2577 786 2599 rex
815 2566 916 2610 longe
944 2578 1088 2610 operans
1116 2563 1270 2609 Apollo.”
1307 2564 1496 2608 Apollinem
1523 2568 1636 2598 autem

220 2609 364 2650 mystice
383 2621 483 2644 unum
500 2610 569 2643 dici
585 2615 664 2644 ante
682 2611 866 2654 docuimus,
888 2617 1071 2655 propterea
1088 2611 1178 2654 quod
1193 2615 1247 2643 est
1259 2621 1281 2643 a
1297 2609 1509 2644 multitudine
1519 2619 1632 2642 remo·

220 2659 295 2694 tus,
327 2653 363 2687 id
391 2658 444 2688 est
467 2654 571 2688 solus.
619 2661 714 2689 recte
741 2655 847 2699 igitur
875 2657 992 2688 matris
1020 2660 1194 2698 expertem
1214 2654 1442 2698 septenarium
1462 2662 1635 2686 numerum

220 2697 391 2731 Philolaus
413 2699 638 2743 nuncupavit:
661 2699 752 2734 solus
774 2700 861 2733 enim
878 2700 928 2733 ita
947 2705 1068 2733 natura
1086 2704 1297 2743 comparatus
1316 2703 1370 2732 est
1389 2702 1427 2732 ut
1444 2708 1554 2741 neque
1572 2707 1634 2740 ge·

220 2746 319 2775 neret
338 2754 448 2787 neque
466 2749 659 2787 generetur,
674 2745 763 2789 quod
782 2749 893 2778 autem
912 2755 1021 2788 neque
1035 2749 1176 2788 generat
1187 2754 1296 2787 neque
1309 2747 1502 2786 generatur,
1515 2741 1633 2774 immo·
1652 2777 1654 2781 f

220 2785 288 2820 bile
310 2791 377 2820 est:
401 2793 494 2822 motu
511 2788 600 2822 enim
618 2788 792 2833 generatio
811 2789 1023 2833 continetur,
1047 2788 1170 2834 partim
1198 2793 1236 2821 ut
1254 2791 1415 2832 generet,
1446 2785 1569 2832 partim
1597 2789 1637 2818 ut
