1748 3210
239 233 332 281 114
566 224 570 227 ’
768 233 990 278 IOANNIS
1022 235 1155 277 LYm

236 340 386 391 ὁμοίως
429 339 563 398 ἑαυτῇ
602 342 674 384 δύο
712 343 898 388 ποιήσειε.
976 337 1167 394 τοιαύτην
1202 340 1247 384 δὲ
1283 339 1330 384 ἐν
1363 343 1425 400 τῷ
1455 341 1577 386 πάθει
1603 347 1666 382 καὶ

235 405 313 462 τήν
339 407 537 460 ’Ἀρτεμιν
575 410 667 457 ταῖς
705 409 899 455 κυούσαις
935 402 1048 447 εἶναι
1075 407 1224 459 φασίν.
1266 405 1460 462 ’Ἄρτεμις
1486 409 1533 452 δὲ
1559 411 1665 452 κατὰ

237 475 307 515 τὸν
345 471 630 526 ἄριθμητικὸν
669 476 781 520 λόγον
817 471 928 514 ἐστὶν
965 470 992 527 ἡ
1031 470 1109 525 τὴν
1145 473 1205 521 εἰς
1237 470 1285 516 τό
1323 471 1473 527 ἄρτιον
1507 475 1664 518 ἰοῦσαν

235 539 383 594 γένεσιν
411 538 484 581 καὶ
513 540 570 588 εἰς
597 541 727 581 τοῦτο
756 541 957 593 προβῆναι
979 538 1252 580 σπεύδουσαν
1271 537 1566 596 ἐκβαλλομένη.
1595 539 1662 584 διό

237 603 291 659 δή
321 607 382 642 καὶ
412 601 646 659 μυθεύεται
682 603 760 647 τὸν
789 602 1021 647 Ἀπόλλωνα
1055 605 1172 657 παρὰ
1198 607 1273 660 τῆς
1300 608 1453 660 Λητοῦς
1478 605 1696 661 undae-5

236 685 316 714 νον
337 695 447 708 ·····
478 669 720 726 δειχθέντος
758 668 917 722 αὐτοῦ,
969 668 1077 725 αὕτη
1114 668 1194 724 τήν
1228 667 1383 724 μητέρα
1422 672 1666 727 μαιευομένη

238 737 303 780 &a
317 762 548 775 ..........
650 736 762 791 πρὸς
798 735 877 780 τόν
914 734 1048 779 αὐτόν
1075 750 1220 789 προκα
1235 760 1656 776 ..................

237 801 397 858 ἑαυτήν
414 818 458 846 τε
474 803 547 846 καὶ
566 802 643 846 τὸν
659 801 874 846 Ἀπόλλωνα
894 826 1657 843 ................................

238 884 266 913 v
293 875 398 925 μεθε
417 895 574 908 .......
579 898 582 901 1
585 894 1062 908 ....................
1071 895 1074 899 -
1075 893 1281 907 .........

353 941 407 986 Τῇ
436 938 507 984 πρὸ
539 937 631 973 ἑπτὰ
659 939 764 974 εἰδῶν
785 936 1024 991 Νοεμβρίων
1039 959 1657 974 ..........................
1680 945 1721 980 10

239 1002 342 1047 δεκα
360 1027 374 1039 .
387 1027 399 1039 .
411 1027 423 1039 .
435 1027 453 1040 .Δ
458 1027 740 1040 ............
771 1003 797 1046 δ
811 1026 1355 1040 .......................

251 1063 260 1072 ’
350 1067 434 1095 ***
453 1078 511 1111 σοι’
537 1066 646 1111 κατὰ
673 1066 750 1111 τὸν
782 1069 1007 1116 Αἰγύπτιον
1028 1065 1209 1121 Ἑρμῆν,
1250 1066 1300 1118 ὃς
1331 1067 1382 1111 ἐν
1418 1071 1471 1118 τῷ
1499 1066 1672 1117 λεγομένῳ

239 1138 370 1186 τελείῳ
396 1137 489 1185 λόγῳ
505 1129 655 1189 9φησὶν
676 1132 839 1184 οὕτως·
866 1134 927 1172 “az
956 1135 1001 1177 δὲ
1029 1137 1256 1187 παραβᾶσαι
1283 1136 1398 1181 ψυχαὶ
1426 1134 1594 1172 ἐντεῦθεν
1622 1136 1673 1176 εἰς
1715 1139 1718 1143 ’

240 1197 364 1248 ἕτερον
393 1205 532 1249 αἰῶνα,
559 1198 676 1243 ’ἐπὰν
707 1197 984 1254 ἀπαλλαγεῖσι
1010 1202 1089 1242 τοῦ
1117 1197 1333 1253 σώματος,
1363 1204 1567 1237 πλανῶνται
1588 1204 1672 1236 πολ-

242 1268 330 1309 λούς
357 1281 459 1310 τινας
488 1266 668 1316 ἓλιγμούς,
697 1264 771 1308 καὶ
798 1265 1006 1320 φέρονται
1034 1262 1141 1307 κατὰ
1168 1268 1246 1307 τοῦ
1265 1263 1390 1320 ἀέρος
1409 1263 1671 1320 σφενδονοῦ-
1685 1268 1725 1304 15

241 1344 369 1385 μεναι
397 1333 448 1374 εἷς
475 1346 576 1375 τινας
603 1330 804 1384 πυρώδεις
831 1331 904 1375 καὶ
931 1331 1148 1381 φλογώδεις
1177 1329 1334 1384 ζώνας,
1368 1329 1420 1374 ἃς
1447 1334 1484 1369 οἱ
1509 1330 1676 1386 ποιηταὶ

241 1394 616 1451 Πυριφλεγέθοντα
643 1399 704 1435 καὶ
737 1396 952 1453 Τάρταρον
980 1396 1222 1441 καλοῦσιν.”
1253 1394 1277 1440 ὁ
1305 1396 1384 1452 μὲν
1405 1395 1561 1451 Ἑρμῆς
1578 1395 1677 1449 περὶ

243 1461 386 1517 μόνου
414 1465 494 1506 τοῦ
521 1466 730 1511 καθαρμοῦ
758 1469 905 1512 ψυχῶν,
947 1462 971 1507 ὁ
1006 1463 1052 1507 δὲ
1073 1461 1332 1519 Ἰάμβλιχος,
1362 1463 1408 1507 ἐν
1434 1466 1494 1520 τῷ
1521 1460 1676 1522 πρώτῳ

244 1530 320 1584 τῆς
347 1527 442 1582 περὶ
471 1531 737 1576 καθαρότητος
759 1535 916 1578 ψυχικῆς
936 1530 1222 1581 πραγματείας,
1258 1529 1332 1572 καὶ
1361 1532 1436 1583 τῆς
1463 1528 1677 1573 ἀποκατα-

244 1593 433 1644 στάσεως
461 1593 605 1637 adu-511
633 1594 831 1651 μέμνηται
843 1622 1053 1634 .........
1082 1600 1267 1651 &annu
1294 1594 1417 1646 ἄλλως
1443 1594 1568 1651 ἡλίου
1595 1598 1729 1651 χοῖ-20

246 1675 330 1715 ρον
355 1663 415 1715 τῷ
432 1658 553 1710 “Aaou
583 1660 744 1711 διδούς,
773 1660 880 1714 παρ’
909 1661 936 1713 ᾧ
965 1661 1060 1710 φησὶ
1087 1662 1160 1712 τὰς
1189 1661 1529 1716 ἐκκεκαθαρμένας
1557 1677 1677 1705 anoc-

246 1741 322 1769 ναι
347 1725 506 1780 ψυχάς,
545 1726 617 1769 καὶ
655 1725 780 1769 αὐτὸν
815 1727 888 1774 μὲν
923 1726 1033 1771 εἶναι
1070 1727 1147 1770 τὸν
1175 1730 1396 1771 Πλούτωνα
1425 1727 1677 1784 Περσεφόνην

248 1792 296 1836 δὲ
324 1791 402 1847 τὴν
427 1790 625 1846 σελήνην.
683 1797 816 1836 ταῦτα
845 1794 924 1849 μὲν
952 1796 995 1837 οἱ
1023 1795 1260 1848 φιλόσοφοι·
1298 1797 1371 1849 τῆς
1399 1793 1445 1837 δὲ
1473 1794 1603 1843 ἑορτῆς
1630 1795 1678 1832 τὰ

250 1860 329 1905 ἶερά
358 1857 562 1911 εὐλογίαις
592 1858 846 1903 ἐπετελοῦντο
883 1860 950 1902 ἐπὶ
986 1863 1045 1915 τῷ
1074 1859 1261 1916 ἀσβέστῳ
1288 1861 1392 1915 πυρὶ
1419 1863 1493 1917 τῆς
1513 1860 1675 1907 Ἑστίας,

248 1926 331 1972 περὶ
360 1922 403 1961 οὗ
434 1927 661 1976 Πορφύριος
690 1924 814 1969 οὕτως
847 1927 943 1979 φησί
967 1923 1127 1982 “toturn
1155 1926 1257 1977 τούς
1286 1929 1576 1983 φαινομένους
1602 1925 1728 1972 oti-25

342 2023 360 2056 1
385 2023 493 2055 codex
517 2023 717 2058 Caseolinus
742 2025 805 2068 (C)
827 2022 971 2070 ἑαυτήν.
1118 2026 1160 2060 17
1182 2026 1292 2062 malim
1315 2026 1377 2062 καὶ
1401 2023 1423 2063 ὁ
1446 2025 1532 2071 μέν,
1572 2029 1632 2062 aut
1654 2023 1675 2061 ὁ

339 2064 404 2110 μὲν
430 2062 498 2101 οὖν
522 2067 661 2102 Hasius.

249 2156 318 2190 duo
339 2155 485 2190 faceret.
530 2156 631 2190 talem
656 2158 855 2192 adiutricem
878 2159 914 2192 iu
934 2159 1051 2194 labore
1070 2161 1215 2196 Dianam
1243 2173 1378 2207 quoque
1409 2161 1678 2206 praegnantibus

251 2211 329 2235 esse
346 2202 474 2235 ferunt.
521 2201 632 2235 Diana
649 2214 752 2246 vero,
776 2215 874 2247 quam
894 2206 1021 2238 Graeci
1043 2201 1211 2250 ’Ἄρτεμιν
1234 2207 1422 2252 appellant,
1453 2206 1549 2240 iuxta
1567 2206 1677 2240 ratio-

228 2274 232 2282 Ι
251 2256 328 2280 nem
350 2257 563 2279 numerorum
587 2259 629 2280 ea
652 2252 705 2280 est
727 2259 814 2291 quae
835 2255 968 2292 partum
987 2252 1030 2285 ad
1049 2247 1186 2294 ἄρτιον,
1214 2252 1278 2286 hoc
1297 2257 1351 2286 est
1368 2251 1576 2294 absolutum,
1597 2255 1676 2284 ten-

252 2291 389 2324 dentem
409 2296 511 2334 atque
534 2291 570 2324 in
588 2291 624 2324 id
646 2293 809 2336 progredi
829 2294 1047 2329 festinantem
1068 2297 1231 2330 extrudit.
1276 2297 1355 2330 ideo
1377 2302 1412 2330 et
1429 2296 1570 2340 fingitur
1585 2296 1677 2339 apud

253 2339 393 2369 matrem
415 2335 609 2370 obstetricis
631 2337 746 2370 officio
768 2338 897 2382 functa,
922 2351 995 2372 cum
1020 2352 1040 2374 a
1060 2341 1193 2375 Latona
1214 2341 1334 2386 Apollo
1357 2347 1536 2386 pareretur
1549 2339 1567 2359 *
1581 2339 1599 2359 *
1614 2339 1632 2359 *

343 2379 424 2398 ***
457 2381 478 2415 7
511 2380 565 2413 Id.
598 2382 692 2415 Nov.
723 2382 910 2416 inferorum
943 2386 1196 2428 parentationes
1226 2385 1243 2404 *
1265 2386 1283 2410 ³³¹
1306 2386 1323 2405 *
1350 2386 1444 2419 iuxta
1479 2385 1676 2418 Hermetem

252 2424 471 2470 Aegyptium,
493 2425 553 2468 qui
575 2425 611 2458 in
628 2426 716 2459 libro
737 2433 859 2461 vocato
881 2424 1047 2464 “verbum
1068 2428 1277 2474 perfectum”
1303 2431 1352 2464 ait
1379 2430 1414 2463 in
1439 2430 1527 2463 hunc
1545 2430 1677 2463 modum

251 2466 408 2503 “animae
429 2474 663 2513 transgressae
684 2471 764 2504 hinc
786 2473 829 2506 ad
851 2473 992 2507 alterum
1010 2486 1141 2518 aevum,
1165 2475 1223 2508 ubi
1245 2475 1465 2509 discesserint
1482 2486 1503 2508 a
1520 2485 1676 2518 corpore,

254 2519 424 2558 vagantur
446 2514 557 2547 multis
579 2516 794 2560 turbinibus,
825 2528 956 2562 perque
988 2521 1100 2553 aerem
1125 2525 1257 2553 rotatae
1283 2525 1462 2564 raptantur
1484 2520 1527 2553 ad
1550 2519 1676 2563 ignitas

253 2560 416 2603 quasdam
437 2564 472 2592 et
490 2559 660 2593 flammeas
681 2572 797 2603 zonas,
821 2573 903 2605 quas
921 2563 1282 2608 pyriphlegethontem
1301 2571 1335 2598 et
1352 2565 1535 2598 Tartarum
1553 2564 1677 2608 poetae

254 2601 414 2637 vocant?
461 2609 497 2638 at
516 2604 660 2638 Hermes
682 2606 725 2638 de
746 2606 819 2639 sola
839 2607 1076 2652 purificatione
1094 2610 1296 2654 animarum,
1323 2609 1528 2643 lamblichus
1552 2613 1675 2650 autem,

254 2649 343 2682 libro
364 2648 472 2692 primo
494 2650 783 2684 commentationis
805 2652 848 2685 de
866 2653 1016 2696 puritate
1035 2654 1216 2698 spirituali,
1242 2656 1284 2688 de
1301 2653 1519 2688 restitutione
1539 2662 1676 2697 quoque

255 2705 371 2726 earum
391 2699 555 2728 memorat
575 2695 625 2714 *¹*
654 2695 738 2728 alias
765 2696 846 2730 solis
874 2698 982 2731 locum
1012 2699 1103 2732 Orco
1133 2700 1196 2732 deo
1221 2700 1428 2740 concedens,
1462 2699 1553 2743 apud
1575 2708 1675 2740 quem

253 2736 414 2771 lustratas
439 2739 566 2772 animas
587 2739 636 2773 ait
658 2742 875 2785 commorari,
906 2742 1078 2787 solemque
1104 2755 1180 2778 esse
1203 2744 1401 2786 Plutonem,
1433 2741 1675 2787 Proserpinam

255 2781 378 2816 lunam.
424 2785 483 2817 sed
509 2784 592 2818 haec
614 2785 829 2830 philosophi:
852 2786 1065 2823 solennitatis
1091 2795 1202 2823 autem
1226 2788 1452 2822 caerimoniae
1473 2786 1672 2831 gratulatio-

255 2825 355 2861 nibus
386 2830 639 2874 peragebantur
668 2841 773 2876 super
793 2830 866 2876 igni
890 2839 1031 2869 aeterno
1053 2834 1202 2878 Vestae,
1236 2835 1281 2868 de
1303 2844 1370 2879 quo
1391 2831 1604 2878 Porphyrius
1621 2830 1674 2864 ita
