1748 3210
701 195 776 239 DE
811 197 1096 244 OSTENTIS.
1347 184 1349 186 ’
1526 205 1621 250 323

302 302 364 358 ιζ’.
408 307 443 350 εἴ
458 304 664 367 βροντῆσῃ
674 341 689 362 ,
724 309 868 364 νόσους
888 311 1122 366 ἀκινδύνους
1141 314 1303 359 ἀπειλεῖ.

301 373 368 429 ιη’.
403 376 438 419 εἶ
451 376 657 437 βροντήσῃ
668 411 683 432 ,
717 379 935 439 πράγματα
954 383 1262 439 ἐκδειματοῦντα
1281 383 1351 428 τὸν
1372 385 1499 440 δῆμον
1519 385 1620 429 ἀνα-

164 437 390 498 στήσονται.

297 510 370 554 ιθ’.
405 513 440 555 εἶ
454 511 678 572 βροντῆσῃ,
707 517 776 559 καὶ
801 515 822 560 ὅ
847 519 1038 571 βασιλεὺς
1065 518 1215 577 νικήσει
1245 523 1312 564 καὶ
1339 519 1361 565 ὃ
1391 523 1520 577 δῆμος
1545 523 1620 578 τὴν

125 578 365 635 ῦκρείττονα
383 579 495 632 τάξιν
515 583 604 633 ἕξει.

296 646 346 690 κ’.
399 652 432 692 εἲ
447 649 673 708 βροντήσῃ,
713 651 882 708 εὖθηνιά
908 656 982 710 μὲν
1008 656 1238 707 ἐπείσακτος
1267 654 1399 711 ἔσται,
1426 657 1617 714 βηχώδης

157 715 204 756 δὲ
222 713 340 767 νόσος
358 717 560 773 ἐνοχλήσει
581 727 665 770 τοῖς
687 720 884 775 σώμασιν.

293 783 370 828 κα’.
395 788 430 829 εἰ
454 786 680 846 βροντήσῃ,
716 787 738 832 ὃ
769 791 961 845 βασιλεὺς
992 796 1154 843 πολλοῖς
1186 791 1475 847 ἐπιβουλεύσας
1494 795 1615 845 τέλος

155 851 463 906 ἐπιβουλεύεται.

101 925 146 960 10
290 920 368 976 '⁶16⁹-
394 925 429 967 εἰ
445 921 649 982 βροντήσῃ
659 957 673 976 ,
705 924 873 981 εὖθηνία
893 926 967 980 μὲν
989 924 1121 980 ἔσται,
1154 933 1270 983 μυῶν
1294 930 1339 972 δὲ
1361 932 1428 973 καὶ
1452 928 1612 987 ἐλάφων

151 992 325 1044 πλῆθος.

284 1056 359 1114 κγ’.
382 1060 418 1100 εἰ
435 1057 661 1117 βροντῆσῃ,
697 1059 881 1111 εὐταξίαν
905 1066 957 1119 τῇ
979 1060 1091 1106 πόλει
1115 1066 1243 1120 δηλοῖ.

283 1125 360 1169 κδἽ
385 1129 420 1169 εἰ
437 1126 664 1185 βροντήσῃ,
699 1127 817 1171 νόσον
835 1131 939 1182 μετὰ
961 1131 1113 1182 ἐνδείας
1137 1135 1266 1189 δηλοῖ.

281 1193 351 1238 κε’.
386 1198 421 1237 εἴ
439 1196 667 1253 βροντήσῃ,
698 1198 948 1252 ὁουλομαχία
969 1198 1094 1241 ἕσται.

94 1267 136 1304 1⁵
283 1261 357 1312 κς’.
381 1265 416 1304 εἴ
433 1261 659 1320 βροντήσῃ,
695 1266 837 1306 πολλοὶ
865 1266 968 1323 πρὸς
998 1271 1072 1309 τοῦ
1107 1270 1351 1324 κρατοῦντος
1384 1265 1607 1326 ἀναιρεθή-

143 1345 302 1383 σονται,
338 1331 453 1381 τέλος
471 1332 515 1373 δὲ
532 1333 600 1373 καὶ
622 1329 755 1382 αὗτός.

277 1397 350 1451 κζ’.
386 1401 420 1443 εἰ
437 1398 641 1457 βροντῆσῃ
651 1432 665 1452 ,
699 1398 843 1451 νόσους
863 1398 1098 1452 ἀκινδύνους
1120 1403 1247 1458 δηλοῖ.

276 1465 352 1522 κη’.
378 1469 413 1510 εἰ
429 1467 653 1526 βροντήσῃ,
689 1469 728 1512 οἳ
747 1470 822 1525 μὲν
842 1468 991 1513 ἐνάλιοι
1017 1469 1158 1525 ἰχθύες
1179 1467 1420 1514 ἐπιδώσουσι
1433 1502 1447 1523 ,
1480 1472 1529 1514 τὰ
1557 1473 1601 1515 δὲ

138 1533 359 1591 θρέμματα
384 1535 656 1593 φθαρήσεται.

83 1609 131 1646 2⁰
274 1602 358 1646 κθ’.
388 1606 423 1646 εἴ
453 1604 680 1664 βροντήσῃ,
713 1605 895 1661 λοιμικὸν
930 1607 998 1649 καὶ
1030 1606 1204 1656 νοσῶδες
1235 1605 1299 1648 ἐπὶ
1329 1609 1428 1650 πᾶσι
1456 1606 1503 1649 τὸ
1526 1610 1597 1650 τοῦ

137 1670 255 1728 ἅὲρος
278 1671 530 1728 κατάστημα.

271 1739 323 1784 λ’.
377 1743 411 1784 εἴ
431 1740 634 1800 βροντήσῃ
643 1774 658 1794 ,
691 1739 873 1786 θάνατον
897 1742 1044 1798 συχνὸν
1069 1741 1231 1786 ἀπειλεῖ.

225 1881 245 1915 1
269 1879 380 1925 δηλοῖ
392 1881 502 1926 Rutg.
639 1883 662 1918 7
685 1880 868 1927 ἐνοχλήσει
885 1895 939 1918 om
957 1884 1067 1928 Rutg.
1205 1883 1227 1916 8
1249 1879 1466 1927 βασιλεύσας
1483 1882 1590 1927 Rutg.

224 1927 268 1962 19
291 1925 506 1972 φθαρήεται
528 1928 578 1974 C,
605 1927 868 1974 φθαρήσονται
884 1931 994 1974 Rutg.

130 2050 324 2095 imperante
343 2048 539 2084 vexabitur.
634 2050 690 2084 17.
725 2050 756 2083 si
783 2054 902 2093 tonat,
936 2051 1073 2084 morbos
1096 2049 1251 2094 periculo
1274 2060 1402 2084 vacuos
1427 2050 1588 2086 minatur.

130 2097 188 2132 18.
226 2096 258 2129 si
295 2095 468 2139 tonuerit,
503 2105 560 2128 res
592 2094 743 2128 existent
774 2096 937 2140 populum
968 2096 1158 2128 Romanum
1189 2095 1314 2128 timore
1343 2096 1587 2140 percellentes.

129 2142 187 2176 19.
221 2141 252 2175 si
278 2140 450 2183 tonuerit,
476 2151 552 2174 cum
573 2139 763 2184 imperator
780 2140 899 2185 populi
918 2140 1066 2174 Romani
1089 2140 1228 2183 vincet,
1251 2145 1321 2173 tum
1343 2141 1490 2186 populus
1511 2142 1590 2187 ipse

126 2187 342 2231 superiorem
370 2186 481 2220 locum
512 2185 698 2219 obtinebit.
789 2188 846 2221 20.
872 2186 902 2219 si
926 2186 1096 2230 tonuerit,
1122 2186 1334 2219 abundantia
1357 2187 1426 2220 erit
1447 2187 1588 2222 aliunde

125 2232 334 2276 importata;
357 2233 496 2266 morbus
520 2231 734 2265 tussicularis
757 2232 900 2265 vexabit
923 2243 1082 2276 corpora.
1151 2233 1208 2266 21.
1233 2232 1264 2264 si
1286 2232 1459 2275 tonuerit,
1484 2233 1583 2278 prin-

125 2289 210 2322 ceps
243 2278 396 2312 civitatis
430 2276 545 2310 multis
575 2276 758 2311 insidiatus
799 2278 843 2312 ad
882 2284 1070 2311 extremum
1105 2277 1183 2322 ipse
1213 2277 1351 2314 insidiis
1383 2285 1583 2323 appetetur.

123 2324 183 2359 22.
208 2322 241 2358 si
260 2323 435 2367 tonuerit,
460 2322 672 2357 abundantia
693 2322 779 2366 erit,
811 2323 872 2357 sed
897 2323 1000 2358 etiam
1022 2324 1165 2357 murium
1192 2334 1233 2357 ac
1260 2335 1440 2358 cervorum
1468 2324 1582 2359 multi-

124 2370 221 2405 tudo.
290 2370 349 2404 23.
375 2369 406 2403 si
427 2374 546 2412 tonat,
571 2380 644 2402 rem
661 2368 832 2413 publicam
850 2369 1052 2404 incolumem
1074 2381 1115 2403 ac
1135 2374 1292 2414 pacatam
1314 2371 1391 2403 fore
1413 2370 1580 2404 declarat.

124 2414 182 2450 24.
207 2415 239 2450 si
261 2419 380 2458 tonat,
413 2415 567 2450 morbum
589 2425 663 2448 cum
688 2414 898 2449 abundantia
917 2415 1082 2450 declarat.
1174 2415 1231 2448 25.
1264 2414 1297 2448 si
1323 2415 1497 2459 tonuerit,
1522 2421 1582 2453 tu-

124 2459 246 2496 multus
266 2461 405 2495 servilis
425 2460 505 2495 erit.
597 2460 655 2494 26.
688 2459 719 2493 si
740 2460 912 2504 tonuerit,
936 2459 1034 2495 multi
1058 2461 1355 2495 obtruncabantur
1379 2473 1400 2496 a
1422 2460 1585 2509 principe

125 2505 296 2550 civitatis,
327 2508 391 2541 sed
421 2510 597 2552 postremo
624 2506 702 2550 ipse
733 2517 883 2559 quoque.
975 2506 1032 2540 27.
1066 2505 1100 2539 si
1125 2512 1241 2550 tonat,
1265 2508 1402 2541 morbos
1426 2506 1583 2552 periculo

123 2562 252 2586 vacuos
275 2552 441 2590 declarat.
533 2553 592 2587 28.
626 2551 658 2586 si
684 2556 858 2595 tenuent,
891 2551 1005 2597 pisces
1029 2551 1154 2585 marini
1177 2552 1406 2597 provenient,
1427 2553 1582 2598 pecudes

123 2596 327 2635 interibunt.
426 2598 486 2634 29.
522 2597 553 2632 si
585 2597 759 2641 tonuerit,
794 2597 885 2632 aei-is
911 2597 1099 2643 temperies
1128 2598 1296 2643 pestilens
1328 2603 1365 2633 et
1394 2597 1582 2636 morbifera

123 2642 294 2679 omnibus.
385 2644 443 2679 30.
471 2642 504 2679 si
526 2648 644 2689 tonat,
667 2649 796 2678 mortes
820 2643 964 2679 crebras
986 2643 1179 2680 minitatur.
