1748 3210
245 190 339 235 298
552 252 559 257 ᾖ
761 191 978 233 lOANle
1014 192 1145 234 LYm

242 294 382 345 πόλεις
409 293 768 350 ἔρημωθήσονται.
815 293 851 336 εἰ
878 292 902 337 ὁ
932 294 1104 350 ἕσπερος
1130 295 1214 340 ὑπὸ
1241 300 1316 353 τῆς
1344 298 1517 355 σελήνης
1543 301 1648 344 διέλ-

240 365 314 416 θῃ,
345 359 452 414 ἀνήρ
483 358 662 407 δυνατὸς
691 356 1024 414 ἀναιρεθήσεται.
1066 362 1103 403 εἰ
1127 361 1241 414 παρὰ
1268 363 1406 407 πάντα
1432 365 1507 409 τὸν
1533 370 1647 421 μῆνα

241 429 378 482 βίαιος
407 424 561 477 ἄνεμος
591 422 736 479 ῥεύσῃ,
767 426 950 480 ταραχὰς
977 423 1150 468 ἀπειλεῖ.
1181 428 1217 469 εὶ
1245 429 1410 482 σεισμὸς
1435 429 1518 474 ἀπὸ
1547 448 1646 475 νου-

240 493 391 546 μηνίας
418 489 495 538 ἕως
522 487 697 544 δεκάτης
724 490 906 546 γένηται,
936 490 1084 546 φθορὰ
1110 495 1275 547 κτηνῶν
1303 492 1416 536 ἔσται
1442 496 1512 539 καὶ
1538 500 1644 540 πτοῖ-

240 567 304 606 σις
331 559 409 598 τοῦ
437 554 660 609 ἡγουμένου
688 561 754 604 τῆς
780 555 935 612 χώρας·
974 558 1010 600 εἰ
1046 557 1091 601 δὲ
1127 556 1211 601 άπὸ
1246 557 1483 616 ἑνδεκάτης·
1501 561 1578 613 ἕως
1590 555 1678 619 {5

237 619 462 676 προνομήν
490 617 650 662 ἀπειλεῖ
672 624 743 674 τῆς
769 620 919 675 χώρας.

345 684 560 740 Σελήνη
588 689 844 743 σκορπίῳ.
902 692 936 726 εἰ
967 690 1061 727 κατὰ
1097 691 1163 737 τήν
1196 686 1371 744 πρώτην
1396 692 1472 746 τῆς
1497 694 1648 746 νυκτὸς

239 751 436 806 φυλακὴν
474 751 707 806 αἷματιόδης
743 754 767 800 ἢ
809 756 934 802 σελήνη
972 759 1092 804 φανῇ,
1143 755 1363 809 ἀνταρσίαν
1398 757 1470 799 καὶ
1504 757 1648 813 ἑτέρου

236 816 496 871 προαγωγὴν
521 819 652 873 δηλοῖ.
709 820 745 861 εἰ
782 817 972 874 ὁμιχλάνῃ
1012 821 1031 859 ὁ
1070 821 1141 869 ἀήρ
1182 820 1206 869 ἢ
1247 823 1306 860 ἐπὶ
1340 827 1409 872 γῆς
1443 823 1547 879 ῥίψῃ
1573 823 1651 879 τὴν

237 880 382 936 α’χλύν,
417 882 566 937 φθορὰ
594 883 709 926 ἔσται
737 886 868 926 σίτου.
918 887 954 927 εἰ
983 886 1028 928 δὲ
1056 885 1202 942 διάττῃ
1231 883 1377 942 ἀστήρ,
1407 889 1563 936 φθοράν
1589 890 1650 931 σί·
1662 893 1704 927 10

237 963 316 989 του
344 948 416 990 καὶ
445 946 684 1000 ἀνθρώπων
713 948 870 1000 ἀπειλεῖ,
909 949 1014 993 ὅταν
1049 951 1192 1006 μέντοι
1226 949 1309 994 ἆπό
1345 949 1565 996 ἀνατολῶν
1592 955 1652 1006 εἰς

236 1012 401 1068 δυσμὰς
429 1011 622 1068 ἐκτρέχοι.
655 1014 690 1055 εἰ
719 1013 763 1056 δὲ
790 1008 881 1069 ἦχος
908 1016 946 1053 ἐκ
973 1020 1038 1063 τῆς
1064 1020 1137 1070 γῆς
1163 1016 1346 1072 γένηται,
1374 1017 1517 1074 φυγὴν
1544 1016 1651 1062 ἄπει-

236 1084 302 1117 λεῖ.
354 1079 390 1120 εἰ
418 1078 463 1120 δὲ
493 1080 537 1119 αἱ
567 1083 732 1131 κεραῖαι
758 1082 833 1133 τῆς
861 1083 1019 1128 σελήνης
1048 1084 1266 1133 συμπέσωσι,
1297 1087 1412 1132 σῖτος
1439 1084 1517 1136 μὲν
1544 1084 1650 1126 ἔσται

235 1145 371 1189 πολύς,
412 1142 667 1190 τετραπόδων
699 1143 744 1185 δὲ
770 1142 939 1188 θάνατος
965 1147 1027 1181 καὶ
1053 1146 1206 1191 θηρίων
1234 1144 1358 1188 ἔσται.
1418 1148 1455 1190 εί
1482 1148 1651 1203 σεισμὸς

234 1208 398 1262 γένηται,
429 1208 520 1255 ἀνήρ
551 1207 758 1250 ἀπολεῖται
783 1210 904 1256 μέγας·
946 1211 980 1247 εἰ
1005 1208 1045 1247 δ’
1076 1209 1096 1247 ὁ
1123 1210 1282 1260 ἕσπερος
1311 1210 1453 1268 ἐγγίσῃ
1480 1217 1554 1270 τῆς
1582 1224 1647 1257 σε·
1660 1221 1703 1256 15

235 1271 380 1328 λήνης,
413 1272 599 1327 θόρυβοι
627 1273 808 1316 ἔσονται,

344 1339 551 1394 Σελήνη
582 1341 773 1394 τοξότῃ.
831 1341 865 1377 εἰ
895 1339 920 1387 ἡ
956 1339 1081 1387 σελήνη
1120 1341 1327 1388 αἱματώδης
1364 1346 1485 1392 φανῇ,
1525 1346 1653 1388 πόλεις

236 1401 411 1458 μεγάλαι
438 1402 668 1449 ἀνάστατοι
696 1405 877 1448 ἔσονται.
933 1406 971 1448 εἰ
1003 1403 1028 1460 ἡ
1057 1408 1181 1453 σελήνη
1214 1406 1357 1455 ἀμαυροὶ
1383 1409 1527 1456 γένηται
1554 1410 1653 1452 κατὰ

236 1468 317 1524 τήν
344 1468 517 1525 πρώτην
546 1469 744 1526 φυλακήν
771 1470 799 1527 ἦ
826 1470 935 1514 κατά
960 1471 1038 1527 τὴν
1062 1476 1305 1525 μεσομηνίαν,
1343 1476 1379 1511 οὶ
1405 1477 1486 1521 περὶ
1513 1476 1559 1512 τοὶ
1587 1479 1652 1525 βα-

237 1538 364 1577 σίλεια
399 1536 764 1591 ταραχθήσονται·
811 1538 846 1580 εἰ
884 1536 930 1579 δὲ
965 1539 1062 1579 κατοὶ
1099 1539 1165 1585 τήν
1202 1536 1402 1591 δευτέραν
1439 1539 1707 1595 φυλακήν,20

235 1605 326 1649 τοῖς
363 1601 409 1643 ἐν
444 1600 681 1652 θαλάσσαις
715 1602 903 1656 πόλεμον
941 1604 1088 1657 δηλοῖ·
1125 1604 1161 1645 εἰ
1191 1602 1236 1645 δὲ
1264 1606 1316 1658 τῇ
1344 1603 1512 1659 ἕωθινῇ,
1542 1604 1652 1661 ἀνὴρ

237 1666 420 1715 δυνατὸς
457 1665 541 1708 ὑπὸ
579 1667 782 1720 βασιλέως
817 1666 1135 1723 ταραχθήσεται.
1192 1669 1228 1711 εἰ
1265 1667 1372 1710 κατὰ
1406 1668 1484 1712 τὸν
1522 1669 1654 1715 αὐτόν

235 1731 392 1783 καιρὸν
439 1730 466 1786 ἡ
512 1731 666 1787 σελήνη
712 1732 947 1787 αἱματώδης
996 1737 1136 1788 φανῇ,
1189 1733 1354 1788 σφαγὰς
1392 1732 1559 1777 ἀπειλεῖ.
1617 1737 1656 1780 εἰ

235 1801 404 1852 πνεῦμα
431 1799 575 1852 βίαιον
602 1796 706 1853 παρ’
736 1798 838 1841 ὅλον
864 1799 1027 1852 πνεύσῃ
1053 1798 1129 1841 τόν
1155 1802 1281 1854 μῆνα,
1310 1799 1460 1854 ἄνδρες
1479 1799 1654 1856 μεγάλοι

328 1885 350 1920 5
374 1882 448 1919 άπὸ
473 1896 504 1919 ιε
527 1886 569 1920 C.
704 1887 726 1920 9
749 1897 826 1920 num
849 1883 965 1930 ρήξῃί)
1008 1885 1056 1918 Η.
1191 1888 1234 1919 12
1254 1897 1379 1930 φυγειν
1396 1888 1439 1921 C.

238 1966 307 1997 tur.
354 1963 528 2006 Vesperus
549 1962 579 1995 si
603 1964 665 1996 sub
688 1962 767 1996 luna
787 1963 921 2005 transit,
945 1962 1000 1995 vir
1018 1965 1138 2005 potens
1158 1962 1296 1996 tolletur
1318 1964 1361 1996 de
1383 1963 1654 2000 mamm-ventus

236 2009 419 2041 vehemens
444 2008 473 2041 si
494 2009 556 2041 flat
578 2019 639 2052 per
655 2013 762 2041 totum
783 2019 943 2050 mensem,
967 2008 1083 2040 turbas
1107 2007 1262 2040 minatur.
1309 2012 1403 2041 terra
1423 2009 1454 2042 si
1477 2016 1656 2053 quassatur

237 2064 260 2085 a
282 2053 360 2085 luna
384 2064 473 2086 nova
495 2054 538 2086 ad
561 2053 744 2095 decimam,
779 2053 851 2086 lues
883 2052 1042 2096 pecuaria
1063 2052 1129 2085 erit
1157 2058 1192 2084 et
1216 2051 1314 2085 ruina
1338 2052 1412 2086 eius
1434 2054 1493 2096 qui
1517 2059 1656 2098 praeest

235 2097 385 2140 regioni.
446 2097 476 2130 si
509 2099 552 2131 ab
587 2097 765 2131 undecima
794 2097 844 2132 ad*
870 2097 1099 2141 trigesimam,
1138 2096 1362 2130 vastationem
1397 2097 1542 2132 minatur
1581 2104 1656 2133 tra-

236 2141 310 2174 ctui
330 2141 392 2174 illi.

328 2186 450 2220 Luna
481 2186 741 2230 scorpione.
787 2187 867 2220 luna
887 2186 917 2220 si
941 2186 1048 2230 prima
1070 2186 1179 2220 noctis
1202 2186 1320 2230 vigilia
1346 2190 1486 2220 cruenta
1506 2185 1655 2230 videtur,

238 2230 442 2264 seditionem
472 2231 620 2274 novique
651 2232 816 2276 principis
847 2233 1056 2265 evectionem
1088 2232 1250 2266 declarat.
1297 2232 1389 2265 caelo
1410 2231 1572 2265 nebuloso
1596 2237 1656 2265 aut

239 2275 418 2318 caliginem
436 2275 471 2308 in
491 2281 616 2308 terram
637 2277 810 2320 fundente,
833 2276 1003 2310 calamitas
1022 2277 1181 2310 frumenti
1204 2277 1318 2310 futura
1339 2282 1403 2310 est.
1436 2276 1655 2310 traiectiones

238 2319 368 2363 ignium
391 2320 612 2354 calamitatem
636 2326 670 2354 et
693 2323 861 2355 frumento
886 2327 920 2354 et
943 2321 1132 2355 hominibus
1151 2321 1364 2364 minitantur,
1397 2321 1528 2365 quando
1555 2320 1656 2353 nimi-

239 2376 314 2398 rum
336 2363 434 2398 stella
456 2366 498 2398 ab
519 2365 651 2398 oriente
674 2366 882 2399 occidentem
899 2378 1018 2400 versus
1042 2366 1174 2400 emicat.
1220 2366 1350 2400 sonitus
1373 2366 1404 2399 si
1425 2367 1465 2399 fit
1487 2377 1528 2398 ex
1549 2369 1656 2408 terra,

240 2411 357 2453 fugam
380 2410 537 2444 minatur.
585 2410 615 2443 si
633 2411 732 2444 lunae
756 2423 881 2444 cornua
904 2412 1115 2446 confundunt
1138 2423 1224 2454 sese,
1249 2412 1448 2444 frumentum
1471 2409 1656 2453 copiosum,

239 2456 304 2489 sed
334 2459 467 2498 strages
496 2466 629 2499 quoque
653 2456 718 2489 erit
743 2457 995 2500 quadrupedum
1022 2462 1058 2489 et
1081 2455 1277 2489 belluarum.
1322 2455 1351 2487 si
1375 2460 1468 2488 terra
1489 2458 1656 2496 movetur,

240 2499 297 2532 vir
334 2510 474 2543 magnus
511 2499 679 2534 interibit.
739 2501 914 2545 Vesperus
944 2501 975 2534 si
1007 2501 1052 2534 ad
1080 2499 1190 2534 lunam
1223 2499 1494 2544 appropinquat,
1534 2499 1656 2532 turbae

240 2549 355 2578 erunt.

332 2589 448 2622 Luna
471 2589 737 2632 sagittario.
785 2589 862 2622 luna
886 2590 916 2623 si
934 2594 1073 2624 cruenta
1090 2589 1236 2630 videtur,
1265 2589 1421 2622 civitates
1446 2587 1575 2632 amplae
1595 2597 1652 2619 so·-

241 2633 311 2666 lum
330 2640 480 2667 vertent.
524 2634 601 2667 luna
624 2634 655 2667 si
678 2635 821 2668 obscura
842 2635 880 2667 fit
901 2636 963 2667 sub
986 2635 1126 2678 primam
1148 2634 1295 2677 vigiliam
1317 2640 1376 2667 aut
1397 2634 1459 2667 sub
1480 2632 1569 2674 idus,
1616 2642 1655 2663 a-

243 2678 341 2711 latini
364 2679 664 2712 conturbabuntur.
709 2679 740 2712 si
759 2679 849 2712 circa
869 2681 1049 2713 secundam
1071 2679 1236 2723 vigiliam,
1269 2678 1370 2712 maris
1391 2677 1511 2711 incolis
1533 2675 1587 2710 bel
1602 2685 1655 2708 um

244 2723 410 2757 declar-att
434 2724 463 2757 si
481 2724 599 2768 vigilia
619 2724 733 2766 tertia,
759 2724 813 2757 vir
835 2730 955 2768 potens
979 2736 999 2757 a
1018 2725 1167 2758 Caesare
1190 2724 1382 2758 vexabitur.
1429 2723 1547 2756 eodem
1567 2726 1653 2771 tem-

244 2779 328 2812 pore
348 2768 427 2803 luna
448 2768 478 2802 si
501 2774 642 2804 cruenta
663 2769 811 2814 videtur,
834 2770 954 2804 caedes
972 2769 1131 2804 minatur.
1176 2769 1278 2804 flatus
1299 2768 1481 2802 vehemens
1501 2765 1531 2799 si
1548 2767 1657 2809 spirat
