1748 3210
86 1380 120 1412 p.
151 1370 206 1401 l‘ss'l

1683 37 1687 44 .

1728 119 1733 138 ἕ

213 212 215 214 “
232 199 321 245 104
734 200 952 245 IOANNIS
986 200 1116 242 LYDI

228 315 326 353 σθαι
355 311 404 353 τὰ
434 315 632 352 τελευταῖα
655 315 955 366 παραινοῦντος,
983 308 1195 362 Ἰουβιανόν
1214 310 1285 364 μὲν
1305 309 1422 362 αὐτὸς
1442 309 1625 368 ψηφισά-

226 394 340 430 μενος
356 376 574 431 βασιλεύειν
594 375 780 418 ἐτελεύτα.

360 444 436 488 76.
503 443 539 484 οἳ
574 442 649 483 ἀπὸ
689 440 859 495 μεγάλης
894 439 1017 498 ἀρχῆς
1053 440 1201 497 ῥέοντες
1233 440 1365 495 ι’ένεμοι
1392 445 1446 492 εἷς
1473 441 1626 486 δώδεκα

227 511 326 565 μέρη
356 515 427 550 τοῦ
456 507 648 563 ὁρίζοντος
675 510 929 562 διαιροῦνται.
995 510 1059 548 καὶ
1082 507 1118 548 οἳ
1140 509 1212 561 μὲν
1234 507 1303 548 ἀπ’
1329 508 1456 550 αὐτῶν
1477 509 1627 565 ἄρκτων

227 578 292 616 καὶ
323 580 394 616 τοῦ
425 575 514 616 κατ’
548 575 670 623 αὐτὰς
701 573 822 614 πόλου
853 573 1000 629 ῥέοντες
1029 575 1239 629 ἀπαρκτίαι
1267 577 1498 624 καλοῦνται,
1531 575 1567 616 οἳ
1587 576 1658 617 δὲὅ

227 642 303 682 ἀπὸ
335 640 480 689 δύσεως
508 642 730 695 ἶσημερινῆς
758 641 936 696 ζέφυροι,
971 640 1007 682 οἳ
1040 641 1082 681 δὲ
1111 640 1186 682 ἀπὸ
1212 643 1284 682 τοῦ
1315 640 1492 696 ἀφανοῦς
1511 640 1630 692 νότοι,

228 707 264 748 οἱ
296 707 338 748 ὁὲ
367 707 443 748 ἀπὸ
477 707 666 759 ἀνατολῆς
688 709 910 761 ἷσημερινῆς
931 706 1161 760 ἀπηλιῶται.
1226 710 1304 748 τῶν
1329 707 1372 747 δὲ
1391 707 1536 760 μεταξὺ
1555 709 1632 748 τῶν

229 773 436 829 εῗρημὲνων
450 771 470 812 ὃ
487 774 558 825 μὲν
574 773 764 828 προσεχὴς
780 777 836 827 τῷ
857 773 1051 830 ἀπαρκτίᾳ
1070 774 1242 823 καικίας,
1276 771 1427 814 &vitum
1446 774 1511 813 καὶ
1526 777 1633 829 θρα-

228 841 341 882 σκιάν
370 840 566 893 λέγουσιν,
601 837 621 879 ὃ
651 841 692 880 δὲ
721 843 778 895 τῷ
808 837 959 896 ζεφύρῳ
987 840 1198 894 ἀργέστης,
1228 838 1271 880 ὃν
1294 839 1422 892 οἱμὲν
1442 839 1634 891 ὀλυμπίαν

230 906 267 946 οἱ
298 906 341 946 δὲ
369 903 514 959 ι’άπυγα
546 909 729 947 καλοῦσι·
762 909 839 946 τῶν
867 907 908 946 δὲ
934 906 1078 957 μεταξὺ
1109 904 1276 961 ζεφύρου
1300 906 1364 946 καὶ
1383 903 1496 947 νότου
1519 904 1539 947 ὃ
1563 906 1633 958 μὲν
1646 911 1688 946 10

230 972 424 1026 προσεχὴς
449 977 504 1027 τῷ
536 970 687 1027 ζεφύρῳ
719 972 813 1023 λίψ,
848 969 867 1012 ὃ
893 972 935 1012 δὲ
958 977 1013 1026 τῷ
1035 970 1134 1028 νότῳ
1156 970 1376 1024 λιβόνοτος·
1409 975 1487 1013 τῶν
1505 972 1546 1013 δὲ
1563 989 1636 1024 με-

230 1037 325 1086 ταξὺ
347 1037 460 1078 νότου
483 1054 524 1078 τε
546 1039 609 1078 καὶ
634 1037 748 1093 εὔρου
771 1035 791 1077 ὃ
815 1038 885 1090 μὲν
907 1039 1068 1091 πλησίον
1097 1036 1308 1093 φερόμενος
1328 1042 1384 1093 τῷ
1402 1036 1500 1093 νότῳ
1525 1036 1637 1090 λιβό-

230 1119 340 1152 νοτος
360 1107 550 1153 καλεῖται,
586 1101 606 1144 ὃ
632 1104 673 1144 δὲ
694 1108 748 1159 τῷ
770 1101 969 1159 ἀπηλιώτῃ
992 1099 1124 1158 εὖρος·
1159 1103 1301 1157 ὁμοίως
1320 1105 1363 1145 δὲ
1380 1106 1445 1144 καὶ
1463 1103 1638 1158 ἀπηλιώ-

229 1186 298 1211 του
331 1171 474 1221 μεταξὺ
507 1171 570 1210 καὶ
599 1170 812 1224 ἀπαρκτίου
834 1167 854 1209 ὁ
872 1170 942 1221 μὲν
964 1171 1157 1225 προσεχὴς
1173 1174 1228 1226 τῷ
1245 1168 1445 1225 ἀπηλιώτῃ
1465 1173 1638 1212 καλεῖται

231 1237 404 1284 καικίας,
436 1233 455 1275 ὃ
493 1236 534 1275 δὲ
553 1240 608 1290 τῷ
629 1235 822 1291 ἀπαρκτίᾳ
842 1235 998 1290 βορέας.
1065 1240 1142 1276 τῶν
1163 1236 1204 1276 ὁὲ
1224 1236 1300 1276 ἀπὸ
1321 1234 1492 1290 μεγάλης
1514 1237 1638 1292 ἀρχῆς
1651 1244 1693 1280 15

230 1299 250 1340 ὃ
273 1302 344 1352 μὲν
367 1301 438 1340 ἀπ’
460 1300 590 1354 ὀλίγης
610 1305 738 1356 φορᾶς
759 1300 900 1355 νέφους
919 1301 1117 1356 ἐκνεφίας,
1153 1300 1173 1342 ὃ
1195 1302 1236 1342 δὲ
1257 1301 1333 1342 ἀπὸ
1355 1300 1508 1343 κόλπων
1527 1307 1641 1344 τινῶν

234 1369 297 1406 καὶ
328 1367 392 1406 διὰ
428 1365 641 1422 φαράγῃίυν
671 1368 852 1416 κολπίας,
894 1364 914 1406 ὅ
942 1368 984 1408 δὲ
1009 1367 1085 1408 ἀπὸ
1109 1371 1180 1421 γῆς
1199 1369 1264 1408 καὶ
1283 1372 1508 1423 συστροφῆς
1528 1369 1641 1424 ἀέρος

231 1434 406 1487 γνοφιάς.
475 1428 594 1486 αὖραι
625 1433 700 1488 γὰρ
733 1435 797 1474 καὶ
834 1433 949 1474 αὐταὶ
979 1435 1044 1475 καὶ
1077 1432 1205 1489 ῥύσεις
1232 1434 1356 1489 ἀέρων
1387 1433 1643 1488 τυγχάνουσιν

233 1494 370 1547 οὖσαι,
405 1500 468 1538 καὶ
504 1499 573 1540 οὐκ
604 1498 754 1552 ἀλόγως
782 1498 915 1551 ἄνεμοι
948 1503 1181 1550 καλοῦνται,
1215 1499 1278 1541 ὅτε
1301 1499 1327 1554 ἢ
1351 1499 1428 1541 ἀπὸ
1451 1504 1596 1554 λιμνῶν
1617 1499 1644 1554 ’ἢ

232 1568 420 1617 ποταμῶν
450 1565 633 1619 φέρονται
647 1578 657 1588 ·
693 1565 820 1616 ὅμοιοι
839 1566 881 1606 δὲ
903 1564 1050 1607 τούτων
1069 1568 1141 1608 εἰσὶ
1158 1568 1223 1607 καὶ
1242 1566 1279 1607 οἳ
1299 1565 1484 1620 ἀπόγειοι.
1549 1566 1642 1608 ὅθεν
1652 1574 1697 1609 20

235 1629 403 1684 εὐλόγως
421 1630 534 1685 ἀέρος
550 1631 787 1684 ἠρεμοῦντος
807 1630 849 1672 τὸ
873 1630 1105 1685 κατάστημα
1125 1637 1297 1674 καλεῖται
1316 1633 1488 1686 νηνεμία.

324 1703 341 1735 1
367 1699 533 1745 ἰοβιοινὸν
550 1701 599 1733 P:
623 1701 785 1735 intactum
803 1701 1057 1746 relinquendum
1074 1701 1293 1747 Ἰουβιανόν;
1317 1707 1411 1736 certe
1430 1702 1646 1747 Nicephorus

320 1746 515 1791 patriarcha
535 1745 815 1789 chronographia
840 1748 882 1780 ad
907 1747 1029 1780 calcem
1051 1747 1202 1790 Syncelli
1227 1759 1263 1793 p.
1281 1748 1349 1782 402
1364 1747 1394 1781 A
1417 1747 1472 1780 alii
1499 1759 1541 1781 ue
1559 1748 1644 1781 scri-

322 1796 438 1834 ptores
462 1790 642 1832 Byzantini
664 1792 781 1823 eodem
802 1792 898 1823 modo
918 1792 1084 1826 scribunt.
1123 1792 1216 1825 HAS.
1393 1791 1416 1826 4
1444 1803 1490 1825 κα
1529 1803 1582 1826 om
1602 1792 1645 1827 P.

326 1835 367 1868 18
392 1832 517 1877 φύσεις
538 1834 637 1877 libri,
661 1833 831 1878 φυσήσεις
848 1836 1053 1870 Roetherus.

234 1906 300 1934 tem
323 1911 397 1933 cum
425 1911 499 1933 eum
523 1900 559 1932 in
583 1905 695 1934 castra
722 1904 988 1944 transportasset
1010 1906 1046 1935 et
1067 1901 1263 1936 hortaretur
1283 1905 1322 1936 ut
1342 1913 1501 1948 suprema
1529 1901 1647 1948 dispo-

234 1950 352 1986 neret,
375 1945 450 1988 ipse
472 1945 614 1977 Ioviano
635 1945 789 1978 instituto
811 1957 892 1989 rege
911 1952 1060 1980 mortuus
1079 1952 1145 1980 est.

322 1989 380 2023 76.
427 1989 497 2028 Qui
525 1999 545 2022 a
573 2000 692 2032 magno
725 1989 823 2023 initio
856 1991 988 2034 spirant
1013 1991 1108 2024 venti
1132 1991 1181 2032 (i.
1205 2002 1238 2024 e.
1258 1990 1355 2024 venti
1377 1990 1586 2034 cardinales)
1610 1990 1648 2025 in

234 2033 411 2068 duodecim
439 2032 624 2066 horizontis
649 2037 764 2077 partes
793 2034 1012 2078 dividuntur,
1044 2040 1081 2068 et
1102 2035 1160 2080 qui
1181 2036 1223 2069 ab
1245 2035 1330 2079 ipsis
1359 2035 1648 2080 septentrionibus

235 2083 272 2112 et
291 2077 370 2121 polo
393 2077 649 2121 septentrionali
671 2078 821 2122 spirant,
844 2080 1016 2122 aparctiae
1039 2084 1223 2121 vocantur3
1250 2080 1309 2124 qui
1329 2081 1371 2114 ab
1395 2081 1571 2114 occidente
1588 2092 1649 2114 ae-

235 2121 453 2166 quinoctiali,
480 2121 642 2165 zephyri3
671 2123 730 2166 qui
755 2135 775 2156 a
796 2124 957 2167 meridie,
978 2124 1069 2165 noti;
1099 2124 1158 2168 qui
1176 2130 1287 2158 autem
1309 2125 1352 2158 ab
1376 2125 1507 2159 oriente
1529 2124 1650 2168 aequi-

236 2165 395 2207 noctiali,
419 2165 586 2209 apeliotae
610 2167 664 2208 (s.
683 2168 896 2210 subsolani):
922 2180 1036 2202 eorum
1059 2175 1170 2202 autem
1190 2169 1248 2212 qui
1265 2169 1356 2202 inter
1375 2181 1434 2203 eos
1457 2181 1541 2215 quos
1559 2169 1651 2202 dixi-

239 2222 310 2244 mus
333 2215 454 2243 ventos
477 2210 628 2254 spirant,
650 2211 680 2244 is
702 2212 761 2255 qui
785 2213 955 2255 proximus
983 2218 1035 2246 est
1057 2213 1238 2256 Apa‘rctiae
1257 2213 1542 2258 Caecias„quem
1564 2224 1651 2247 non-

239 2254 322 2288 nulli
339 2259 375 2288 et
391 2255 581 2287 Thrascian
600 2255 727 2299 dicunt,
750 2257 808 2299 qui
826 2262 936 2290 autem
953 2257 1127 2301 Zephyro,
1148 2258 1322 2301 Argestes,
1339 2269 1438 2302 quem
1455 2258 1514 2292 alii
1531 2258 1651 2301 Olym-

235 2299 317 2343 pian
349 2298 407 2332 alii
438 2304 549 2332 autem
579 2299 709 2343 Iapyga
739 2307 883 2341 vocant3
917 2313 1031 2334 eorum
1062 2308 1172 2335 autem
1203 2302 1260 2345 qui
1286 2302 1376 2335 inter
1397 2302 1592 2346 Zephyrum
1616 2305 1653 2336 et

238 2344 385 2385 Notum,
410 2343 438 2375 is
467 2343 526 2387 qui
549 2344 720 2385 proximus
745 2350 798 2378 est
819 2345 980 2389 Zephyro
999 2346 1102 2389 Lips,
1125 2347 1183 2390 qui
1201 2352 1311 2380 autem
1330 2347 1423 2379 Noto
1441 2347 1651 2387 Libonotus;

239 2399 355 2422 eorum
375 2392 486 2420 autern
508 2388 565 2430 qui
591 2388 680 2421 inter
697 2389 824 2422 Notum
843 2396 879 2423 et
895 2390 1043 2431 Eurum,
1067 2391 1097 2423 is
1116 2391 1175 2434 qui
1192 2402 1298 2434 prope
1315 2391 1442 2424 Notum
1461 2391 1570 2425 fertur
1587 2389 1650 2423 Li-

239 2434 384 2466 bonotus
406 2438 568 2474 vocatur,
602 2432 660 2476 qui
683 2437 793 2466 autem
818 2445 926 2486 prope
949 2434 1129 2479 Apelioten
1151 2436 1284 2475 Eurus3
1308 2434 1464 2468 similiter
1486 2440 1599 2468 autem
1616 2438 1652 2469 et

238 2477 419 2520 Apelioten
435 2476 525 2508 inter
543 2481 580 2509 et
595 2477 777 2520 Aparctian
789 2503 798 2519 ‚
821 2489 850 2511 1s
869 2479 927 2522 qui
945 2479 1116 2523 proximus
1136 2485 1189 2512 est
1204 2478 1380 2523 Apeliotae
1398 2483 1541 2513 vocatur
1560 2480 1651 2514 Cae-

238 2522 308 2554 cias
322 2547 332 2564 ‚
354 2521 413 2565 qui
430 2525 540 2554 autem
562 2520 743 2564 Aparctiae
763 2523 906 2556 Boreas.
952 2534 1066 2556 eorum
1086 2529 1196 2556 autem
1219 2523 1277 2567 qui
1297 2535 1318 2556 ο,
1339 2535 1460 2566 magno
1478 2524 1597 2567 initio,
1619 2524 1650 2557 is

238 2566 297 2609 qui
317 2577 338 2598 a
361 2576 468 2610 parva
488 2565 636 2598 motione
658 2566 755 2599 nubis
785 2566 903 2600 existit
925 2567 1126 2610 ecnephias,
1161 2568 1218 2610 qui
1249 2573 1361 2601 autem
1395 2579 1416 2601 a
1443 2568 1582 2602 sinubus
1616 2572 1652 2602 et

239 2621 303 2654 per
323 2609 491 2643 convalles
522 2609 669 2653 colpias‚
701 2610 760 2654 qui
783 2617 894 2645 autem
916 2623 936 2644 a
958 2617 1051 2645 terra
1074 2616 1109 2644 et
1133 2611 1331 2645 collectione
1353 2612 1442 2646 aeris
1471 2624 1538 2656 gno
1563 2612 1650 2646 hias.

240 2665 343 2687 aurae
375 2654 463 2686 enim
493 2657 529 2687 et
556 2654 624 2698 ipsi
652 2659 688 2687 et
714 2655 815 2688 flatus
847 2656 960 2689 aetum
988 2660 1086 2697 sunt⁷
1114 2667 1177 2689 nec
1202 2658 1330 2699 absque
1360 2656 1494 2690 ratione
1527 2667 1654 2698 ανεμοι

241 2698 385 2741 (venti)
410 2703 593 2741 vocantur,
628 2709 700 2732 cum
729 2699 785 2732 vel
814 2711 834 2732 a
863 2699 1000 2734 lacubus
1024 2699 1079 2734 vel
1101 2700 1293 2734 fluminibus
1317 2702 1490 2735 feruntur:
1505 2724 1507 2726 v
1525 2701 1650 2735 similes

240 2748 351 2776 autem
379 2743 496 2777 horum
518 2749 598 2776 sunt
622 2748 658 2777 et
679 2747 884 2787 terrestres,
917 2745 1007 2778 unde
1030 2756 1097 2778 non
1125 2750 1253 2778 temere
1280 2745 1311 2779 is
1333 2749 1463 2789 status,
1493 2756 1568 2780 cum
1593 2746 1652 2780 aer

240 2786 374 2830 quietus
398 2791 470 2830 est,
501 2791 642 2821 vocatur
663 2787 812 2831 νηνεμία
835 2788 860 2821 i.
881 2800 913 2821 e.
936 2789 1103 2823 serenitas
1125 2788 1229 2823 aeris.
