1748 3210
238 177 331 222 322
751 175 973 218 IOANNIS
1003 175 1136 218 LYDI

690 280 1199 316 ΙΑΝΟΤΑΡΙΟΣ.

288 353 362 401 34.
391 354 442 396 α’.
466 357 515 395 Εἶ
536 351 758 409 βροντῆσῃ,
791 352 964 409 ἐλαφρὸς
984 351 1124 406 ἄνεμος
1144 351 1290 409 (iabou,
1323 352 1414 395 ἀλλ’
1438 356 1652 404 ἀκίνδυνος.

367 420 407 474 β’
409 453 420 462 .
466 423 499 462 εἰ
520 418 740 476 βροντήσῃ,
776 418 967 473 ἀδόκητος
989 419 1097 461 ἔσται
1116 418 1298 472 πόλεμος.

365 486 412 541 γ’.
464 489 497 528 εἰ
515 485 735 542 βροντήσῃ,
767 487 868 540 μετὰ
894 488 1001 540 νίκην
1022 481 1143 541 ἧτταν
1161 492 1242 536 τοῖς
1262 487 1302 527 ἐν
1319 488 1474 545 πολέμῳ
1492 486 1649 545 φράζει·

235 555 396 608 εὐθηνιά
421 554 462 594 δὲ
484 553 605 595 ἔσται.
1660 562 1681 595 5

365 618 416 662 δ’.
467 622 501 662 εἴ
518 617 716 677 βροντήσῃ
725 650 738 670 ,
772 617 977 673 ὅμονοήσει
995 618 1015 660 ὅ
1036 621 1160 672 δῆμος
1177 618 1276 675 πρὸς
1292 617 1458 675 εἰρήνην.

365 685 408 728 ε’.
470 689 503 728 εἲ
523 685 741 743 βροντήσῃ,
774 685 919 740 ὑγίειαν
940 692 1021 734 τοῖς
1040 685 1190 738 κτήνεσι
1209 687 1398 740 σημαίνει.

366 751 413 801 ς’.
466 755 500 794 εἶ
515 752 727 808 βροντῆσῃ,
746 752 909 807 βηχώὸη
929 751 1044 794 νόσον
1061 753 1220 805 ἀπειλεῖ,
1234 753 1434 809 ἀφθονίαν
1446 752 1489 793 δὲ
1501 749 1649 805 ἰχθύων

232 822 297 861 καὶ
315 823 478 874 καρπῶν
497 822 622 872 δηλοῖ.

364 884 411 937 ζ’.
463 888 496 927 εἰ
514 883 712 941 βροντήσῃ
721 916 733 934 ,
769 885 1014 938 δουλομαχιά
1033 883 1140 927 ἔσται
1159 886 1225 926 καὶ
1243 883 1357 935 νόσος
1372 882 1508 938 συχνή.
1662 897 1703 931 10

362 950 413 1006 η’.
465 955 498 994 εἰ
515 951 715 1009 βροντήσῃ
724 983 737 1003 ,
771 949 791 992 ὃ
811 951 1006 1005 δυνάστης
1019 957 1091 1005 τῆς
1106 954 1300 1002 πολιτείας
1317 951 1414 1008 πρὸς
1435 946 1506 993 τοῦ
1524 948 1649 1004 δήμου

230 1018 478 1063 κινδυνεύσει.

357 1084 416 1128 θ’.
461 1087 494 1128 εἲ
512 1083 710 1143 βροντήσῃ
719 1116 732 1136 ,
768 1083 788 1126 ὅ
809 1089 879 1138 τῆς
900 1084 1093 1138 ἀνατολῆς
1111 1086 1298 1138 βασιλεὺς
1319 1082 1566 1127 κινδυνεύσει.

360 1151 400 1194 ι’.
458 1155 491 1194 εἰ
517 1151 738 1208 βροντήσῃ,
773 1152 917 1203 ἀνέμου
955 1153 1102 1204 κίνησιν
1132 1153 1314 1208 σφοδρὰν
1347 1154 1412 1194 καὶ
1441 1153 1550 1193 σίτου
1578 1150 1649 1203 μὲν

229 1219 416 1277 εὖφοριάν
431 1223 510 1261 τῶν
529 1220 569 1260 δ’
593 1218 722 1259 ἄλλων
742 1221 903 1273 καρπῶν
923 1216 1094 1272 ἀφορίαν
1115 1219 1239 1270 δηλοῖ.
1661 1230 1701 1263 15

359 1284 427 1327 ια’.
462 1288 495 1327 εἰ
509 1283 729 1341 βροντήσῃ,
760 1283 874 1336 λιμὸν
898 1284 1074 1336 σημαίνει
1092 1285 1157 1324 καὶ
1172 1283 1308 1339 μέχρις
1326 1281 1490 1336 ἀλόγων.

358 1352 427 1405 ιβ’.
464 1350 709 1408 εἲβροντήσῃ
718 1382 731 1401 ,
766 1351 803 1392 οἳ
823 1349 1028 1406 ἄνθρωποι
1045 1349 1117 1400 τὰς
1133 1349 1247 1403 ὄψεις
1264 1347 1516 1404 νοσήσουσιν,
1542 1346 1650 1390 ἔσται

230 1422 273 1462 δὲ
293 1419 415 1468 πολὺς
433 1418 577 1475 χόρτος
597 1420 662 1459 καὶ
685 1415 837 1471 ῗχθύων
857 1418 1042 1466 ἐπίδοσις.

362 1484 426 1541 ιγ’.
461 1489 495 1528 εἲ
512 1484 733 1542 βροντήσῃ,
766 1483 906 1532 νόσους
927 1484 1085 1525 ἀπειλεῖ.

359 1551 425 1594 ιδ’.
460 1555 493 1594 εἲ
510 1551 709 1609 βροντήσῃ
719 1583 733 1604 ‚
761 1549 902 1594 σπάνιν
927 1553 991 1592 καὶ
1021 1553 1132 1604 μυῶν
1152 1549 1296 1605 γένεσιν
1313 1550 1378 1591 καὶ
1399 1546 1566 1604 ὄλεθρον
1583 1564 1646 1590 τε-
1656 1558 1701 1592 20

228 1616 437 1676 τραπόδων
456 1620 615 1661 ἀπειλεῖ.

362 1684 419 1727 ιε’.
464 1687 496 1727 εἲ
512 1683 733 1742 βροντήσῃ,
766 1682 905 1727 στάσιν
927 1682 1111 1737 δουλικὴν
1134 1684 1198 1724 καὶ
1218 1683 1409 1738 τιμωρίαν
1429 1681 1562 1728 αὐτοῖς
1581 1682 1647 1722 καὶ

230 1752 416 1806 εῧθηνίαν
440 1757 614 1809 καρπῶν.

359 1817 422 1868 ις’.
459 1821 491 1861 εἰ
507 1816 706 1876 βροντήσῃ
716 1849 729 1869 ,
763 1815 784 1858 ὅ
806 1819 930 1871 δῆμος
946 1815 1023 1858 ’ὑπὸ
1043 1818 1113 1857 τοῦ
1127 1814 1321 1868 βασιλέως
1335 1812 1645 1870 ταραχθήσεται.

314 1937 337 1970 2
359 1931 511 1979 ἄνεμος]
531 1935 697 1974 κίνδυνος
717 1934 824 1977 Rutg.
996 1933 1037 1967 11
1062 1929 1082 1967 ὁ
1107 1943 1159 1966 om
1181 1931 1286 1976 Rutg.
1443 1930 1486 1965 18
1506 1928 1568 1964 καὶ
1590 1940 1644 1963 om

314 1981 421 2025 Rutg.
555 1982 599 2015 24
622 1977 643 2013 ὁ
668 1990 720 2013 om
738 1979 841 2022 Rutg.
1092 1995 1094 1998 ·

714 2075 1160 2112 IANUARIUS.

313 2145 371 2180 34.
419 2146 451 2178 1.
485 2144 525 2177 Si
546 2145 717 2187 tonuerit,
738 2148 861 2178 ventus
885 2142 982 2176 flabit
1004 2143 1114 2187 celer,
1137 2144 1198 2178 sed
1219 2143 1390 2178 innoxius.
1478 2142 1513 2175 2.
1539 2141 1570 2175 si
1589 2144 1642 2175 to-

225 2189 356 2233 nuerit,
390 2190 660 2233 inexspectatum
684 2189 751 2222 erit
770 2188 906 2223 bellum.
997 2189 1030 2222 3.
1067 2189 1098 2222 si
1122 2193 1234 2232 tonat,
1270 2186 1544 2232 belligerantibus
1566 2191 1647 2231 post

222 2235 402 2270 victoriam
422 2235 576 2268 damnum
598 2238 867 2277 praemonstrat,
901 2233 1034 2276 eritque
1054 2233 1272 2267 abundantia.
1362 2233 1397 2267 4,
1430 2231 1459 2265 si
1482 2231 1644 2273 tonuerit,

225 2279 368 2326 populus
390 2279 561 2312 Romanus
584 2278 775 2311 consentiet
797 2279 839 2311 ad
862 2289 978 2322 pacem
999 2278 1200 2312 faciendam.
1290 2278 1324 2313 5.
1360 2277 1390 2311 si
1412 2281 1527 2319 tonat,
1551 2275 1642 2309 sani-

223 2330 329 2359 tatem
346 2323 533 2368 pecudibus
551 2322 734 2366 siguificat.
825 2322 858 2355 6.
883 2323 914 2355 si
931 2327 1046 2366 tonat,
1069 2325 1218 2356 morbum
1238 2322 1471 2356 tussicularem
1487 2320 1644 2363 minatur,

224 2368 356 2413 copiam
387 2367 529 2412 piscium
556 2368 756 2411 frugumque
783 2366 944 2400 declarat.
1044 2369 1079 2402 7.
1112 2367 1142 2401 si
1169 2368 1336 2410 tonuerit,
1366 2366 1489 2400 bellum
1518 2364 1645 2398 servile

224 2415 292 2448 erit
313 2418 348 2446 et
369 2414 505 2447 morbus
522 2412 696 2456 frequens,
787 2412 820 2444 8.
847 2411 877 2444 si
894 2411 1062 2456 tonuerit,
1086 2411 1288 2446 dominatori
1309 2410 1459 2445 civitatis
1476 2421 1497 2442 a
1517 2409 1642 2462 populo

221 2458 409 2504 periculum
439 2458 613 2491 afferetur.
703 2457 737 2489 9.
772 2455 803 2488 si
833 2457 1002 2500 tonuerit,
1035 2469 1096 2490 rex
1124 2457 1277 2490 Orientis
1307 2454 1492 2500 periculum
1521 2454 1642 2487 adibit.

222 2507 277 2538 10.
302 2503 333 2537 si
353 2506 469 2544 tonat,
493 2501 587 2536 venti
604 2505 729 2534 motum
745 2500 998 2543 vehementem,
1020 2501 1179 2535 frumenti
1197 2506 1414 2545 proventum,
1438 2498 1642 2543 reliquarum

218 2550 353 2592 frugum
383 2547 597 2580 sterilitatem
619 2545 781 2580 declarat.
874 2547 926 2579 11.
962 2546 991 2579 si
1019 2550 1133 2589 tonat,
1164 2547 1285 2578 famem
1307 2545 1479 2588 significat
1499 2543 1554 2577 vel
1578 2544 1641 2576 be-

219 2594 302 2628 stias
327 2597 522 2626 vexantem.
614 2591 666 2624 12.
693 2590 723 2624 si
739 2589 909 2631 tonuerit,
933 2590 1083 2624 homines
1107 2590 1183 2624 visu
1205 2590 1423 2631 laborabunt3
1446 2587 1513 2622 erit
1531 2589 1639 2632 pabu-

217 2639 286 2672 lum
315 2638 490 2682 copiosum
514 2638 550 2669 et
570 2635 712 2679 piscium
739 2639 937 2678 proventus.
1031 2637 1085 2669 13.
1119 2635 1150 2668 si
1174 2640 1286 2678 tonat,
1318 2635 1452 2668 morbos
1481 2633 1638 2666 minatur.

219 2683 274 2721 14.
307 2682 339 2716 si
360 2686 478 2725 tonat,
502 2681 699 2725 penuriam,
721 2679 862 2713 murium
892 2680 1165 2722 generationem,
1188 2680 1362 2714 interitum
1387 2678 1639 2723 quadrupedum

216 2728 374 2763 minatur.
467 2727 523 2759 15.
558 2725 589 2758 si
616 2730 730 2768 tonat,
759 2724 960 2759 seditionem
984 2724 1221 2769 servitiorum,
1254 2723 1577 2758 animadversionem
1602 2721 1637 2753 in

216 2785 279 2817 ea,
310 2777 346 2808 et
373 2770 615 2808 abundantiam
640 2771 785 2815 frugum.
878 2770 932 2804 16.
964 2769 995 2803 si
1021 2769 1191 2814 tonuerit,
1222 2769 1366 2815 populus
1394 2769 1564 2802 Romanus
1593 2767 1635 2798 ab

1662 2857 1682 2877 ε
