1748 3210
419 179 494 223 DE
522 175 971 222 MAGISTRATIBUS
1004 177 1051 220 P.
1077 176 1131 220 R.
1163 176 1268 221 LIB.
1298 175 1332 220 Ι.
1506 177 1600 222 125

147 291 248 339 σατό
266 311 310 338 τε.
327 293 401 349 τὴν
420 293 584 350 ἤπειρον
603 295 670 335 καὶ
689 299 773 343 τοῖς
794 290 938 350 φόροις
959 289 1160 349 ε’βάρυνεν.
1230 292 1302 346 (5)
1329 290 1429 334 ὥστε
1450 288 1600 348 τύραν-

146 381 216 414 νος
233 358 283 418 ἦν
303 360 325 405 ὅ
339 360 564 417 Ῥωμύλος,
600 367 759 419 πρῶτον
779 363 852 416 μὲν
871 361 940 403 τὸν
960 361 1138 419 ἀδελφὸν
1161 361 1309 403 ἀνελὼν
1329 363 1396 402 καὶ
1422 361 1491 402 τὸν
1512 362 1601 414 μεί-

147 433 270 484 ζονα,
297 433 364 473 καὶ
384 429 571 487 πράττων
593 429 747 487 ἀλόγως
766 430 818 472 τὰ
837 432 1149 487 προσπίπτοντα.
1217 428 1344 486 ταύτῃ
1375 431 1440 471 καὶ
1468 431 1600 486 Κυρῖ-

146 515 217 550 νος
236 498 544 556 προσηγορεύθη
575 500 693 542 οἱονεὶ
723 497 880 555 κύριος,
915 498 990 540 κᾶν
1021 500 1054 541 εἲ
1085 500 1331 557 Διογενιανῷ
1360 502 1418 555 τῷ
1446 501 1599 548 λεξικο-

112 566 291 626 ὃγράφῳ
313 567 445 618 ἄλλως
463 571 584 625 δοκῇ·
620 568 713 610 οὐδὲ
731 566 808 624 γὰρ
830 566 1029 622 ἀγνοήσας
1048 566 1068 610 ὃ
1085 566 1333 622 Ῥωμύλοςῆ
1357 567 1394 608 οἱ
1415 567 1498 608 κατ’
1523 567 1598 608 αὐ-

143 637 214 680 τὸν
237 638 434 680 δείκνυται
454 637 545 679 κατ’
570 637 691 679 {nervo
712 640 856 692 καιροῦ
877 634 1139 690 τὴνἙλλάδα
1157 635 1307 693 φωνήν,
1330 637 1402 690 τὴν
1423 637 1601 678 Αἰολίδα

144 706 268 761 λέγω,
305 704 360 756 ὥς
377 723 501 762 φασιν
522 704 543 747 ὅ
562 723 604 748 τε
621 703 772 747 Κάτων
796 705 838 746 ἐν
867 709 925 761 τῷ
955 707 1044 761 περὶ
1069 703 1293 760 Ῥωμαϊκῆς
1324 703 1601 760 ἀρχαιότητος,

144 773 324 831 Βάρρων
353 791 394 816 τε
423 773 444 816 ὁ
467 775 828 828 πολυμαθέστατος
851 773 893 815 ἓν
914 775 1140 829 προοιμίοις
1160 778 1240 816 τῶν
1263 773 1365 830 πρὸς
1385 772 1602 827 Πομπήϊον

147 842 259 900 αὐτῷ
279 843 580 899 γεγραμμένων,
620 841 835 899 Εὐάνδρου
857 843 924 883 καὶ
945 846 1024 884 τῶν
1047 842 1179 884 ἄλλων
1193 842 1400 899 Ἀρκάδων
1425 845 1479 892 εἷς
1498 842 1601 884 'Ita-1

92 921 138 955 10
149 912 237 957 λίαν
256 910 456 953 ἐλθόντων
474 913 569 953 ποτὲ
588 914 655 953 καὶ
677 911 747 965 τὴν
765 913 943 953 Αἰολίδα
962 918 1046 960 τοῖς
1064 909 1294 968 βαρβάροις
1315 909 1602 966 ε’νσπειράντων

148 978 298 1037 φωνήν.
365 977 392 1034 ἦ
411 980 488 1037 γὰρ
506 986 798 1036 γραμματικοῖς
816 979 926 1035 παρὰ
946 978 1093 1033 ταύτην
1111 980 1346 1034 εἷσαγομένη
1365 980 1602 1034 ἐτυμολογία

146 1048 250 1102 μετὰ
278 1047 512 1103 συγγνώμης
539 1051 775 1102 βεβίασται·
810 1047 890 1089 ἀπὸ
920 1047 1089 1104 Κύρεως
1118 1047 1218 1104 γάρ,
1252 1050 1440 1102 πολίχνης
1471 1050 1602 1101 Σαβί-

145 1133 239 1169 νων,
273 1115 401 1166 οὕτως
422 1116 542 1158 αὐτὸν
557 1121 924 1174 παρονομασθῆναι
943 1115 1172 1170 βούλονται,
1203 1118 1343 1173 καίπερ
1369 1117 1442 1170 οὐχ
1467 1115 1604 1173 ὁρμώ-

145 1202 265 1240 μενον
281 1186 452 1236 iuer-9221,
495 1187 558 1227 ε’πὶ
590 1187 635 1227 δὲ
664 1190 735 1228 τοῦ
755 1186 991 1226 Παλατίνου
1020 1190 1170 1238 βουνοῦ
1202 1186 1396 1239 τεχθέντα
1422 1202 1462 1226 τε
1492 1185 1602 1240 παρὰ

92 1263 136 1299 15
148 1260 236 1304 ταῖς
253 1252 399 1308 ὄχθαις
416 1257 489 1295 τοῦ
513 1254 726 1310 Τιβέριδος
748 1255 816 1294 καὶ
836 1254 1040 1309 τραφέντα
1059 1255 1150 1295 ἐκεῖ.
1219 1255 1382 1310 κυρίους
1410 1253 1486 1309 γὰρ
1509 1252 1603 1295 ἑαυ-

146 1322 243 1372 τοὺς
263 1324 330 1364 καὶ
354 1320 570 1372 δεσπότας,
595 1322 680 1363 ἀλλ’
704 1322 750 1363 οὐ
770 1323 964 1375 βασιλέας
982 1321 1166 1377 τύραννοι
1190 1326 1352 1378 φιλοῦσι
1373 1325 1603 1364 καλεῖσθαι.

149 1391 167 1441 (
179 1390 236 1446 6)
271 1396 447 1447 κρεῖττον
470 1391 512 1432 δὲ
531 1392 739 1444 βασιλείας
760 1390 805 1432 τὸ
824 1391 1036 1446 Καίσαρος
1057 1391 1214 1444 ἀξίωμα
1221 1423 1236 1442 ,
1284 1391 1344 1432 ὅτι
1373 1392 1438 1432 καὶ
1462 1393 1602 1432 δοῦναι

147 1459 341 1513 βασιλέας
360 1457 485 1500 πάλαι
504 1466 588 1508 τοῖς
605 1459 762 1500 ἔθνεσιν
785 1459 849 1500 ἐπ’
881 1461 1063 1509 ἔξουσίας
1089 1458 1179 1513 εἶχε.
1248 1459 1415 1514 μισητὸν
1436 1459 1514 1515 γὰρ
1536 1460 1603 1500 καὶ

143 1525 368 1582 Ῥωμαϊκῆς
405 1528 634 1584 ἐλευθερίας
672 1525 883 1584 ἀλλότριον
923 1527 1140 1579 δεσπότας,
1192 1527 1295 1569 ἀλλὰ
1328 1528 1386 1582 μὴ
1412 1528 1605 1582 βασιλέας

92 1596 243 1646 Ξθτοὺς
261 1599 509 1654 κρατοῦντας
529 1595 759 1650 ὀνομάζειν,
798 1594 945 1638 καθότι
967 1595 1162 1651 δεσπότης
1190 1595 1317 1650 ὄνομα
1346 1594 1476 1638 κοινόν
1499 1597 1605 1637 ἐστιν

148 1664 285 1716 αὐτοῖς
305 1667 371 1707 καὶ
390 1672 473 1716 τοῖς
493 1666 561 1708 ἕνα
582 1666 783 1722 δραπέτην
802 1666 1076 1719 κεκτημένοις,
1123 1665 1168 1707 τὸ
1191 1667 1235 1707 δὲ
1251 1666 1451 1719 βασιλέων
1472 1665 1604 1706 αὐτῶν

148 1735 216 1776 καὶ
232 1732 378 1788 μόνων.
439 1736 505 1776 καὶ
525 1737 646 1789 δῆλον
666 1734 851 1790 ἀντικρὺς
875 1733 934 1776 ὅτι
949 1732 1162 1787 Ῥωμαίοις
1181 1733 1278 1784 ἔθος
1296 1733 1487 1775 dominos
1510 1733 1606 1783 τοὺς

148 1801 473 1860 τυραννήσαντας
494 1803 720 1855 ἀποκαλεῖν,
756 1802 810 1853 ὡς
831 1803 879 1858 δὴ
900 1801 1061 1844 Σύλλαν
1082 1805 1147 1845 καὶ
1168 1802 1338 1860 ,711άριον
1345 1834 1359 1855 ,
1394 1804 1461 1844 καὶ
1485 1804 1603 1856 δομι-

238 1898 262 1934 5
285 1897 497 1946 λεξογροὶφῳ
527 1899 631 1946 vulgo
663 1903 700 1934 et
727 1899 892 1933 hocloco
925 1902 960 1934 et
986 1900 1002 1933 1
1031 1900 1087 1935 17.
1272 1900 1295 1934 6
1322 1897 1465 1934 ἐκείνου
1494 1898 1607 1944 prima

237 1956 358 1979 manus
381 1946 424 1979 C.
562 1947 584 1980 9
609 1943 780 1980 ἄλκάδων
804 1946 855 1979 C:
881 1958 959 1979 corr
982 1947 1028 1980 F.
1167 1947 1213 1981 22
1235 1943 1352 1990 μόνον
1380 1946 1429 1979 C:
1455 1957 1534 1979 corr
1556 1946 1602 1979 F.

147 2024 289 2058 tributis
313 2025 484 2059 oneravit.
533 2025 602 2069 (5)
628 2037 736 2070 quare
759 2030 928 2068 tyrannus
958 2030 1034 2058 erat
1059 2024 1244 2066 Romulus;
1278 2024 1338 2070 qui
1363 2025 1502 2069 quidem
1530 2035 1605 2058 cum

147 2071 290 2105 fratrem
308 2071 419 2115 primo
439 2074 584 2116 eumque
603 2078 685 2105 natu
703 2070 867 2104 maiorem
884 2070 1074 2113 interfecit,
1093 2076 1163 2104 tum
1181 2076 1312 2104 temere
1333 2071 1498 2116 quicquid
1518 2070 1604 2114 egit.

149 2116 231 2150 hine
249 2128 386 2161 qnoque
410 2117 578 2156 Quirinus
600 2117 713 2151 dictus
733 2122 798 2160 est,
822 2116 859 2151 id
882 2122 936 2150 est
955 2115 1081 2158 κύριος
1106 2116 1317 2159 (dominus);
1342 2117 1498 2161 quamvis
1517 2116 1604 2150 Dio-

150 2162 311 2205 genhano,
334 2162 579 2196 vocabulorum
600 2163 776 2207 scriptori,
801 2162 902 2197 aliter
920 2163 1068 2207 placeat.
1116 2173 1192 2196 nam
1215 2169 1352 2196 constat
1369 2162 1550 2197 Romulum
1570 2166 1607 2195 et

151 2208 312 2252 aequales
336 2208 410 2241 eius
427 2208 578 2252 linguam
600 2210 792 2251 Graecam,
817 2208 970 2242 Aeoliam
996 2208 1093 2250 dico,
1119 2220 1187 2242 non
1206 2209 1387 2252 ignorasse
1403 2236 1411 2252 ,
1448 2216 1486 2242 ut
1509 2209 1608 2242 aiunt

155 2254 256 2297 Cato,
278 2254 314 2287 in
334 2254 423 2288 libro
443 2255 487 2288 de
509 2254 717 2299 antiquitate
734 2255 902 2298 Romana,
926 2259 962 2288 et
980 2254 1199 2288 doctissimus
1221 2255 1346 2296 Varro,
1370 2255 1405 2288 in
1428 2254 1606 2299 prooemio

151 2299 285 2333 illorum
312 2311 402 2344 quae
422 2301 464 2334 ad
488 2300 689 2345 Pompeium
715 2301 873 2345 scripsit:
898 2301 1028 2346 quippe
1049 2301 1216 2334 Evander
1240 2301 1418 2345 ceterique
1441 2301 1608 2344 Arcades,

153 2345 190 2379 in
215 2345 347 2379 Italiam
375 2345 454 2379 olim
477 2347 707 2390 transgressi,
738 2347 892 2380 Aeoliam
924 2347 1075 2390 linguam
1104 2346 1197 2380 inter
1230 2347 1398 2380 barbaros
1430 2358 1607 2390 sparsere.

154 2403 232 2425 nam
249 2393 340 2436 quod
359 2398 543 2437 praeterea
560 2405 580 2426 a
600 2393 831 2437 grammaticis
855 2394 1001 2426 affertur
1022 2398 1174 2436 etymon,
1198 2405 1284 2438 pace
1307 2404 1423 2426 eorum
1442 2392 1479 2425 vi
1497 2397 1607 2425 attra-

155 2443 246 2471 ctum
267 2438 425 2472 dixerim.
474 2450 495 2472 a
519 2439 615 2482 Cyre
639 2439 730 2473 enim
751 2439 958 2473 Sabinorum
983 2439 1111 2483 oppido
1143 2450 1219 2472 eum
1241 2439 1291 2472 ita
1314 2438 1523 2472 nominatum
1543 2449 1606 2470 vo—

155 2482 248 2526 lunt,
272 2485 427 2528 quamvis
449 2496 517 2518 non
540 2485 622 2518 inde
644 2485 842 2528 oriundum,
877 2486 940 2519 sed
964 2484 1000 2518 in
1022 2484 1108 2518 colle
1127 2484 1286 2518 Palatino
1315 2486 1359 2518 ad
1387 2484 1530 2517 Tiberis
1558 2484 1608 2516 ri-

155 2539 234 2572 pam
252 2535 367 2564 natum
389 2531 586 2575 ibidemque
609 2532 804 2565 educatum.
850 2531 1006 2565 dominos
1026 2530 1160 2564 scilicet
1182 2542 1220 2564 se
1243 2529 1397 2574 tyranni,
1423 2541 1491 2563 non
1510 2529 1590 2573 prin

155 2574 252 2619 cipes
278 2575 443 2619 appellari
463 2582 591 2611 amant.
639 2578 693 2620 (6)
719 2577 828 2610 maior
846 2588 931 2610 vero
951 2588 1051 2621 quam
1069 2576 1164 2620 regis
1183 2581 1238 2610 est
1256 2576 1419 2610 Caesaris
1443 2575 1609 2619 dignita&

154 2619 215 2664 qui
235 2619 291 2654 vel
312 2632 413 2664 reges
437 2623 595 2665 gentibus
617 2624 722 2658 dandi
745 2623 824 2656 olim
846 2628 1055 2667 potestatem
1077 2623 1252 2657 habuerit.
1300 2622 1429 2666 quippe
1453 2622 1610 2655 odiosum

157 2671 211 2699 est
234 2673 336 2710 atque
361 2679 380 2700 a
403 2667 556 2703 Romana
577 2669 725 2703 alienum
748 2669 924 2712 libertate,
946 2669 1130 2714 dominos„
1139 2675 1175 2703 at
1198 2681 1268 2702 non
1288 2668 1464 2713 principes
1487 2667 1607 2712 appel-

155 2711 228 2745 lare
247 2712 476 2757 imperantes,
509 2721 676 2766 quatenus
695 2715 826 2750 domini
846 2727 968 2748 nomen
990 2726 1166 2749 commune
1183 2715 1270 2761 ipsis
1291 2721 1327 2748 et
1346 2726 1445 2748 unum
1469 2725 1609 2748 servum

156 2757 438 2802 possidentib11S‚
471 2761 637 2806 prmcipis
660 2768 774 2796 autem
794 2761 918 2795 nullius
945 2761 1011 2794 nisi
1038 2759 1192 2805 ipsorum
1214 2767 1280 2795 est.
1329 2773 1370 2794 ac
1391 2761 1610 2794 manifestum

156 2814 299 2847 prorsus
322 2809 395 2846 est,
430 2804 600 2841 Romanos
623 2808 736 2842 solere
763 2807 919 2842 dominos
943 2806 1118 2851 appellare
1149 2819 1209 2841 eos
1242 2806 1302 2852 qui
1333 2807 1474 2849 tyranni
1497 2807 1610 2849 fuere,

157 2849 260 2882 sicuti
287 2849 418 2893 Syllam
438 2849 605 2886 videlicet
618 2854 849 2898 Mariumque,
871 2859 908 2887 et
925 2852 1193 2888 dominationem
1208 2853 1441 2898 tyrannidem.
1489 2852 1608 2898 depri-
