1748 3210
399 188 476 234 DE
507 187 957 234 MAGISTRATIBUS
989 189 1037 234 P.
1061 188 1116 233 R.
1151 187 1256 233 Lm.
1281 172 1336 234 1.v
1489 188 1585 235 129

124 297 265 359 μάτων
283 305 475 346 καλοῦσιν
502 303 541 347 οἱ
566 301 782 359 “Ρωμαῒοι.
847 300 1013 359 τοιαύτη
1042 303 1086 346 δὲ
1111 300 1138 359 ἥ
1163 306 1237 359 τῆς
1263 301 1435 353 ἀσπίδος
1455 319 1585 346 κατα-

124 368 274 426 σκευή·
319 370 479 429 ἄβαρὴς
505 372 579 428 μὲν
611 372 691 431 γάρ
726 373 833 416 ἔστιν
864 370 921 423 ὥς
950 369 1087 428 ῗσχνῆ,
1122 370 1404 429 καρτερωτάτη
1439 372 1483 415 δὲ
1514 374 1584 414 καὶ

124 446 213 491 ταῖς
239 442 409 496 πληγαῖς
439 441 511 485 οὖκ
542 441 713 499 εὐχερῶς
743 442 970 485 ἐνδιδοῦσα.
1037 442 1196 485 κλίπεον
1225 442 1270 484 δὲ
1298 439 1498 496 εΡωμαῖοι
1514 440 1585 484 τὸν

123 507 274 566 θὲνρεόν
295 514 510 562 καλοῦσιν,
545 511 624 553 ἀπὸ
641 514 714 554 τοῦ
740 510 919 552 κλέπτειν
940 511 1006 552 καὶ
1028 508 1242 553 καλύπτειν
1257 509 1326 553 τὸν
1343 507 1585 568 ἔπιφερόμε-

90 582 197 623 ὄνον·
209 575 346 621 αὐτόν.
407 577 610 634 Ἑλλήνων
632 578 711 637 γὰρ
730 578 832 620 ἴδιον
852 579 919 620 καὶ
939 578 1075 632 μόνων
1094 579 1234 622 ἀσπίσι
1251 577 1525 634 τροχωτάταις
1544 578 1587 620 ἓν

121 645 283 704 πολέμῳ
299 650 508 703 χρῆσθαι,
541 646 766 705 βαρβάρων
783 648 827 689 ὁὲ
848 651 1036 704 θυρεοῖς·
1066 646 1169 704 πρὸς
1187 647 1265 702 γὰρ
1287 646 1333 688 τὸ
1357 653 1586 702 κατεπεῖγον

120 717 194 769 τῆς
211 711 346 770 μάχης
363 715 438 768 τὰς
451 715 588 776 θύρας
603 716 859 767 ἀνασπῶντες
878 714 934 767 ὥς
952 713 1232 770 σκεπάσμασιν
1252 714 1394 766 αῧταΐς
1415 713 1587 758 εἰώθασι

115 786 318 840 χρῆσθαι.

261 851 338 898 11.
397 850 511 895 ’Ἐστι
540 852 586 895 δὲ
615 853 683 894 καὶ
714 850 849 908 ἕτερον
875 847 980 900 εἶδος
1011 847 1181 900 ἀσπίδος
1203 849 1486 908 βραχυτέρας,
1535 848 1586 901 ἃς

60 924 112 962 '10
122 916 358 974 πεζομαχεῖν
377 915 418 962 οἱ
434 918 701 978 ὖπέρἼστρον
723 918 797 963 οὔκ
818 917 1022 974 ἰσχύοντες
1038 918 1102 960 ἐπὶ
1122 922 1203 961 τῶν
1224 921 1359 961 ἰ’ππων
1378 920 1587 973 κομίζουσι

120 986 306 1045 (πάρμαν
323 987 448 1043 αὐτὴν
464 989 606 1032 Ἰταλοὶ
626 990 860 1044 καλοῦσιν),
897 986 990 1031 ὡσεὶ
1011 988 1158 1038 πέλτας
1178 988 1217 1030 οἱ
1237 985 1415 1029 Σκύθαι.
1472 987 1586 1043 ἀγκί-

118 1060 206 1100 λιον
221 1057 323 1114 πρὸς
341 1055 498 1108 τούτοις
516 1064 600 1108 τοῖς
616 1057 800 1114 ἄρχαίοις
815 1058 971 1114 γέγονεν
991 1056 1103 1111 (οὐδὲ
1124 1056 1203 1113 γὰρ
1224 1057 1316 1111 νῦν)
1334 1054 1439 1106 εἶδος
1458 1055 1584 1098 ἄσπι-

119 1126 327 1182 δισκαρίου
337 1157 352 1178 ,
393 1126 436 1177 ἐξ
465 1120 516 1169 οὗ
546 1127 614 1168 καὶ
649 1126 813 1182 ἀγκίλας
832 1126 906 1176 τὰς
927 1123 1187 1182 δορικτήτους
1209 1131 1399 1181 γυναῖκας
1418 1121 1583 1178 ὠνόμα·

117 1209 193 1237 σαν
203 1207 216 1219 ·
242 1195 316 1249 τὴν
332 1194 413 1252 γὰρ
432 1195 682 1252 ἀρίσκουσαν
695 1195 805 1254 αὐτῷ
818 1195 939 1249 τυχὸν
957 1201 1125 1250 γυναῖκα
1142 1192 1164 1236 ὁ
1178 1192 1428 1251 στρατιώτης
1444 1192 1582 1236 ἴσκεπε

65 1272 107 1308 15
119 1266 178 1321 τῷ
201 1262 366 1321 ἀγκιλίῳ
390 1264 453 1306 ἐπὶ
480 1268 554 1318 τῆς
580 1261 755 1321 ἐφόδου,
796 1261 852 1314 ὥς
877 1263 935 1318 μὴ
963 1260 1182 1316 βλάπτοιτο
1214 1260 1317 1318 πρός
1346 1279 1477 1313 τινος,
1516 1259 1586 1304 οἶα

118 1332 400 1387 φυλαττομένη
422 1336 480 1387 τῷ
501 1330 678 1372 σώσαντι
696 1330 860 1385 ταύτην.
920 1335 990 1372 καὶ
1008 1330 1180 1386 σε’ρβους
1195 1330 1290 1380 τοὺς
1315 1328 1487 1380 δούλους
1503 1329 1584 1372 ἀπὸ

116 1403 188 1440 τοῦ
215 1402 478 1455 φυλαχθῆναι
509 1398 552 1440 ἓκ
578 1402 651 1441 τοῦ
681 1399 858 1453 πολέμου
877 1397 1022 1442 Ἰταλοὶ
1038 1399 1219 1455 λέγουσι·
1253 1398 1349 1449 τοὺς
1366 1399 1410 1441 δὲ
1427 1399 1485 1454 μὴ
1510 1400 1584 1441 δο-

117 1464 349 1524 ρικτήτους,
388 1466 486 1509 ἀλλ’
518 1466 756 1523 ἐλευθέρως
783 1468 859 1521 μὲν
884 1467 959 1522 τὴν
985 1465 1110 1522 τύχην
1142 1466 1200 1509 δι’
1228 1466 1381 1510 ἔνδειαν
1410 1469 1453 1510 δὲ
1482 1469 1581 1509 δου-

116 1533 328 1587 λεύοντας,
363 1532 622 1592 φαμούλους,
658 1535 719 1577 ὅτι
739 1533 870 1592 φάμις
892 1533 915 1577 ὃ
936 1535 1054 1589 λιμὸς
1073 1534 1427 1592 προσαγορεύεται.
1466 1535 1579 1591 ἀγκί-

61 1607 186 1647 ennea
217 1605 262 1646 δὲ
288 1605 331 1655 ἐξ
361 1602 636 1659 [Ἑλληνικῆς]
657 1606 856 1659 Αἰολικῆς
883 1603 1089 1659 σημασίας
1109 1602 1264 1660 εἴρηται
1286 1601 1431 1647 ὡσανεὶ
1450 1602 1581 1661 ἀμφί-

115 1676 205 1715 λια·
237 1673 291 1715 τὰ
314 1673 394 1730 γὰρ
412 1671 606 1730 πελτάρια
624 1678 705 1715 τῶν
715 1670 944 1727 Ἀμαζόνων
961 1676 1143 1715 τοιαῦτα.

257 1741 334 1786 12·
401 1742 535 1796 Στολὴ
569 1743 612 1784 δὲ
631 1740 719 1784 τότε
745 1743 863 1785 παντὶ
882 1746 941 1800 τῷ
963 1739 1182 1798 Ῥωμαϊκῷ
1200 1736 1470 1797 στρατεύματι
1491 1740 1581 1794 μία,

116 1809 408 1868 περικεφαλαία
428 1814 562 1866 χαλκῆ
593 1811 660 1853 καὶ
688 1809 835 1869 θώραξ
864 1811 1060 1869 κρικωτὸς
1082 1811 1150 1852 καὶ
1170 1810 1287 1866 ’ξίφος
1304 1809 1435 1851 πλατὺ
1459 1813 1579 1851 κολο-

204 1907 229 1942 3
244 1905 636 1960 κλίπεονΤκαλοῦσιν.
659 1918 784 1952 nempe
796 1907 898 1950 Lydo
915 1905 1047 1962 clipeus
1063 1908 1118 1940 est
1132 1909 1277 1948 scutum,
1294 1907 1332 1960 et
1345 1903 1513 1939 vicissim.
1530 1904 1578 1939 F.

206 1952 229 1987 5
251 1951 527 1998 ssoaxvtoetoetg?
666 1954 709 1990 19
732 1953 1050 1998 προβατορευεται
1073 1952 1116 1987 C.
1237 1952 1283 1985 20
1306 1950 1403 1994 αμφὶ
1426 1953 1506 1985 λεῖα
1530 1951 1577 1985 F.

114 2031 236 2066 tenuia
257 2031 434 2076 densaque
455 2035 492 2066 et
512 2031 606 2066 levia
630 2031 778 2066 Romani
803 2030 973 2065 scutulata
993 2035 1134 2064 vocant.
1181 2028 1260 2064 talis
1287 2035 1401 2063 autem
1422 2029 1576 2063 fabrica-

116 2082 174 2111 tur
196 2076 347 2122 clipeus:
379 2077 468 2110 levis
493 2078 584 2110 enim
607 2083 663 2109 est
679 2083 801 2119 utpote
824 2077 958 2115 tenuis,
982 2080 1019 2107 at
1037 2074 1272 2116 firmissimus,
1297 2085 1362 2107 nec
1385 2073 1497 2118 plagis
1519 2075 1576 2108 fa-

116 2122 183 2157 cile
208 2123 313 2157 cedit.
361 2122 509 2166 clipeum
529 2126 644 2155 autem
664 2120 812 2154 Romani
834 2118 903 2154 τὸν
923 2116 1065 2162 θυρεὸν
1087 2124 1226 2162 vocant,
1249 2130 1271 2153 a
1291 2117 1469 2163 κλέπτειν,
1495 2120 1578 2166 quia

117 2168 225 2214 eripit
240 2166 418 2217 (κλέπτει)
437 2166 597 2221 tegitque
614 2167 799 2200 ferentem.
848 2165 996 2200 Graecis
1020 2164 1111 2198 enim
1133 2164 1323 2210 proprium,
1346 2164 1461 2211 iisque
1479 2165 1576 2210 solis,

117 2212 239 2260 clipeis
255 2213 512 2248 rotundissima
531 2213 577 2246 *in
601 2211 693 2246 bello
719 2212 790 2255 uti,
819 2211 980 2246 barbaris
999 2222 1084 2244 vero
1103 2210 1211 2244 scutis
1229 2210 1408 2255 oblongis:
1444 2212 1577 2257 quippe

116 2263 265 2305 urgente
287 2259 477 2294 certamine
500 2257 601 2292 elatis
624 2258 733 2292 scutis
754 2257 864 2292 veluti
883 2257 1094 2302 tegminibus
1117 2257 1168 2291 uti
1191 2261 1460 2292 consueverunt.

210 2307 266 2341 11.
313 2306 383 2340 Est
412 2310 527 2339 autem
560 2309 597 2339 et
627 2303 721 2339 aliud
752 2304 842 2338 scuti
867 2303 1041 2338 brevioris
1064 2314 1172 2347 genus
1207 2303 1382 2347 (parmam
1405 2302 1486 2337 Itali
1509 2315 1574 2338 vo-

115 2353 242 2397 cant),
280 2352 374 2397 quod
396 2350 534 2397 pedites
557 2362 714 2396 pugnare
737 2350 953 2393 nescientes,
989 2349 1049 2394 qui
1068 2348 1158 2382 ultra
1180 2349 1306 2382 Istrum
1328 2348 1503 2391 incolunt,
1537 2350 1574 2384 in

116 2399 217 2444 equis
239 2403 384 2443 gerunt,
417 2397 702 2442 quemadmodum
733 2396 846 2442 peltas
871 2396 1039 2440 Scythae.
1086 2394 1197 2428 ancile
1230 2395 1275 2429 ad
1310 2395 1396 2428 haec
1420 2394 1574 2439 antiquis

116 2445 184 2480 fuit
207 2445 338 2490 (neque
360 2443 451 2478 enim
470 2455 560 2477 nunc
579 2455 620 2477 eo
639 2443 822 2486 utuntur),
856 2442 982 2476 scutuli
1006 2452 1135 2485 geum,
1172 2452 1193 2474 a
1211 2451 1279 2485 quo
1303 2440 1408 2474 etiam
1432 2440 1574 2474 ancillas

115 2490 208 2526 bello
230 2495 349 2536 captas
372 2489 533 2524 mulieres
556 2489 696 2524 dixere:
721 2489 851 2534 quippe
874 2488 1067 2534 placentem
1084 2486 1154 2520 sibi
1171 2486 1264 2520 sorte
1283 2486 1458 2519 mulierem
1475 2486 1574 2520 miles

117 2536 222 2571 ancili
241 2535 422 2582 inproelii
439 2547 609 2570 concursu
626 2536 782 2580 tegebat,
806 2546 850 2568 ne
874 2536 918 2568 ab
942 2533 1058 2578 aliquo
1076 2532 1285 2575 laederetur,
1307 2533 1427 2566 futura
1451 2536 1575 2576 utpote

116 2582 208 2616 illius
231 2581 292 2627 qui
312 2593 388 2616 eam
410 2587 602 2617 servasset.
637 2586 674 2615 et
696 2592 818 2615 servos
841 2579 1014 2624 mancipia
1037 2578 1136 2623 quasi
1158 2590 1177 2611 e
1199 2577 1291 2611 bello
1315 2583 1474 2612 servatos
1491 2577 1575 2612 Itali

116 2626 312 2674 appellant:
335 2627 396 2673 qui
417 2633 532 2662 autem
550 2639 619 2662 non
636 2626 728 2661 bello
750 2626 857 2671 capti,
883 2627 946 2660 sed
963 2625 1066 2659 liberi
1088 2625 1203 2670 quoad
1220 2625 1406 2667 fortunam,
1434 2629 1577 2669 propter

118 2678 310 2719 egestatem
326 2673 496 2719 serviunt,
521 2685 582 2708 eos
599 2673 746 2708 famulos
770 2673 902 2716 dieunt,
927 2671 1088 2716 quoniam
1111 2670 1211 2704 famis
1239 2666 1258 2704 ὁ
1285 2667 1390 2711 λιμὸς
1414 2678 1574 2704 vocatur.

118 2719 244 2754 ancilia
263 2723 378 2753 autem
400 2731 422 2753 a
448 2720 588 2755 Graeca
611 2730 723 2765 eaque
747 2718 889 2753 Aeolica
912 2729 1001 2751 voce
1024 2717 1118 2751 dicta
1145 2720 1227 2750 sunt
1249 2715 1350 2760 quasi
1372 2712 1471 2759 ἀμφὶ
1495 2717 1576 2750 λεῖα

118 2765 300 2810 (utrinque
321 2764 472 2808 laevia)=
495 2766 585 2800 tales
603 2765 695 2800 enim
712 2770 793 2800 sunt
810 2776 942 2810 parvae
960 2764 1169 2796 Amazonum
1194 2762 1323 2807 peltae.

210 2811 267 2845 12.
314 2810 468 2844 Ornatus
486 2817 600 2846 autem
617 2818 690 2846 tum
710 2811 818 2846 totius
836 2810 985 2844 Romani
1002 2809 1176 2843 exercitus
1201 2808 1315 2842 idem:
1340 2807 1441 2852 galea
1458 2818 1574 2852 aerea,

117 2860 156 2892 et
177 2855 293 2891 lorica,
310 2856 444 2891 annulis
464 2863 647 2903 conserta,
683 2863 721 2893 et
742 2856 878 2903 gladius
901 2856 1014 2900 lam,
1050 2860 1188 2899 curtus,
1214 2854 1251 2888 in
1274 2853 1418 2889 sinistro
1443 2854 1575 2890 femore

176 2909 325 2944 Ioannes
353 2909 482 2954 Lydus.
1274 2903 1300 2942 9
