1748 3210
202 163 298 208 376
718 165 936 208 IOANNIS
969 166 1101 208 LYDI

332 273 364 326 ζ’
366 304 379 316 .
434 279 564 317 νωνῶν
578 274 827 330 Ὀκτωβρίων
847 273 1047 326 ὡσαύτως.

329 341 381 395 η’.
433 346 483 397 τῇ
512 341 587 397 πρὸ
611 339 648 394 η’
672 343 784 382 εἰδῶν
798 341 1048 400 Ὀκτωβρίων
1076 341 1097 385 ὅ
1128 342 1318 400 στέφανος
1337 345 1409 388 σὺν
1427 351 1509 397 τοῒς
1528 347 1609 405 ἕρί-

197 423 288 464 φοις
307 407 475 460 ἀνίσχων
496 408 624 463 τρέπει
647 408 715 449 τὸν
734 407 845 464 ἀέρα.

328 474 386 515 θ’.
428 478 478 528 τῇ
503 474 580 530 πρὸ
607 472 638 525 ζ’
661 476 773 517 εἰδῶν
795 475 832 516 οἱ
853 473 981 532 ἴριφοι
1001 475 1072 519 σὺν
1092 482 1178 527 ταῖς
1199 473 1375 520 πλειάσιν
1393 477 1608 535 ἀνίσχουσι,
1651 494 1655 498 ·

197 543 263 583 καὶ
284 547 375 582 πνεῖ
389 539 531 593 ἄνεμος
552 542 640 594 λίψ.
1619 554 1641 589 5

327 607 365 648 ι’.
426 612 473 664 τῇ
492 607 567 664 πρὸ
590 606 622 657 ς’
645 609 758 650 eman
778 605 799 650 ὃ
819 608 931 663 ζυγὸς
951 608 1114 666 ἄρχεται
1134 608 1324 663 ἀνίσχειν,
1357 613 1423 654 καὶ
1447 611 1611 670 ζέφυρος

195 690 290 715 fivel-

327 737 392 780 ια’.
426 744 475 795 τῇ
497 741 573 796 πρὸ
593 739 620 782 ε’
641 743 756 783 &aar
775 740 796 784 ὃ
817 741 1010 798 στέφανος
1031 740 1185 801 ὄρθρου
1206 741 1373 799 ἀνίσχων
1389 742 1612 788 ἓναλλάττει

192 806 285 856 τοὺς
312 805 490 858 ἀνέμους.

326 870 393 925 ιβ’.
426 878 475 929 τῇ
496 873 572 929 πρὸ
595 872 630 915 δ’
654 876 769 916 εἰδῶν
789 874 830 915 αἱ
849 872 1029 925 πλειάδες
1048 873 1250 929 ἀνίσχουσι
1269 877 1334 918 καὶ
1353 874 1465 928 νότος
1482 884 1580 921 πνεῖ.
1623 889 1668 925 10

326 937 387 994 ιγ’.
423 945 473 996 τῇ
502 941 577 997 πρὸ
605 939 640 996 γ’
663 939 819 984 εῗὸῶνὸ
849 941 1044 1001 στέφανος
1077 942 1247 997 ἀνίσχων
1278 942 1501 995 ἓναλλάττει
1522 945 1614 995 τοὺς

193 1004 373 1059 ἀνέμους.

323 1070 388 1113 ιδ’.
417 1076 467 1127 τῇ
484 1073 560 1128 πρὸ
584 1071 621 1114 α’
644 1077 758 1116 {manv
779 1077 933 1130 βορρᾶς
951 1073 1102 1123 πλατὺς
1125 1081 1222 1116 πνεῖ.

323 1137 382 1180 ιε’.
417 1141 534 1188 εἷὸοἴς
558 1140 818 1197 Ὀκτωβρίαις
840 1140 884 1182 τὸ
904 1140 1024 1192 μέσον
1049 1145 1120 1183 τοῦ
1155 1139 1415 1200 φθινοπώρου
1436 1145 1502 1186 καὶ
1523 1143 1613 1188 ἅνε-

189 1221 264 1258 μος
289 1203 413 1254 νότος.
1625 1223 1667 1259 15

324 1270 386 1320 ις’.
420 1275 469 1328 τῇ
496 1271 571 1327 πρὸ
601 1271 648 1324 ιζ’
675 1273 871 1314 καλενὸῶν
899 1269 920 1312 ὃ
948 1271 1092 1328 Ὠρίων
1117 1273 1288 1328 ἀνίσχει,
1321 1275 1388 1317 καὶ
1408 1274 1614 1332 δροσώδης

189 1336 210 1377 ὃ
241 1336 333 1394 ἀήρ.

324 1401 385 1454 ιζ’.
420 1408 470 1459 τῇ
489 1403 565 1459 πρὸ
588 1402 637 1453 ις’
657 1407 855 1447 καλενὸὥν
878 1402 1081 1455 ὡσαύτως.

321 1468 388 1524 ιη’.
423 1475 472 1527 τῇ
494 1471 569 1527 πρὸ
593 1470 635 1513 ιε’
657 1474 855 1514 καλενόῶν
873 1470 899 1525 ἦ
920 1476 1030 1514 πᾶσα
1047 1470 1177 1529 ἡμέρα
1197 1471 1405 1530 συννεφής.

319 1536 393 1579 ιθ’.
424 1542 472 1593 τῇ
491 1538 567 1594 πρὸ
589 1537 639 1580 ιδ’
658 1541 856 1581 καλενὸὤν
875 1537 894 1580 ὁ
914 1538 1024 1592 ἥλιος
1038 1540 1226 1596 σζρρπίῳ,
1251 1542 1315 1582 καὶ
1335 1541 1500 1597 ζέφυρος
1516 1545 1669 1588 mei-20

322 1602 372 1645 κ’.
401 1609 451 1660 τῇ
480 1605 555 1660 πρὸ
584 1604 633 1660 ιγ’
665 1609 862 1648 καλενδῶν
892 1604 1051 1648 §dovrae
1081 1607 1123 1648 οιῖ
1152 1605 1354 1660 πλειάδες,
1400 1609 1466 1658 καὶ
1487 1609 1614 1665 τροπὴ

187 1673 258 1711 τοῦ
282 1669 410 1725 ἀέρος.

320 1735 397 1777 κα’.
431 1739 479 1790 τῇ
498 1735 574 1791 πρὸ
595 1734 648 1789 ιβ’
667 1738 867 1778 καλενὸῶν
888 1734 1099 1786 ὡσαύτως·
1133 1736 1236 1780 ἀλλὰ
1257 1740 1323 1780 καὶ
1341 1738 1416 1782 ὕει.

318 1801 396 1855 κβ’.
430 1806 480 1857 τῇ
510 1802 585 1858 πρὸ
616 1800 668 1843 ια’
699 1804 897 1844 καλενδῶν
923 1801 950 1856 ἡ
979 1803 1079 1860 οὗρά
1105 1808 1177 1846 τοῦ
1209 1803 1383 1862 ταύρου,
1417 1807 1484 1848 καὶ
1501 1803 1614 1856 νότος

187 1875 276 1911 πνεῖ
290 1867 476 1923 ὖετώὸης.
1623 1886 1667 1921 25

321 1934 393 1990 κγ’.
427 1940 477 1990 τῇ
493 1935 568 1991 πρὸ
590 1933 615 1976 ι’
636 1937 835 1978 καλενὸιῦν
854 1932 990 1977 δύεται
1011 1933 1031 1976 ὅ
1049 1935 1247 1992 σκορπίος,
1269 1938 1334 1978 καὶ
1353 1942 1505 1995 βορρᾶς
1517 1944 1614 1982 πνεῖ.

321 2001 396 2044 κδ’.
431 2006 480 2058 τῇ
503 2002 579 2059 πρὸ
600 2001 645 2044 θ’
668 2005 867 2044 καλενὸῶν
886 1999 1046 2043 δύονται
1067 2002 1108 2043 αἶ
1129 2001 1322 2052 πλειάδες.

275 2118 298 2152 7
317 2118 403 2151 πνεῖ
423 2129 476 2151 om
497 2118 540 2152 C.
662 2119 703 2152 11
728 2114 940 2151 ἀλλάττεται
958 2116 1001 2151 C.
1122 2117 1167 2152 24
1189 2128 1266 2151 num
1287 2117 1510 2163 supplendum
1531 2116 1611 2154 δυέ-

276 2161 369 2196 ταιῖ
412 2162 461 2195 Η.
560 2162 606 2197 26
632 2161 923 2205 δύεται-πνεῖ]
946 2158 1136 2202 ὡσαύτως·
1159 2159 1251 2197 ἀλλὰ
1273 2162 1335 2197 καὶ
1355 2160 1414 2205 ὕει
1435 2164 1478 2199 C.

187 2261 223 2296 7.
246 2259 358 2294 Nonis
380 2260 588 2296 Octobribus
612 2261 707 2296 item.
843 2263 879 2296 8.
904 2272 971 2295 vm
997 2262 1050 2296 Id.
1082 2263 1226 2296 Octobr.
1247 2274 1374 2297 corona
1396 2274 1468 2298 cum
1493 2262 1613 2298 hoedis

188 2305 302 2339 oriens
326 2309 435 2340 mutat
456 2310 706 2350 tempestatem.
831 2307 866 2342 9.
891 2317 945 2339 vn
965 2307 1019 2341 Id.
1044 2307 1146 2341 hoedi
1169 2307 1324 2341 oriuntur
1347 2319 1421 2341 cum
1441 2307 1615 2352 vergiliis;

187 2350 300 2395 spirat
319 2356 442 2384 ventus
465 2351 607 2385 africus.
708 2351 764 2385 10.
790 2362 828 2385 vl
851 2351 904 2385 Id.
929 2351 1017 2386 libra
1039 2352 1123 2386 oriri
1143 2352 1284 2397 incipit:
1307 2352 1466 2386 favonius
1489 2351 1611 2396 spirat.

187 2398 245 2429 11.
270 2405 294 2428 v
315 2395 370 2429 Id.
395 2407 522 2430 corona
539 2407 636 2430 mane
655 2395 812 2430 exoriens
830 2395 984 2430 immutat
1006 2402 1140 2431 ventos.
1234 2399 1288 2432 12.
1312 2408 1348 2431 1v
1374 2397 1427 2430 Id.
1446 2396 1613 2440 vergiliae

188 2439 355 2483 oriuntur,
380 2444 416 2474 et
438 2447 553 2476 auster
571 2442 693 2486 spirat.
801 2441 855 2475 13.
876 2452 918 2474 111
936 2442 990 2476 Id.
1016 2453 1140 2476 corona
1163 2441 1276 2476 oriens
1299 2441 1451 2475 immutat
1475 2446 1612 2475 ventos.

189 2484 245 2519 14.
271 2485 363 2529 prid.
388 2485 442 2519 Id.
466 2486 579 2530 aquilo
601 2487 670 2521 late
687 2486 781 2520 fusus
801 2485 923 2530 spirat.
1017 2487 1071 2521 15.
1097 2487 1213 2520 Idibus
1233 2486 1442 2520 Octobribus
1462 2485 1614 2519 autumni

189 2529 354 2562 medium:
377 2534 411 2563 et
429 2536 545 2566 auster
562 2532 683 2577 spirat.
819 2531 874 2564 16.
898 2540 977 2564 xvn
1000 2531 1078 2566 Kal.
1100 2533 1287 2566 Novembr.
1315 2531 1425 2564 Orion
1443 2530 1614 2565 exoritur:

189 2574 250 2607 aet
266 2575 436 2608 roscidus.
547 2577 601 2612 17.
623 2587 686 2610 ΧΠ
708 2574 787 2609 Kal.
811 2574 905 2609 item.
1014 2578 1067 2610 18.
1088 2587 1136 2610 xv
1155 2576 1232 2610 Kal.
1255 2576 1329 2610 dies
1347 2580 1439 2609 totus
1463 2574 1611 2609 nubilus.

190 2619 247 2653 19.
276 2628 339 2652 x1v
372 2619 456 2654 Kal.
484 2620 534 2655 sol
564 2622 601 2655 in
631 2620 843 2666 scorpionem
869 2620 1048 2655 transitum
1079 2621 1182 2663 facit,
1231 2625 1268 2654 et
1299 2620 1408 2665 spirat
1438 2619 1611 2654 favonius.

187 2664 246 2698 20.
269 2674 337 2697 xm
360 2663 439 2699 Kal.
467 2667 633 2710 vergiliae
659 2666 836 2709 occidunt,
870 2669 906 2699 et
928 2666 1107 2700 conversio
1136 2665 1238 2699 aeris.
1374 2666 1431 2700 21.
1456 2675 1509 2699 x11
1531 2663 1610 2698 Kal.

189 2708 288 2742 item:
314 2714 348 2742 et
371 2714 550 2753 praeterea
572 2711 673 2756 pluit.
799 2711 856 2745 22.
881 2721 918 2744 x1
940 2711 1018 2745 Kal.
1042 2712 1149 2746 cauda
1172 2710 1262 2744 tauri
1286 2709 1422 2754 occidit,
1446 2714 1483 2744 et
1502 2708 1614 2754 spirat

189 2759 305 2789 auster
321 2753 469 2799 pluvius.
560 2758 616 2792 23.
639 2769 660 2792 x
680 2755 757 2793 Kal.
783 2766 872 2802 nepa
891 2755 1033 2791 occidit:
1055 2756 1165 2802 spirat
1183 2755 1307 2800 aquilo.
1398 2754 1454 2791 24.
1478 2751 1608 2796 noKal.
