1748 3210
371 188 447 232 DE
481 183 931 232 MAGISTRATIBUS
965 183 1013 228 P.
1045 183 1100 228 R.
1134 181 1241 224 LIB.
1275 177 1350 226 ΠΙ.
1492 181 1599 227 ’207

129 306 376 365 ησφαλίζευο
394 301 563 353 πάντας.
615 301 715 357 μεθ’
742 300 788 344 ὃν
810 299 831 343 ὃ
854 301 1048 358 πρίγκιψ,
1089 295 1215 342 οἶον-ὁ
1234 293 1470 353 πρωτεύων,
1509 297 1600 352 περὶ

133 370 188 419 οὗ
206 375 304 425 τέως
324 376 444 417 εἰπεῖν
462 373 510 415 οὗ
531 370 690 429 καιρός·
719 371 815 413 οὐδὲ
831 370 909 426 γὰρ
930 371 1054 426 μέρος
1070 372 1143 423 τῆς
1158 365 1309 418 τάξεώς
1328 367 1412 408 ἐστι
1431 366 1498 406 καὶ
1522 364 1600 406 αὗ-

137 442 226 496 τός,
261 443 382 492 αὐτὸς
398 444 441 485 δὲ
459 446 539 484 τῶν
556 444 854 496 μαγιστριανῶν
875 438 979 480 κατὰ
999 436 1168 492 βαθμὸν
1189 437 1446 493 παραγίνεται
1467 435 1530 476 ἐπὶ
1545 435 1596 476 τὰ

128 510 304 568 μέγιστά
332 528 426 554 ποτε
447 507 708 566 δικαστήρια’
742 510 809 550 καὶ
828 507 974 565 μικρὸν
989 507 1157 564 ὕστερον
1175 507 1248 562 τὴν
1265 505 1330 547 ἐπ’
1356 505 1466 562 αὐτῷ
1489 505 1599 547 ἱστο-

99 582 228 640 5ρίαν
255 579 497 635 ἐκθήσομαι.
564 577 666 633 μεθ’
701 576 772 627 οὓς
801 574 823 619 ὅ
844 574 1192 634 κορνικουλάριος,
1228 574 1296 618 οἷα
1317 574 1391 629 τὴν
1409 573 1506 629 ὅλην
1527 578 1600 617 τοῦ

133 648 261 704 νόμου
296 649 466 703 δύναμιν
497 650 698 703 διατηρῶν
730 647 798 688 καὶ
831 650 913 688 τῶν
949 646 1234 703 πραττομένων
1258 642 1420 687 πάντων
1449 641 1600 700 κύριος,

132 719 194 762 δι’
223 720 370 769 οἶκείας
391 714 725 771 ὖποσημειώσεως
741 714 813 770 τὴν
831 714 961 771 ὀφρὺν
977 716 1111 756 ἐδίδου
1130 721 1215 764 τοῖς
1234 713 1601 771 ἀποπεφασμένοις.

276 787 354 832 13.
423 790 616 828 Τοσαῦτα
643 785 686 826 δὲ
705 777 757 838 ἦν
777 783 830 826 τὰ
849 782 937 826 τότε
959 781 1215 841 πραττόμενα
1235 781 1291 833 ὡς
1312 781 1466 840 δεκάτῳ
1486 781 1600 839 τόμῳ

135 854 254 912 μόγις
271 853 635 910 ἀναλαμβάνεσθαι
651 852 754 910 πρὸς
773 850 959 906 σύνοψιν.
1011 854 1079 894 καὶ
1097 854 1140 894 τί
1149 852 1328 906 χαλεπὸν
1347 852 1602 907 ἐμβραδῦναι

80 934 127 969 10
136 930 195 983 τῷ
212 923 318 982 λόγῳ
337 924 439 981 πρὸς
456 921 658 973 ἀπόδειξιν
676 925 747 963 τοῦ
767 920 1052 977 προκειμένου;
1086 925 1281 963 τοσοῦτον
1299 915 1349 974 ἦν
1370 920 1416 962 τὸ
1439 924 1603 975 πλῆθος

133 998 215 1036 τῶν
228 993 512 1049 πραττομένων
531 989 587 1040 ὡς
605 989 698 1032 ὅλον
715 988 762 1031 τὸ
780 989 868 1039 ἔτος
882 989 940 1044 μὴ
961 989 1095 1046 ἀρκεῖν
1112 989 1208 1038 τοὺς
1222 993 1482 1043 βοηθοῦντας
1500 989 1603 1045 πρὸς

133 1060 338 1118 πλήρωσιν
366 1062 498 1103 αὐτῶν
506 1091 520 1111 ,
556 1058 657 1102 ὥστε
687 1058 791 1112 μετὰ
821 1058 867 1100 τὸ
895 1058 1022 1115 πέρας
1038 1063 1110 1113 τῆς
1129 1059 1343 1113 λεγομένης
1360 1056 1603 1114 βοηθούρας

131 1129 234 1185 ἔχειν
262 1133 399 1186 χῶρον
437 1127 778 1182 ἀπονενεμημένον
807 1127 944 1176 αὐτοῖς
972 1129 1036 1169 ἐπὶ
1073 1132 1147 1182 τῆς
1177 1127 1304 1181 μέσης
1337 1124 1495 1169 εἲσόδου
1528 1130 1602 1180 τῆς

131 1200 381 1256 πραιτωρίας
405 1197 531 1250 αὐλῆς
551 1196 653 1252 πρὸς
673 1199 747 1238 τοῦ
767 1197 944 1251 σκρινιόυ
966 1200 1040 1248 τῆς
1060 1193 1283 1251 Εὐρώπης,
1318 1196 1360 1237 ἐν
1380 1189 1413 1253 ᾧ
1433 1196 1602 1252 συντρέ-

79 1275 271 1322 15χοντες
297 1264 496 1323 ἐπλήρουν
523 1264 574 1307 τὰ
604 1265 667 1306 ἐπὶ
697 1268 770 1318 τῆς
792 1264 925 1306 αὐτῶν
946 1266 1195 1321 λειτουργίας
1212 1265 1464 1321 πραχθέντα.
1534 1266 1603 1306 καὶ

134 1335 249 1378 αὐτοὶ
276 1335 349 1388 μὲν
376 1334 414 1376 οἳ
441 1333 533 1390 ἄρτι
555 1337 627 1375 τοῦ
646 1336 817 1386 βοηθεῖν
833 1339 918 1382 τοῖς
938 1333 1125 1390 τρέχουσι
1147 1335 1338 1389 σκρινίοις
1357 1334 1604 1386 πεπαυμένοι

133 1402 290 1453 τούτοις
307 1404 592 1458 ἐνησχολοῦντο
603 1434 616 1453 ,
651 1401 903 1458 παραψυχὴν
921 1402 967 1442 οὗ
988 1402 1138 1459 μικρὰν
1157 1403 1311 1459 κερδῶν
1331 1399 1601 1457 ἐκλεγόμενοι·

135 1472 175 1515 οἳ
194 1473 239 1514 δὲ
255 1471 333 1528 πρὸ
358 1472 492 1514 αὐτῶν
511 1472 578 1512 καὶ
597 1470 675 1524 ἤδη
696 1469 891 1527 πρότερον
915 1470 1175 1525 σχολάζοντες
1196 1472 1280 1513 ἐκεῖ
1294 1472 1506 1527 συνέρρεον
1526 1471 1601 1520 τὰς

131 1542 321 1596 μεγίστας
348 1542 416 1581 καὶ
443 1538 634 1596 λαμπρὰς
656 1542 737 1579 τῶν
757 1542 829 1592 τῆς
848 1538 976 1594 ἀρχῆς
997 1539 1256 1595 προστάξεων
1280 1538 1599 1596 ἐγχειριζόμενοι,

77 1611 202 1654 Ξθκαὶ
233 1606 348 1658 ὅσαις
375 1607 507 1664 ἕτερός
537 1625 599 1657 τις
623 1607 749 1663 πέρας
777 1607 850 1648 οὐκ
881 1607 1040 1663 ἴσχυσεν
1069 1610 1288 1659 ἐπιθεῖναι,
1312 1609 1416 1662 μηδὲ
1439 1608 1508 1649 τὸν
1530 1613 1604 1662 τῆς

134 1678 278 1735 ἀργίας
307 1677 448 1733 καιρὸν
479 1675 628 1733 ἔρημον
660 1679 830 1730 λογικῶν
853 1675 1089 1730 ζητημάτων
1110 1675 1467 1730 ἀπολαμβάνοντες
1476 1709 1490 1727 ‚
1525 1682 1606 1719 τῶν

133 1745 305 1796 ἐνδόξων
341 1747 382 1787 ἐν
413 1743 673 1794 διδασκάλοις
701 1742 830 1799 λόγων
863 1743 1160 1802 συντρεχόντων
1180 1743 1236 1795 ὡς
1255 1745 1403 1795 αὐτοὺς
1423 1747 1489 1787 καὶ
1512 1748 1604 1802 περὶ

133 1819 214 1858 τῶν
233 1814 509 1870 ἀγνοουμένων
529 1810 816 1870 συζητούντων.
885 1813 1042 1869 ἀπέσβη
1065 1816 1108 1856 δὲ
1129 1813 1257 1864 οὕτως
1276 1813 1436 1856 ἅπαντα
1456 1812 1511 1864 ὡς
1529 1818 1603 1857 τοῦ

224 1934 244 1968 1
271 1958 282 1968 .
297 1957 307 1968 .
323 1945 412 1972 ,τας
437 1933 480 1967 C.
659 1934 682 1968 3
704 1930 823 1973 αὐτὸς
846 1930 910 1976 δὲ]
933 1928 1011 1968 dno*
1035 1932 1104 1970 ab?
1272 1931 1533 1979 καταβάθμων
1557 1934 1623 1980 C.⁴

213 1979 246 2013 ·9
268 1977 434 2023 σύναψιν
457 1979 502 2014 C.
642 1978 686 2014 14
710 1975 742 2026 ᾦ
760 1981 812 2025 F,
839 1973 865 2024 ἧ
890 1979 933 2014 C.
1072 1980 1118 2015 23
1142 1977 1310 2025 α’πεσόβη
1334 1979 1453 2025 vulgo.

132 2081 318 2128 princeps,
351 2083 396 2116 de
423 2093 492 2126 quo
524 2080 643 2115 dicere
674 2082 820 2115 necdum
849 2085 985 2128 tempus
1018 2085 1072 2117 est
1102 2082 1242 2127 (neque
1267 2083 1358 2118 enim
1383 2087 1417 2117 et
1438 2083 1496 2118 ille
1520 2094 1604 2129 pars

134 2133 190 2162 est
207 2128 336 2171 officii,
361 2139 481 2162 verum
505 2140 524 2161 e
545 2127 780 2171 magistrianis
804 2128 976 2172 gradatim
1001 2129 1046 2163 ad
1071 2129 1219 2163 maxima
1245 2128 1326 2163 olim
1347 2129 1478 2163 iudicia
1499 2142 1604 2164 acce-

134 2174 207 2216 dit3
242 2174 387 2218 eiusque
414 2173 596 2207 historiam
620 2173 721 2218 paulo
746 2179 828 2218 post
850 2175 1081 2219 explicabo);
1118 2181 1200 2220 post
1222 2186 1309 2219 quos
1337 2176 1603 2220 cornicularius,

134 2220 265 2265 quippe
291 2224 399 2252 totam
427 2219 517 2263 legis
550 2219 621 2252 vim
645 2219 866 2265 custodiens,
901 2221 1146 2267 agentiumque
1177 2221 1327 2256 omnium
1353 2221 1505 2267 primus,
1539 2234 1604 2258 sua

135 2265 393 2310 subscriptione
419 2265 662 2299 auctoritatem
684 2265 847 2300 iudicatis
870 2267 989 2301 dabat.

227 2311 285 2345 13.
334 2311 452 2345 Tanta
483 2315 598 2345 autem
627 2316 698 2344 tum
727 2317 803 2345 erat
831 2314 1042 2357 agendorum
1070 2313 1194 2358 copia,
1228 2313 1399 2358 synopsin
1424 2325 1542 2347 eorum
1564 2317 1603 2348 ut

133 2355 196 2391 vix
223 2356 391 2391 decimum
420 2357 579 2391 volumen
601 2357 900 2403 complecteretur.
950 2359 1072 2404 quidni
1095 2361 1139 2394 ad
1163 2371 1236 2393 rem
1259 2359 1499 2393 declarandam
1524 2359 1602 2393 lon-

134 2402 252 2447 giores
276 2402 410 2437 simus?
458 2415 501 2436 ea
519 2407 595 2437 erat
616 2404 828 2447 agendorum
846 2404 1047 2450 multitudo,
1072 2411 1111 2439 ut
1134 2410 1209 2439 toto
1235 2417 1325 2439 anno
1348 2405 1394 2438 iis
1416 2405 1603 2451 implendis

136 2448 313 2483 adiutores
341 2461 411 2482 non
441 2450 664 2493 sufficerent,
698 2450 848 2494 ideoque
878 2457 958 2496 post
990 2451 1195 2485 boethuram
1218 2462 1319 2495 quam
1338 2458 1467 2484 vocant
1488 2451 1603 2484 locum

135 2494 225 2540 ipsis
246 2494 473 2539 destinatum,
497 2495 534 2529 in
553 2495 665 2530 medio
683 2495 829 2530 introitu
846 2497 1046 2542 praetoriae
1065 2496 1184 2540 aulae,
1205 2509 1317 2542 prope
1339 2497 1504 2531 scrinium
1522 2498 1599 2531 Eu·-

136 2551 264 2586 ropae.‚
299 2540 484 2586 haberent,
521 2542 558 2575 in
583 2553 651 2588 quo
676 2548 921 2576 concurrentes
947 2544 1010 2576 sub
1035 2543 1188 2587 ipsorum
1220 2543 1413 2576 ministerio
1435 2550 1513 2577 acta
1536 2543 1602 2576 im—

136 2585 290 2664 plebant.
339 2593 376 2621 et
396 2587 467 2632 ipsi
490 2588 648 2632 quidem,
673 2588 733 2634 qui
754 2599 867 2634 nuper
884 2588 1050 2622 adiuvare
1068 2589 1246 2623 currentia
1263 2589 1393 2623 scrinia
1411 2589 1602 2632 desierant,

162 2632 194 2666 is
227 2643 366 2677 operam
396 2634 542 2678 dabant,
579 2647 649 2668 non
683 2646 792 2679 parvo
815 2634 903 2668 lucri
927 2635 1050 2669 solatio
1072 2636 1285 2679 gaudentes:
1320 2635 1381 2680 qui
1403 2647 1489 2669 vero
1520 2641 1603 2669 ante

135 2677 213 2711 illos
235 2690 275 2712 ac
293 2678 391 2723 prius
413 2679 517 2717 etiam
541 2685 786 2725 cessaverant,
818 2681 940 2715 eodem
965 2682 1204 2725 confluebant,
1236 2681 1352 2727 iisque
1374 2681 1546 2716 maximae
1566 2686 1603 2716 et

135 2723 365 2768 gravissimae
386 2725 610 2769 magistratus
631 2727 823 2770 iussiones,
847 2732 883 2761 et
901 2727 1165 2772 quibuscunque
1187 2729 1291 2762 finem
1314 2727 1495 2774 imponere
1513 2727 1601 2762 alius

137 2769 229 2804 haud
261 2770 450 2815 potuisset,
486 2774 757 2815 mandabantur3
794 2773 854 2818 qui
883 2785 928 2806 ne
953 2774 1017 2807 otii
1046 2774 1186 2820 quidem
1202 2779 1359 2820 tempore
1383 2775 1426 2809 ab
1449 2774 1601 2808 literatis

137 2815 401 2860 quaestiouibus
425 2818 615 2863 vacabant,
638 2831 714 2854 cum
738 2819 823 2854 clari
845 2819 938 2854 inter
955 2819 1132 2855 literarum
1153 2821 1338 2865 magistros
1360 2821 1404 2854 ad
1428 2832 1489 2855 eos
1512 2832 1597 2855 con-

138 2867 336 2907 currerent,
367 2862 548 2908 incognita
570 2864 670 2900 simul
691 2865 958 2912 investigantes.
1006 2878 1097 2912 quae
1119 2872 1246 2904 cuncta
1267 2867 1321 2904 sic
1344 2878 1536 2913 evanuere,
1558 2871 1599 2902 ut
