1748 3210
613 160 689 203 DE
724 158 1009 204 OSTENTIS.
1309 175 1311 178 ’
1451 157 1549 205 345

102 276 260 333 νεχθείη
291 271 504 332 κεραυνός,
534 278 707 330 παντελῆ
740 273 907 332 φθορὰν
933 268 1166 331 ἀνθρώποις
1192 269 1362 315 ἀπειλεῖ·
1402 267 1474 314 δύο
1507 271 1555 315 δέ

101 362 204 396 τινες
221 343 323 387 κατὰ
339 348 410 397 τῆς
425 345 632 397 βασιλείας
649 343 1003 398 ἐπαναστήσονται,
1031 340 1087 393 ὡς
1103 345 1346 399 μερισθῆναι
1363 339 1436 395 τὴν
1451 345 1553 394 βου-

100 413 177 470 λὴν
197 412 302 456 καθ’
329 410 495 466 ἑαυτήν*
527 411 671 469 μικρὸν
693 413 736 455 δὲ
755 412 923 470 ὕστερον
944 409 1130 468 ἑκάτερος
1149 410 1281 453 αὐτῶν
1304 407 1554 466 ἀποφθαρή-

102 484 234 534 σεται,
267 482 408 524 πολλοὶ
428 482 471 523 δὲ
485 479 607 538 χάριν
626 482 781 524 ἐκείνων
798 478 1130 523 κινδυνεύσουσιν.
1201 481 1235 522 εἴ
1256 478 1300 521 δὲ
1321 478 1383 519 ἐπὶ
1402 479 1557 531 τείχους

72 549 208 593 ὄκατὰ
237 547 329 592 τόδε
360 553 504 606 καιροῦ
537 550 712 604 σκηπτὸς
741 550 906 606 ἐκπέσῃ,
940 548 991 592 τὰ
1019 548 1123 590 αὐτὰ
1151 548 1354 603 σημαίνει·
1389 544 1557 599 πόλεμοι

102 619 181 675 γὰρ
206 616 384 670 ἔσονται,
420 617 515 660 ἀλλ’
551 618 624 660 οὗκ
651 618 825 672 εὐτυχεῖς
844 624 928 668 τοῖς
948 618 1164 672 πολεμίοις.
1232 612 1560 670 ἐπισημήνασθαι

103 687 150 730 δὲ
166 686 295 743 χρεὼν
314 687 357 728 ἐκ
377 687 493 729 ποίου
518 687 710 740 κλίματος
729 691 801 729 τοῦ
821 687 938 744 ἀέρος
959 687 1139 729 ἓκπίπτοι
1158 683 1185 740 ἦ
1206 683 1331 742 φλόξ·
1367 683 1433 726 ἐπ’
1460 683 1561 725 ἐκεί-

103 772 175 798 νου
197 755 280 812 γὰρ·
295 758 480 812 φυλακῆς
495 757 562 798 καὶ
581 755 803 814 ἀσφαλείας
823 756 938 799 δέον·
970 757 1037 798 καὶ
1058 754 1136 813 γὰρ
1156 755 1198 807 ἐξ
1219 753 1345 797 αὐτοῦ
1362 753 1562 807 πολεμίων

104 820 252 881 ἔφοδος
274 822 400 866 ἔσται.

51 946 97 982 10
235 934 385 979 ’Ἡλιο
398 953 419 986 ς
451 953 475 979 κ
487 953 547 995 αρ
559 936 613 979 κί
618 955 639 980 ν
649 952 696 994 ῳ.
730 937 766 979 εἲ
783 934 886 979 κατὰ
906 935 980 991 τὴν
997 932 1182 989 ἐπιτολὴν
1198 937 1271 976 τοῢ
1288 934 1475 991 καρκίνον
1494 950 1562 976 κε-

105 1002 254 1063 ραυνὸς
269 1005 332 1047 ἐπὶ
349 1004 448 1060 ὕλην
468 1005 744 1059 κατενεχθείη,
777 1002 1042 1063 μετριώτερον
1064 1003 1174 1046 ἔσται
1196 1004 1241 1045 τὸ
1263 1005 1469 1052 καυσῶδες
1489 1005 1564 1045 τοῦ

105 1073 272 1130 καιροῦ,
301 1074 517 1130 λειψυὸριά
535 1074 589 1115 ’δὲ
619 1071 744 1116 ἔσται.
813 1075 848 1116 εἷ
880 1074 924 1115 δὲ
955 1074 1019 1115 ἐπὶ
1045 1070 1264 1126 θαλάσσης
1289 1071 1561 1125 κατενεχθείη,

105 1139 265 1191 στόλοις
294 1142 491 1196 πολεμίων
512 1142 579 1183 καὶ
598 1142 839 1196 ναυμαχίαις
867 1139 1172 1198 ταραχθήσεται
1205 1140 1251 1182 τὸ
1282 1144 1428 1193 κλΐμα,
1465 1138 1560 1180 ἀλλ’

86 1209 181 1269 *mix
203 1209 380 1263 ἔπιμενεῖ
392 1207 548 1266 χρόνῳ,
577 1208 686 1252 ἔσται
709 1211 752 1251 δὲ
774 1211 977 1265 κρείττονα
997 1209 1047 1250 τὰ
1066 1207 1304 1264 πράγματα,
1339 1210 1406 1250 καὶ
1430 1207 1468 1248 οἳ
1489 1223 1567 1248 πο-

54 1278 236 1331 15λὲμιοι
252 1276 574 1332 ἡττηθήσονται,
605 1278 671 1319 καὶ
693 1275 714 1320 ὃ
739 1276 883 1327 στόλος
902 1277 1035 1320 αὐτῶν
1054 1274 1473 1330 καταβυθισθήσεται.
1533 1277 1568 1317 εἰ

109 1346 154 1387 δὲ
182 1345 284 1388 κατὰ
317 1347 512 1400 δημοσίου
535 1345 660 1388 τόπου
683 1347 937 1400 κατενεχθείη
960 1346 1006 1388 τὸ
1027 1349 1131 1402 πῦρ,
1165 1345 1296 1401 θηρία
1318 1343 1463 1401 ἑρπετὰ
1486 1349 1570 1392 τοῖς

109 1412 289 1467 κτήνεσιν
319 1412 599 1469 ἓνοχλήσουσι,
634 1415 701 1455 καὶ
729 1414 802 1469 οὐχ
831 1413 976 1468 ἥκιστα
1000 1411 1254 1469 ἀνθρώποις·
1288 1412 1497 1469 βιαιοτέρα
1526 1411 1570 1452 δὲ

109 1480 223 1524 ἔσται
255 1479 280 1536 ἦ
312 1482 353 1532 ἔξ
383 1482 516 1524 αὐτῶν
543 1481 679 1536 βλάβη
709 1486 768 1540 τῷ
795 1486 868 1524 τοῦ
890 1482 1008 1538 ἀέρος
1028 1486 1154 1538 βαρεῖ
1171 1480 1448 1535 καταστήματι
1470 1484 1573 1536 θερ-

110 1550 344 1605 μαινομένη.
393 1553 426 1592 εἷ
450 1551 493 1592 δὲ
514 1551 576 1591 ἐπὶ
598 1551 753 1604 τείχους
773 1551 1052 1605 κατενεχθείη,
1087 1548 1348 1606 ἐμπρησμοὺς
1367 1550 1572 1603 σημαίνει·

57 1619 181 1661 2οκαὶ
204 1617 378 1672 πόλεμος
402 1619 445 1661 δὲ
468 1618 729 1674 κινηθήσεται
753 1618 825 1660 οὐκ
854 1619 1022 1673 εὐτυχὴς
1047 1625 1131 1668 τοῖς
1155 1616 1402 1673 πράγμασιν.
1471 1619 1506 1658 εἶ
1530 1615 1574 1657 δὲ

112 1690 316 1736 παντελῶς
339 1688 623 1745 καταφθαρείη
648 1691 706 1744 τῷ
728 1690 892 1744 σκηπτῷ
921 1687 968 1729 τὸ
997 1692 1126 1739 τεῖχος
1134 1717 1148 1737 ,
1183 1684 1444 1742 ἐμπρησμοὺς
1470 1683 1575 1726 κατὰ

114 1758 195 1797 τῶν
226 1755 451 1811 ἀναγκαίων
481 1760 552 1810 τῆς
579 1754 731 1805 πόλεως
750 1758 885 1811 μερῶν
904 1754 1223 1813 προσδοκητέον,
1258 1755 1325 1796 καὶ
1344 1753 1574 1810 ἓμπρησμοὶ

207 1895 252 1930 10
276 1893 330 1939 εἰ]
351 1892 375 1938 ἦ
396 1894 439 1930 C.
599 1895 642 1930 16
663 1894 861 1939 δημοσίους
882 1892 1023 1936 τόπους
1045 1894 1164 1930 ambo:
1188 1904 1268 1930 corr
1287 1893 1324 1928 H
1343 1892 1421 1928 coll.
1444 1892 1514 1928 346
1536 1892 1571 1937 4,

205 1945 242 1975 et
258 1941 325 1976 347
350 1942 407 1976 11.
569 1940 612 1974 18
633 1937 735 1986 αὐτῷ
759 1941 803 1976 C.

117 2063 260 2100 exitium
277 2074 441 2098 summum
459 2063 653 2098 hominibus
670 2063 837 2098 minatur:
861 2063 929 2097 duo
948 2063 985 2096 in
1006 2062 1188 2109 imperium
1208 2067 1370 2107 surgent,
1394 2061 1573 2107 bipartitis

115 2122 171 2145 mn
196 2109 319 2143 lissimi
354 2108 485 2143 ordinis
518 2108 663 2152 studiis3
700 2108 803 2155 paulo
835 2114 916 2154 post
946 2110 1046 2143 ambo
1078 2109 1294 2151 interibunt;
1327 2119 1444 2142 eorum
1469 2119 1574 2142 causa

115 2167 174 2191 mu
187 2155 214 2189 ti
238 2155 275 2189 in
296 2155 487 2200 periculum
511 2155 668 2190 venient.
715 2157 778 2189 sub
801 2154 838 2188 id
861 2159 999 2200 tempus
1021 2154 1052 2188 si
1074 2155 1202 2189 fulmen
1224 2155 1355 2199 impetu
1385 2154 1422 2187 in
1443 2165 1575 2187 murum

117 2201 288 2245 adigitur,
310 2202 430 2235 eadem
449 2201 644 2247 portendit:
669 2212 747 2234 nam
764 2200 855 2234 bella
873 2206 994 2244 erunt,
1019 2205 1056 2234 at
1073 2201 1231 2235 hostibus
1249 2199 1387 2234 minime
1409 2200 1574 2235 secunda.

117 2248 304 2281 notandum
331 2258 469 2292 quoque
493 2259 536 2280 ex
558 2258 627 2291 qua
650 2246 795 2291 regione
821 2246 913 2280 aetis
938 2246 1024 2280 elisa
1046 2247 1094 2280 sit
1118 2247 1269 2281 flamma:
1303 2246 1434 2290 quippe
1460 2251 1577 2279 custo-

119 2292 179 2326 dia
201 2303 288 2372 opus
313 2297 368 2327 est
397 2298 434 2326 et
457 2291 617 2327 cautione
638 2304 683 2327 ex
704 2297 805 2338 parte
822 2291 899 2337 illa,
924 2293 1017 2338 quod
1034 2292 1117 2328 inde
1138 2292 1287 2338 impetus
1311 2291 1448 2325 hostilis
1472 2292 1580 2325 effer—

118 2350 224 2374 vesce
243 2362 254 2373 .

213 2405 292 2440 Sol
327 2417 508 2441 cancro.
556 2406 588 2440 si
612 2406 707 2440 circa
731 2406 847 2440 cancri
878 2411 1035 2440 exortum
1057 2405 1094 2440 in
1115 2405 1238 2439 silvam
1260 2405 1418 2438 defertur
1439 2404 1580 2448 fulmen,

122 2451 338 2486 tolerabilior
368 2453 440 2487 erit
473 2452 568 2486 calor
599 2452 833 2497 tempestatis,
868 2453 931 2486 sed
959 2457 1075 2486 tamen
1110 2463 1221 2495 aquae
1253 2450 1409 2495 penuria.
1457 2450 1511 2483 sin
1546 2450 1582 2483 in

122 2508 218 2531 mare
238 2498 431 2543 delabitur,
455 2498 623 2532 classibus
647 2498 795 2531 hostium
822 2498 1034 2543 praeliisque
1058 2497 1239 2531 navalibus
1262 2496 1460 2530 turbabitur
1481 2495 1585 2540 plaga

124 2542 204 2586 illa,
239 2545 301 2578 sed
325 2545 455 2589 absque
477 2544 724 2579 diuturnitate:
761 2555 838 2577 nam
857 2543 1004 2588 incipiet
1028 2554 1086 2576 res
1111 2542 1231 2576 melius
1254 2541 1326 2584 ire,
1360 2542 1478 2575 hostes
1503 2542 1582 2575 sun-

125 2589 264 2631 dentur,
282 2589 400 2624 classis
419 2599 537 2624 eorum
555 2591 787 2634 demergetur.
816 2589 871 2623 sin
888 2590 926 2623 in
944 2589 1054 2622 locum
1072 2587 1246 2633 publicum
1264 2589 1421 2621 defertur
1437 2588 1584 2631 flamma,

126 2633 289 2668 animalia
317 2636 495 2680 serpentia
524 2636 694 2679 iumenta,
729 2647 794 2669 nec
829 2635 968 2669 minime
1000 2634 1178 2677 homines,
1214 2635 1412 2675 vexabunt3
1449 2633 1588 2677 eritque

128 2691 220 2713 noxa
241 2681 284 2714 ab
307 2680 376 2714 illis
398 2680 493 2716 illata
509 2682 689 2716 immanior
711 2687 834 2726 utpote
854 2681 998 2715 incensa
1016 2680 1118 2725 gravi
1136 2679 1228 2713 aiiris
1252 2685 1358 2713 statu.
1406 2679 1436 2712 si
1454 2678 1490 2712 in
1509 2690 1584 2712 mu-

128 2737 203 2759 rum
223 2725 315 2769 ruit,
343 2726 506 2761 incendia
527 2728 723 2772 significat,
751 2727 946 2772 bellumque
969 2726 1241 2760 commovebitur
1267 2725 1356 2759 haud
1380 2736 1583 2770 prosperum

127 2771 182 2805 rei
210 2771 383 2816 publicae.
429 2772 460 2806 si
490 2773 641 2808 fulminis
668 2773 799 2818 impetu
822 2785 964 2819 prorsus
987 2771 1178 2806 destruitur
1201 2783 1337 2813 murus,
1369 2770 1530 2804 incendia
1545 2771 1582 2804 in

129 2816 335 2863 capitalibus
362 2818 461 2854 urbis
495 2820 653 2865 partibus
687 2821 941 2866 exspectanda3
974 2830 1065 2865 quae
1087 2817 1249 2853 incendia
1268 2816 1358 2852 dolis
1377 2815 1585 2863 insidiisque
