1748 3210
549 160 1012 207 COMMENTARIUS.
1431 171 1519 207 xcv

60 303 180 351 uque
205 301 319 348 parte
342 301 434 348 post
462 295 536 334 fol.
562 293 617 337 44
653 295 751 334 folia
779 302 938 334 exsecta
965 293 1044 334 duo
1063 299 1168 333 sunt.
1227 294 1362 332 omnia
1386 301 1520 333 autem

55 365 140 407 102
164 364 262 402 folia
286 364 360 401 illa
383 362 547 401 madore
575 376 621 400 ac
645 370 840 401 vetustate
859 362 975 402 valde
1000 370 1092 402 sunt
1115 362 1327 414 depravata
1341 393 1352 412 ,
1390 376 1518 416 usque

53 444 105 471 oo
118 438 170 470 -nt
187 433 271 469 iam
288 432 454 471 Villoiso
474 431 672 483 scripserit
700 430 944 483 (Prolegom.
969 430 1020 469 ad
1041 429 1156 469 Iliad.
1175 443 1218 482 p.
1237 429 1310 483 46)
1338 430 1518 469 codicem

54 509 165 539 mero
183 511 329 550 magna
347 512 400 536 ex
421 506 535 551 parte
551 500 607 536 ita
627 505 854 550 corruptum
875 513 975 549 esse,
1001 506 1047 537 ut
1063 500 1268 536 literarum
1287 497 1427 538 ductus
1446 501 1519 537 vix

55 568 218 619 agnosci
236 574 383 619 queant
398 596 409 616 ‚
439 568 562 620 inque
586 567 687 604 cella
706 567 859 604 vinaria
880 569 1011 619 potius
1037 580 1129 605 eum
1153 579 1274 620 quam
1299 569 1343 604 in
1366 568 1519 606 biblio-

54 633 172 676 theca
193 642 438 675 asservatum
458 633 597 673 videri.
656 647 888 687 quanquam
910 637 1044 686 ipsum
1064 649 1203 688 corpus
1228 634 1375 673 codicis
1396 635 1517 687 paulo

53 703 186 742 minus
205 702 391 742 affectum
413 710 484 742 est.
541 702 668 740 multo
687 704 815 754 magis
837 716 932 740 vero
951 703 1134 741 abiuncta
1158 704 1267 752 folia,
1296 704 1427 741 lacera
1446 705 1518 741 illa

54 770 221 825 quidem
250 778 290 810 et
312 772 462 810 cariosa
494 776 533 808 et
559 771 704 821 partim
731 772 891 822 penitus
916 770 1146 822 desperata,
1187 779 1231 809 ut
1258 773 1300 808 in
1335 771 1519 823 legendis

53 839 136 878 illis
151 853 234 878 non
250 841 380 877 minor
396 837 531 876 hercle
550 838 663 876 labor
682 851 768 877 esse
787 838 969 877 videatur
992 851 1114 891 quam
1134 841 1177 876 in
1197 838 1428 877 evolvendis
1452 841 1520 877 in-

53 906 396 960 terpretandisque
427 907 788 945 Hei-calanensibus
822 907 1092 945 voluminibus
1107 936 1117 955 ,
1163 919 1333 959 quorum
1366 908 1519 959 aliquot

53 976 223 1027 Neapoli
245 976 417 1013 Parisios
444 976 635 1013 translata
666 974 868 1013 interdum
894 976 1054 1027 inspexi
1077 981 1115 1012 et
1135 976 1315 1013 tractavi.
1374 987 1520 1027 quam-

55 1043 214 1092 obrem,
244 1042 372 1082 sicubi
395 1056 503 1080 error
519 1042 662 1081 editori
683 1044 859 1082 obiectus
883 1051 942 1082 est
963 1045 1007 1081 in
1027 1050 1111 1081 tam
1131 1045 1252 1094 longo
1272 1044 1429 1093 labore,
1461 1051 1521 1082 est

54 1111 116 1160 ei,
154 1123 237 1149 non
257 1109 345 1149 dico
366 1112 484 1149 venia
501 1109 632 1148 danda
663 1111 765 1164 (nec
790 1114 899 1150 enim
920 1112 1006 1150 fieri
1025 1119 1156 1164 potest
1181 1120 1226 1150 ut
1256 1114 1299 1150 in
1319 1112 1517 1151 eiusmodi
1533 1129 1571 1164 p.
1589 1128 1723 1153 nxxvn

53 1180 311 1233 quantumvis
341 1186 562 1231 expurgato
596 1193 714 1231 opere
747 1194 828 1219 non
860 1182 994 1234 aliqua
1025 1182 1196 1232 supersit
1226 1181 1412 1237 macula)
1435 1181 1520 1232 sed,

53 1246 165 1300 quod
183 1261 270 1286 rem
291 1246 570 1285 difficillimam
590 1249 765 1300 suscepit
782 1247 970 1302 quodque
988 1250 1045 1287 sic
1066 1249 1247 1301 perfecit,
1270 1251 1358 1289 laus
1373 1263 1521 1303 perpe-

53 1321 123 1353 tua
141 1314 366 1353 tribuenda.

167 1382 272 1430 Quid
299 1380 409 1435 quod
436 1382 523 1433 ipse
548 1380 676 1419 editor
690 1410 702 1430 ,
743 1382 845 1419 sicut
872 1389 1031 1421 textum
1062 1383 1260 1435 corrigens
1285 1398 1367 1423 non
1394 1387 1522 1425 semel

53 1462 214 1488 mecum
232 1449 472 1488 amicissime
490 1450 817 1498 communicavit,
857 1449 914 1487 ita
941 1450 1136 1501 impresso
1166 1463 1273 1491 nunc
1303 1466 1445 1505 opere,
1475 1462 1522 1494 ut

54 1515 106 1554 de
127 1518 332 1555 nonnullis
353 1517 545 1568 suspectis
568 1515 671 1554 mihi
687 1517 785 1554 locis
808 1530 910 1569 quae
930 1517 1161 1566 viderentur
1182 1518 1431 1570 dissererem,
1454 1535 1522 1560 me

54 1586 222 1636 rogavit.
280 1586 390 1623 cuius
412 1585 608 1622 amicitiae
627 1586 840 1635 gessissem
861 1598 956 1623 sane
974 1599 1129 1625 morem
1142 1617 1152 1636 ,
1194 1590 1521 1643 suspicionesque

53 1651 121 1692 hio
150 1665 262 1692 meas
290 1653 442 1706 aliquot
475 1652 774 1691 adiunxissem:
819 1653 890 1692 sed
914 1668 960 1692 ea
982 1654 1049 1693 hic
1073 1658 1260 1709 persequi
1286 1669 1367 1695 non
1386 1659 1521 1696 minus

53 1733 122 1760 me
142 1722 268 1760 vetuit
284 1719 406 1760 huius
422 1723 764 1760 commentationis
781 1723 1009 1761 institutum
1025 1736 1147 1777 quam
1165 1725 1307 1776 religio
1320 1754 1331 1774 ,
1361 1739 1412 1763 ne
1430 1726 1523 1763 libri

57 1788 108 1828 de
127 1790 422 1841 Magistratibus
452 1789 573 1828 editio
600 1803 673 1841 per
699 1803 765 1828 me
793 1792 952 1842 longius
986 1791 1180 1831 trahatur.
1239 1806 1365 1846 quare
1396 1807 1525 1847 quae-

57 1870 214 1912 cunque
227 1865 438 1911 supersunt
458 1857 667 1908 eiusmodi,
699 1871 883 1911 quaeque
903 1867 1137 1903 annotatam
1156 1860 1206 1899 de
1222 1863 1384 1913 ingenio
1402 1861 1523 1915 Lydi,

57 1924 110 1965 de
125 1926 314 1976 fontibus,
336 1925 385 1964 de
401 1929 626 1978 graecitate,
649 1926 698 1964 de
717 1926 938 1965 eruditione
953 1930 1109 1978 Latina,
1134 1943 1180 1968 ea
1196 1933 1302 1968 notis
1317 1932 1358 1968 iu
1375 1931 1525 1968 librum

58 1991 110 2032 de
131 1996 303 2034 Ostentis
331 1995 570 2034 reservanda
599 1995 716 2034 duco.
775 1997 895 2034 statui
922 1998 1030 2034 enim
1051 1997 1103 2036 ad
1123 1999 1238 2036 istius
1259 1999 1354 2036 libri
1378 1998 1525 2036 editio-

57 2075 153 2100 nem
172 2065 350 2102 animum
370 2065 562 2114 conferre,
594 2062 920 2116 quandoquidem
935 2066 1178 2105 Graecorum
1198 2081 1250 2105 ex
1272 2068 1389 2105 Italia
1409 2067 1524 2104 nobis

57 2130 269 2169 allatorum
300 2130 505 2181 codicum,
565 2133 708 2184 quibus
738 2133 940 2183 impertivi
968 2135 1122 2186 integra
1152 2134 1296 2173 horum
1327 2148 1524 2172 annorum

59 2197 203 2248 studia,
222 2213 350 2251 paene
371 2200 422 2238 ad
438 2201 558 2238 finem
582 2199 742 2238 adducti
766 2201 935 2252 catalogi
955 2210 1057 2251 suut,
1084 2216 1253 2256 sumque
1274 2205 1453 2252 solutior,
1477 2216 1524 2240 ea

59 2278 179 2317 opera
190 2267 410 2318 profligata,
422 2269 563 2306 factus.
595 2267 746 2306 accedit
756 2276 800 2306 ut
814 2281 892 2321 qua
904 2271 1096 2321 singulari
1105 2272 1344 2310 liberalitate
1355 2272 1416 2310 vir
1427 2272 1527 2308 illu-

59 2334 150 2372 stris
171 2332 220 2371 de
240 2333 428 2373 Choiseul
455 2350 554 2388 opus
583 2336 631 2374 de
648 2338 945 2389 Magistratibus
973 2351 1044 2376 suo
1074 2338 1279 2391 impendio
1308 2354 1329 2377 e
1350 2339 1525 2376 tenebris

58 2401 103 2439 in
118 2402 251 2440 lucem
270 2405 461 2454 evocavit,
493 2404 634 2443 eadem
647 2407 796 2444 librum
814 2405 863 2443 de
882 2408 1054 2445 Ostentis
1070 2409 1180 2457 velit,
1213 2421 1338 2460 aeque
1356 2407 1526 2455 varium,

60 2467 167 2507 unde
182 2471 308 2509 Iulius
330 2473 562 2525 Obsequens
574 2502 584 2522 ,
627 2476 775 2527 quique
791 2481 995 2526 praeterea
1014 2489 1100 2513 rem
1121 2477 1354 2528 auguralem
1374 2482 1524 2512 tracta-

60 2545 202 2576 verunt
224 2539 291 2577 vel
317 2542 385 2592 qui
411 2541 648 2592 attigerunt,
685 2544 835 2594 passim
856 2544 1119 2582 illustrantur.
1181 2556 1274 2582 cura
1295 2549 1430 2580 autem
1449 2542 1524 2580 ad-

60 2601 261 2644 hibebitur
281 2614 325 2644 ut
346 2606 446 2646 haec
471 2608 605 2658 editio,
637 2618 832 2662 quantum
850 2613 1082 2663 poterimus,
1113 2613 1399 2663 locupletetur,
1431 2625 1525 2650 cum

63 2677 433 2714 commemoratione
457 2685 661 2716 auctorum
687 2691 786 2731 quos
813 2679 950 2732 Lydus
976 2687 1208 2718 consecutus
1231 2686 1309 2728 est,
1341 2686 1428 2717 tum
1451 2678 1527 2718 ad·-

63 2737 212 2778 ditione
240 2741 551 2794 fragmentorum
576 2746 827 2799 quorundam
845 2747 1088 2786 ineditorum
1108 2746 1288 2785 eiusdem
1309 2747 1434 2785 ferme
1459 2761 1525 2786 ar-

62 2809 262 2858 gumenti,
303 2811 424 2850 Vettii
450 2813 627 2852 Valentis
657 2816 861 2866 inprimis,
902 2817 1012 2855 cuius
1038 2814 1283 2867 Anthologia
1315 2815 1423 2868 apud
1452 2829 1525 2856 nos

1548 1390 1606 1432 36

1544 2416 1582 2452 p.
1593 2416 1745 2443 nxxvm
