1748 3210
233 190 327 239 144
741 192 964 238 IOANNIS
992 193 1124 237 LYDI

231 302 434 358 νευόμενος
465 301 586 357 ἐζήτει
618 304 754 360 καιρὸν
781 304 849 346 τὸν
879 302 1122 360 Ταρκύνιον,
1152 303 1278 362 ἄνδρα
1297 310 1376 348 τῶν
1396 304 1550 350 πώποτε
1571 325 1643 351 τυ·-

233 371 383 428 ράννων
418 373 703 426 ἅπηνέστατον,
749 373 949 424 ἒξωθῆσαι
982 375 1053 424 τῆς
1083 371 1218 426 ἀρχῆς.
1283 371 1336 423 ὥς
1365 376 1409 416 δὲ
1434 373 1644 430 βραδύνων

225 438 416 493 Ἀθήνησι
447 439 514 479 διὰ
540 438 632 486 τοὺς
664 437 808 490 νόμους
839 438 911 479 σὺν
937 445 1018 487 τοῖς
1037 438 1126 491 μετ’
1155 439 1391 496 αὗτοῦπρὸς
1409 446 1524 484 τοῦτο
1545 458 1644 484 στα-

232 510 354 547 λεῖσιν
384 503 459 545 ὑπὸ
483 503 686 556 Ῥωμαίων
714 503 796 560 ᾔτει
817 505 886 546 τὸν
903 505 999 546 θεὸν
1017 504 1110 547 ὁδὸν
1129 503 1333 554 ὖποδεῖξαι
1352 509 1415 548 καὶ
1437 512 1644 562 συλλαβεῖν

231 573 340 628 αὐτῷ
366 571 465 626 πρὸς
481 574 619 619 τοῦτο,
654 569 814 625 ἔχρησεν
834 571 942 628 αὐτῷ
959 572 1004 614 τὸ
1022 569 1224 625 δαιμόνιον
1244 571 1304 614 ὅτι
1323 573 1357 614 εἰ
1373 578 1442 628 τῆς
1459 577 1675 631 πατρίδοςό

229 638 369 690 ἐπιβὰς
402 636 478 692 πρὸ
505 635 634 690 πάσης
658 637 805 687 τάξεως
826 639 898 692 τὴν
921 640 1072 695 μητέρα
1091 637 1367 694 περιπτῦξηται
1390 642 1456 681 καὶ
1473 644 1647 698 λιπαρῶς

228 702 457 759 περιβάλοι,
485 704 682 759 περιέσται
699 709 771 746 τοῦ
790 710 951 748 σκοποῦ.
997 709 1061 748 καὶ
1080 707 1129 760 δὴ
1145 706 1373 748 ἐπανελθὼν
1391 707 1432 748 ἓν
1451 711 1500 762 τῇ
1513 705 1645 764 Ῥώμῃ

229 773 296 812 καὶ
311 771 381 824 τὴν
398 775 469 826 γῆν
487 771 710 827 περιβαλὼν
739 771 867 826 (αὕτη
885 773 928 814 δὲ
945 772 1075 828 μήτηρ
1095 778 1172 815 τῶν
1191 771 1375 827 πάντων)
1397 773 1646 830 ἠλευθέρωσε

226 836 445 890 Ῥωμαίους
475 839 729 894 τυραννίδος,
764 839 888 893 ἀρχὴν
923 840 1088 896 ἐξευρὼν
1121 840 1233 895 παρ’,
1255 840 1381 882 οὐδενὶ
1412 843 1491 882 τῶν
1521 841 1648 882 ἐθνῶν

230 906 535 961 γνωριζομένην,
569 906 634 946 καὶ
666 909 699 947 εἰ
727 906 826 961 παρ’
851 904 1051 962 Ἑβραίοις
1075 907 1231 960 Δανιὴλ
1255 905 1276 948 ὅ
1301 911 1515 963 προφητῶν
1537 905 1649 949 θειό-
1659 913 1702 948 10

230 989 350 1020 τατος
367 970 528 1013 ὑπάτων
548 973 657 1026 παρὰ
672 973 891 1028 Ἀσσυρίοις
910 975 1123 1028 γενομένων
1141 975 1235 1015 ποτέ
1251 972 1496 1028 μνημονεύει.
1561 972 1651 1016 οὐδὲ

229 1039 306 1094 γὰρ
328 1033 442 1088 οὗτος
463 1038 581 1087 αὐτὸς
598 1041 659 1080 ἐπὶ
677 1045 747 1093 τῆς
763 1038 976 1097 Ἑβρα”ΐδος
995 1042 1164 1083 ἀπέθετο
1189 1045 1334 1096 φωνῆς,
1368 1039 1422 1090 ὥς
1434 1041 1652 1097 Ἀρισταῖος

229 1107 355 1160 λέγει·
398 1106 488 1146 ἀλλ’
528 1106 564 1146 οἳ
595 1104 901 1161 ἕρμηνεύσαντες
930 1108 1039 1163 παρὰ
1068 1110 1306 1166 Πτολεμαίῳ
1337 1108 1386 1149 τὰ
1417 1106 1529 1162 λόγιά
1558 1125 1651 1150 ποτε
1711 1141 1714 1145 ⁴

230 1173 318 1213 ἀντὶ
349 1175 550 1213 δυναστῶν
586 1174 651 1213 καὶ
686 1178 909 1225 βουλευτῶν
935 1173 1109 1223 ὑπάτους
1126 1171 1266 1224 'duom
1298 1173 1418 1228 μήπω
1436 1172 1522 1216 τότε
1541 1175 1651 1230 παρὰ

223 1238 433 1291 Ῥωμαίοις
463 1237 698 1292 ἀνισχούσης
726 1244 796 1293 τῆς
827 1240 950 1295 ἀρχῆς
979 1242 1044 1282 καὶ
1076 1241 1186 1296 παρὰ
1217 1245 1335 1282 πᾶσιν
1365 1242 1426 1282 ἐπὶ
1450 1245 1508 1298 τῷ
1531 1245 1653 1299 καινῷ
1664 1243 1704 1278 15

228 1306 386 1359 μεγέθει
413 1306 498 1358 [τῆς
522 1305 660 1360 ἀρχῆς]
686 1307 1005 1360 θαυμαζομένης.
1071 1306 1221 1348 τούτων
1241 1306 1366 1356 οὕτως
1379 1306 1545 1361 ἐχόντων
1563 1310 1653 1366 περὶ

228 1376 307 1414 τῶν
330 1376 401 1426 τῆς
422 1369 609 1421 ὑπατείας
634 1371 844 1425 συμβόλων
867 1372 1017 1429 ῥητέον.

365 1439 442 1482 32.
510 1440 665 1480 Λευκοὶ
684 1438 869 1495 φαινόλαι
886 1438 1083 1495 ποδήρεις,
1102 1441 1168 1482 καὶ
1186 1440 1343 1493 κολοβοὶ
1359 1436 1527 1496 μετρίως
1543 1439 1654 1496 παρὰ

227 1505 320 1555 τοὺς
342 1502 534 1561 φαινόλας
555 1506 853 1559 ἄνεσταλμένοι,
887 1505 1135 1560 πλατύσημοι
1145 1538 1158 1557 ,
1187 1505 1377 1562 πορφύρα
1400 1506 1594 1561 διάσημος
1611 1507 1654 1556 ἐξ

228 1572 422 1628 ἑκατέρων
441 1577 520 1614 τῶν
541 1572 673 1625 ὤμων,
696 1580 778 1622 τοῖς
797 1575 869 1626 μὲν
889 1572 1098 1630 φαινόλαις
1115 1572 1292 1630 πρόσθεν
1312 1580 1395 1623 τοῖς
1411 1575 1453 1615 δὲ
1473 1577 1709 1627 κολοβοῖς20

230 1642 295 1682 καὶ
317 1638 538 1689 ἐξόπισθεν,
560 1643 625 1680 καὶ
642 1638 880 1694 ὑποδήματα
900 1641 1018 1682 λευκὰ
1041 1641 1231 1695 (ἀλούταν
1252 1641 1296 1683 δὲ
1316 1640 1360 1682 τὸ
1384 1640 1460 1682 ἀπὸ
1480 1657 1654 1694 στυπτη-

230 1708 318 1763 ριάς
353 1707 479 1762 δέρμα
509 1710 696 1749 καλοῦσιν
731 1708 767 1749 οἳ
794 1706 1004 1761 Ῥωμαῖοι,
1038 1707 1097 1750 ὅτι
1127 1707 1297 1761 ἄλουμεν
1331 1707 1422 1750 κατ’
1456 1707 1600 1757 αὐτοὺς
1628 1705 1655 1762 ἦ

319 1835 341 1870 5
365 1830 423 1869 ὅτι
436 1835 538 1878 vulgo
554 1846 619 1869 om.
755 1837 778 1870 6
797 1847 859 1879 pro
874 1831 1007 1877 τάξεως
1021 1835 1131 1869 malim
1146 1833 1320 1878 πράξεως.
1454 1836 1498 1870 12
1513 1831 1656 1873 ⁰⁴32·ch

319 1877 472 1914 ἐπέθετο
494 1879 616 1923 vulgo:
651 1880 696 1914 cf.
729 1880 751 1914 3
784 1882 840 1914 70.
1009 1880 1052 1915 14
1072 1882 1170 1915 immo
1193 1881 1347 1926 μήποτε.
1510 1881 1554 1915 19
1575 1876 1655 1914 διά-

318 1935 414 1969 σημα
436 1925 552 1969 vulgo.
684 1926 730 1960 22
746 1921 907 1968 ἄλουμον
929 1925 970 1959 C.

229 2036 392 2082 quinium,
417 2037 529 2070 virum
548 2036 704 2079 omnium,
729 2037 788 2080 qui
807 2047 954 2080 unquam
971 2037 1109 2080 tyranni
1130 2038 1228 2070 fuere
1248 2035 1526 2079 crudelissimum,
1547 2045 1655 2079 regno

231 2081 437 2126 expellendi.
484 2082 543 2124 qui
567 2093 641 2114 cum
665 2081 832 2124 (Athenis
857 2092 931 2114 cum
954 2081 997 2115 iis
1020 2083 1147 2125 degens
1169 2081 1228 2125 qui
1256 2081 1367 2125 legum
1393 2091 1494 2114 causa
1516 2091 1590 2114 cum
1612 2091 1654 2113 eo

231 2138 253 2160 a
276 2125 438 2159 Romanis
462 2131 560 2159 erant
582 2126 700 2169 missi)
725 2128 823 2160 deum
851 2132 1008 2169 rogasset
1028 2133 1065 2160 ut
1085 2127 1174 2159 viam
1201 2130 1405 2159 monstraret
1429 2136 1536 2169 seque
1556 2124 1593 2158 iu
1614 2136 1656 2158 eo

231 2171 432 2212 adiuvaret,
461 2171 642 2214 respondit
671 2171 703 2203 ei
734 2182 876 2213 numen,
909 2170 939 2204 si
967 2171 1002 2203 in
1029 2172 1174 2215 patriam
1203 2171 1376 2214 ingressus
1408 2176 1547 2204 matrem
1577 2175 1658 2203 ante

233 2216 345 2250 omnia
365 2214 587 2259 amplectatur
607 2215 777 2260 avideque
796 2215 982 2258 osculetur,
1006 2215 1080 2249 voti
1098 2221 1285 2260 compotem
1302 2217 1462 2249 futurum.
1510 2218 1547 2248 et
1561 2225 1658 2257 vero,

233 2262 373 2295 Romam
394 2271 574 2302 reversus,
598 2265 791 2304 terramque
815 2262 893 2303 (est
915 2266 1026 2294 autem
1050 2261 1134 2294 haec
1155 2261 1300 2294 omnium
1319 2261 1451 2304 mater)
1475 2258 1656 2302 osculatus,

233 2305 417 2349 tyrannide
438 2305 609 2338 Romanos
633 2305 814 2348 liberavit,
847 2305 1146 2350 magistratumque
1174 2305 1330 2349 repperit
1354 2304 1436 2340 nulli
1457 2303 1656 2356 populorum

232 2350 424 2394 cognitum3
463 2349 617 2394 quamvis
645 2350 734 2394 apud
760 2350 939 2383 Hebraeos
968 2350 1108 2394 Daniel,
1147 2351 1387 2395 prophetarum
1411 2347 1657 2391 sanctissinum,

231 2393 405 2436 ὑπάτων,
433 2394 492 2439 qui
514 2393 592 2427 olim
613 2395 703 2438 apud
722 2394 884 2438 Assyrios
904 2395 1021 2438 fuere,
1046 2395 1248 2429 mentionem
1273 2393 1390 2428 faciat.
1435 2403 1546 2437 neque
1569 2392 1658 2426 enim

233 2440 291 2474 hic
313 2440 410 2484 ipse,
433 2443 471 2472 ut
497 2439 548 2473 ait
566 2439 763 2483 Aristaeus,
786 2439 822 2473 in
843 2439 1004 2473 Hebraeo
1029 2451 1185 2474 sermone
1209 2440 1259 2473 ita
1282 2439 1488 2484 scripserat:
1517 2438 1579 2472 sed
1598 2437 1658 2482 qui

233 2485 325 2529 apud
360 2483 590 2518 Ptolemaeum
620 2495 735 2518 sacras
766 2484 884 2518 literas
916 2484 995 2518 olim
1023 2491 1182 2527 vertere,
1215 2483 1388 2528 principes
1417 2487 1453 2516 et
1481 2486 1659 2517 senatores

232 2527 403 2568 ’ὑπάτους
421 2529 592 2572 dixerunt,
618 2530 760 2563 necdum
781 2535 851 2563 tum
872 2529 1042 2564 eminente
1064 2531 1154 2575 apud
1173 2530 1343 2563 Romanos
1367 2527 1524 2573 imperio,
1546 2538 1659 2572 neque

233 2586 324 2609 nova
341 2574 572 2618 magnitudine
590 2575 735 2608 omnium
756 2574 1011 2609 admirationem
1028 2575 1065 2608 in
1085 2587 1123 2609 se
1144 2579 1379 2608 convertente.
1424 2577 1535 2607 restat
1555 2577 1595 2606 ut
1615 2571 1660 2606 de

232 2619 425 2663 insignibus
449 2619 640 2653 consulatus
664 2619 827 2654 dicamus.
1514 2637 1516 2639 ·

322 2665 380 2698 32.
430 2664 610 2698 Consulum
632 2664 781 2708 insignia
808 2669 890 2708 toga
914 2663 992 2698 alba
1012 2664 1150 2706 talaris,
1183 2668 1219 2697 et
1236 2663 1394 2706 colobus,
1426 2661 1572 2716 paenula
1592 2659 1655 2694 ali-

235 2714 361 2752 quanto
380 2709 591 2752 restrictior,
622 2709 831 2752 laficlavius,
864 2720 1013 2754 purpura
1037 2721 1079 2742 ex
1099 2715 1245 2752 utroque
1266 2709 1405 2742 humero
1425 2707 1598 2750 insignes,
1621 2709 1658 2740 et

233 2753 379 2796 paenula
398 2754 534 2798 quidem
559 2754 594 2788 in
621 2754 788 2797 adversa,
816 2754 953 2788 colobus
977 2760 1088 2788 autem
1108 2754 1145 2786 in
1168 2765 1290 2787 aversa
1313 2752 1414 2786 etium
1434 2757 1552 2796 μαι-τες
1586 2749 1655 2784 cal-

234 2804 409 2834 cementa
425 2799 503 2834 alba
521 2799 668 2843 (alutam
685 2804 799 2835 autem
815 2799 960 2834 alumine
976 2801 1152 2834 subactum
1169 2798 1297 2833 corium
1313 2795 1486 2844 appellant
1501 2793 1657 2839 Romani,
