1748 3210
346 167 423 212 DE
453 162 898 213 MAGISTRATIBUS
930 162 978 205 P.
1009 159 1064 205 R.
1096 159 1203 204 LIB.
1235 159 1293 204 I.v
1446 162 1543 210 155

229 281 310 330 43.
379 286 527 341 Βαρεῖς
547 281 592 324 δέ
611 298 712 332 τινες
729 282 796 324 καὶ
816 278 990 329 ἀναιδεῖς
1013 276 1229 334 ἇστεμᾳεῒς
1248 294 1289 320 τε
1311 278 1379 320 καὶ
1401 284 1545 333 στιβα-

98 355 177 414 ροὶ
191 351 264 396 τὸν
294 349 445 410 τρόπον
476 352 514 393 οἱ
547 367 747 408 κηνσωρες
774 355 857 398 τοῖς
878 345 1049 397 ασώτοις
1071 345 1305 402 ἐτύγχανον,
1333 346 1391 402 μὴ
1409 346 1546 403 τύχης,

97 423 158 478 μὴ
191 419 418 477 ἀξιώματος
449 419 729 478 ἕξαιρουμένου
760 418 829 461 τὸν
860 417 1000 459 αι’τιον.
1069 432 1132 458 οτι
1163 415 1208 457 δε
1238 415 1380 470 ἀληθῆ
1402 421 1546 469 ταῦτα,

91 489 256 548 μάρτυς
282 488 309 545 ἦ
337 490 507 547 ἱστορία.
574 488 675 544 λέγει
707 487 751 529 δὲ
776 484 915 535 οὕτως.
983 488 1141 540 πρῶτος
1154 482 1322 534 ’Άππιος
1340 484 1548 535 Κλαύδιος

58 557 257 617 ὅεῆνσωρ
288 557 539 617 προεβλήθη.
607 555 712 613 ἀρχὴ
734 555 776 597 δὲ
798 548 847 608 ἦν
868 551 969 607 αὕτη
994 557 1074 595 τῶν
1095 554 1316 608 μεγίστων,
1344 555 1410 595 καὶ
1432 554 1547 610 ἔργον

97 623 150 683 ἦν
181 627 318 678 αὐτοῖς
349 627 444 677 τοὺς
475 631 556 669 τῶν
585 627 757 667 πολιτῶν
785 623 1072 678 διερευνᾶσθαί
1093 639 1135 664 τε
1163 623 1230 664 καὶ
1252 623 1397 679 κρίνειν
1417 624 1547 676 βίους,

90 697 296 754 -τιμωρίας
324 713 366 739 τε
395 693 552 751 ἐπάγειν
581 699 664 743 τοῖς
696 689 974 748 ἁμαρτάνουσι
999 690 1104 732 κατὰ
1137 688 1271 745 πάσης
1293 692 1550 741 δυναστείας·

97 767 166 808 καὶ
195 764 326 815 οὐδεὶς
341 759 391 819 ἦν
409 763 486 815 ἔξω
503 767 575 818 τῆς
596 765 670 804 τοῦ
689 758 894 816 κήνσωρος
913 759 1106 809 ἔξουσίας.
1175 757 1307 816 κύριοι
1325 761 1369 802 δὲ
1388 755 1492 815 ἦσαν
1511 761 1551 803 οἳ

98 831 302 891 κήνσωρες
315 834 384 876 καὶ
407 831 536 889 ἴργοις
553 836 698 880 κοινοῖς
718 834 984 881 κατακοσμεῖν
1004 827 1077 882 τὴν
1098 825 1227 871 πόλιν.

33 912 92 948 ’10
235 899 316 947 44.
387 899 529 951 Οὕτως
557 893 628 941 οὖν
654 902 734 941 τῶν
760 901 937 952 τιμητῶν
965 895 1289 952 ε’κταραττόντων
1319 897 1414 947 τοὺς
1443 895 1549 953 ὑπη-

99 987 221 1021 κοους
248 971 316 1014 καὶ
341 967 574 1026 πικρότερον
594 965 824 1018 ἐπεξιόντων
844 972 927 1015 τοῖς
950 966 1155 1017 πολίταις,
1189 967 1256 1008 καὶ
1279 965 1552 1023 διαφερόντως

99 1037 376 1102 ἀδυσωπήτως
393 1036 647 1091 διακειμένων
662 1040 742 1078 τῶν
760 1037 976 1077 δανειστῶν
994 1035 1083 1091 περὶ
1099 1033 1194 1084 τοὺς
1210 1051 1412 1091 χρηστας,
1448 1035 1549 1090 ε’χει-

99 1105 313 1164 ροτόνησεν
339 1105 360 1148 ὅ
391 1107 519 1161 δῆμος
546 1103 618 1147 δυο
648 1102 883 1161 δημάρχους
911 1100 1066 1159 ἑαυτῷ,
1112 1101 1175 1143 Γ
1151 1120 1238 1145 αιον
1265 1104 1454 1146 Λικίνιον
1483 1105 1553 1146 καὶ

97 1174 281 1218 Λουκιον
306 1175 374 1218 A)
375 1179 442 1229 βιι
444 1192 512 1226 ον,
547 1171 826 1227 διαιτησοντας
851 1175 910 1213 τῶ
936 1171 1083 1226 πλήθει
1106 1173 1172 1212 καὶ
1203 1171 1275 1226 τὴν
1302 1172 1454 1229 ἀγορὰν
1480 1173 1553 1214 ἒπ-

44 1254 89 1290 15
100 1245 339 1298 οψομένους.
385 1243 498 1286 αὐτοὶ
526 1243 568 1284 δὲ
594 1242 631 1284 οἱ
656 1240 857 1297 δήμαρχοι
881 1242 1087 1296 μαχαίρας
1110 1238 1386 1293 διεζώννυντο,
1423 1244 1553 1295 δημο-

96 1314 210 1362 σίους
231 1313 274 1354 δὲ
294 1312 449 1361 οἰκέτας
468 1311 568 1367 πρὸς
591 1308 809 1365 ὑπηρεσίαν
841 1307 967 1362 εἶχον,
998 1307 1068 1358 οὓς
1094 1307 1262 1350 ἐκάλουν
1284 1307 1552 1365 βερνάκλους·

97 1382 283 1436 σημαίνει
299 1380 342 1422 δέ
359 1378 535 1433 τοτ’]’νομα
551 1378 645 1428 τοὺς
664 1380 871 1432 οἰκογενεῖς
897 1378 1063 1426 οἰκέτας.
1132 1379 1200 1434 ἐφ’
1235 1371 1291 1419 ὧν
1320 1378 1364 1420 τὸ
1391 1379 1554 1435 με’τριον

97 1447 120 1491 ὃ
152 1451 281 1503 δῆμος
313 1448 436 1502 ἐκβὰς
465 1449 531 1490 καὶ
562 1446 710 1496 αὐτοὺς
739 1445 832 1495 τοὺς
854 1445 1097 1501 εὐπατρίδας
1117 1450 1330 1489 καλεῖσθαι
1355 1447 1456 1503 πρὸς
1474 1450 1556 1489 τῶν

97 1515 315 1572 βαναύσων
337 1519 392 1566 εἷς
414 1517 527 1570 δίκην
547 1514 860 1568 ἐνομοθέτησεν,
895 1513 997 1556 ὥστε
1027 1513 1097 1555 τὸν
1119 1513 1275 1557 ὕπατον
1298 1515 1400 1571 πρὸς
1423 1519 1552 1571 θερα-

41 1587 216 1631 ωπείαν
243 1589 317 1628 τοῦ
348 1583 535 1639 πλήθους
554 1582 677 1638 νόμον
698 1583 885 1638 ἐνεγκεῖν,
915 1581 972 1636 μὴ
997 1582 1138 1632 ἐξεῖναι
1163 1590 1246 1633 τοῖς
1268 1582 1438 1640 ἄρχουσι
1461 1585 1554 1638 δίχα

75 1684 77 1686 -
97 1652 244 1712 ’ψήφου
266 1657 339 1696 τοῦ
364 1651 574 1710 δημάρχου
597 1655 864 1708 τιμωρεῖσθαι
887 1651 1065 1705 πολίτην.

235 1720 317 1768 45.
382 1720 486 1765 Εἶτα
506 1716 628 1771 αὖθις
649 1719 948 1777 διαφερομένων
965 1723 1044 1761 τῶν
1062 1716 1244 1774 λογάδων
1264 1719 1365 1776 πρὸς
1381 1719 1425 1762 τὸ
1450 1724 1555 1775 πλῆ-

99 1795 201 1842 θος,
232 1789 365 1848 ψήφῳ
396 1795 506 1847 κοινῇ
535 1789 630 1839 τοὺς
651 1789 724 1843 μὲν
744 1787 923 1838 ὑπάτους
945 1788 1208 1843 ἀπεκίνησαν,
1246 1789 1342 1831 δέκα
1366 1790 1408 1831 δὲ
1430 1807 1556 1843 νομο-

99 1861 240 1910 θέταις
254 1859 327 1914 τὴν
345 1857 558 1913 διάσκεψιν
574 1862 654 1901 τῶν
675 1862 816 1900 κοινῶν
844 1858 1081 1914 ἐπέτρεψαν.
1151 1857 1230 1899 ἀπὸ
1254 1858 1298 1900 δὲ
1321 1863 1391 1900 τοῦ
1415 1857 1556 1912 ἑξηκο-

189 1967 249 2004 43.
296 1968 435 2002 Graves
459 1972 571 2002 autem
596 1971 700 2012 atque
722 1964 939 2011 impudentes
960 1964 1187 2018 immotosque
1207 1969 1242 2000 et
1264 1967 1368 2001 duros
1392 1978 1558 2001 censores

99 2026 139 2050 se
160 2013 346 2048 luxuriosis
370 2015 603 2067 praebebant,
640 2024 753 2056 neque
776 2013 916 2045 fortuna
939 2023 1050 2055 neque
1063 2010 1245 2064 dignitate
1266 2012 1405 2046 noxium
1423 2018 1556 2046 tuente.

100 2072 190 2106 quae
212 2071 299 2094 vera
322 2071 399 2094 esse
422 2060 476 2092 his
493 2060 612 2093 verbis
636 2057 785 2090 historia
807 2061 970 2090 testatur.
1009 2056 1148 2110 primus
1171 2057 1265 2103 App.
1285 2057 1450 2092 Claudius
1473 2071 1557 2093 cen-

99 2118 161 2141 sor
189 2111 325 2140 creatus
357 2110 422 2139 est.
470 2110 545 2139 erat
568 2110 682 2139 autem
702 2114 790 2137 unus
814 2103 858 2136 de
881 2102 1038 2137 maximis
1060 2102 1117 2136 hic
1139 2104 1380 2148 magistratus,
1414 2116 1555 2139 munus-

100 2163 172 2196 que
202 2151 276 2186 eius
306 2151 483 2196 inquirere
507 2156 542 2184 et
563 2150 719 2184 iudicare
742 2148 870 2182 civium
898 2160 1031 2192 mores,
1061 2149 1143 2182 data
1167 2150 1259 2183 omni
1281 2156 1466 2195 peccantes
1491 2162 1555 2197 pu—

101 2197 222 2231 niendi
251 2202 446 2250 potestate3
478 2196 535 2230 cui
559 2207 658 2230 nemo
682 2206 751 2228 non
775 2201 851 2228 erat
874 2194 1057 2229 obnoxius.
1106 2200 1183 2230 erat
1211 2207 1297 2231 vero
1322 2196 1426 2232 etiam
1448 2209 1557 2243 penes

100 2254 265 2277 censores
314 2242 437 2276 ublicis
461 2242 624 2288 operibus
647 2240 823 2276 civitatem
848 2252 987 2275 ornare.

239 2254 414 2323 .ᾨΙό.1ἰ’
404 2288 510 2332 igitur
533 2289 633 2322 modo
657 2298 732 2321 cum
753 2287 914 2332 populum
933 2290 1105 2320 terrerent
1123 2298 1304 2332 censores,
1329 2287 1559 2333 acerbiusque

100 2333 140 2368 in
163 2333 260 2368 cives
283 2334 615 2377 animadverterent,
655 2344 696 2367 ac
726 2333 915 2387 praecipue
946 2333 1162 2367 feneratores
1185 2333 1332 2368 immites
1355 2346 1434 2368 sese
1457 2334 1556 2368 debi-

102 2380 238 2415 toribus
269 2381 512 2434 praeberent,
533 2360 632 2434 plebs
655 2380 740 2413 duos
763 2379 833 2413 sibi
856 2379 1033 2422 tribunos,
1066 2380 1108 2413 C.
1134 2379 1307 2414 Licinium
1332 2384 1366 2413 et
1389 2381 1434 2414 L.
1458 2380 1558 2414 Albi—

103 2437 202 2470 num,
233 2426 386 2471 creavit,
419 2426 479 2471 qui
500 2426 555 2460 ius
579 2426 736 2461 dicerent
758 2425 967 2460 multitudini
993 2425 1139 2470 foroque
1170 2431 1385 2471 praeessent.
1433 2425 1471 2459 hi
1493 2426 1558 2460 tri-

103 2471 189 2507 buni
217 2471 354 2516 gladios
383 2474 571 2516 gerebant,
614 2473 868 2516 utebanturque
901 2471 1092 2505 ministerio
1123 2483 1300 2506 servorum
1331 2471 1559 2525 publicorum,

103 2528 193 2562 quos
222 2518 427 2552 vernaculos
456 2521 631 2553 vocabant
669 2517 865 2561 (significat
903 2524 1016 2551 autem
1048 2529 1117 2551 vox
1148 2529 1269 2551 servos
1301 2517 1394 2551 domi
1417 2519 1558 2561 natos).

103 2574 175 2607 qua
201 2562 240 2597 in
271 2575 312 2598 re
343 2565 480 2599 modum
509 2566 680 2599 excedens
711 2563 830 2609 plebs,
872 2570 909 2597 ut
931 2563 943 2596 i
970 2563 1001 2597 si
1024 2563 1166 2608 patricii
1189 2575 1210 2597 a
1233 2564 1372 2597 sordido
1395 2563 1499 2607 vulgo
1523 2564 1561 2598 in

103 2608 160 2642 ius
190 2615 419 2653 vocarentur,
449 2610 527 2655 lege
560 2609 695 2652 sanxit,
727 2610 819 2643 unde
847 2576 987 2653 consui,
1020 2620 1088 2653 quo
1119 2609 1376 2654 gratificaretur
1406 2609 1560 2644 multitu-

103 2653 199 2698 dini,
227 2654 339 2700 legem
367 2636 448 2691 tulit.
478 2668 524 2691 ne
550 2657 675 2692 liceret
704 2655 964 2700 magistratibus
995 2655 1072 2690 sine
1101 2655 1233 2690 tribuni
1255 2655 1423 2701 suffragio
1449 2655 1563 2691 civem

141 2705 270 2736 ectere.

103 2699 140 2746 Pl
196 2746 254 2780 45.
301 2746 456 2792 Deinde,
491 2759 567 2782 eum
598 2748 724 2784 iterum
748 2761 770 2783 a
794 2748 894 2795 plebe
916 2747 1086 2793 primores
1113 2748 1358 2791 dissentirent,
1393 2747 1562 2782 communi

106 2791 274 2836 suffragio
308 2793 432 2828 amotis
465 2794 682 2839 consulibus,
722 2795 840 2829 decem
878 2794 1133 2838 legislatoribus
1171 2806 1287 2830 curam
1319 2793 1371 2828 rei
1401 2794 1563 2848 publicae

108 2837 325 2874 mandarunt.
371 2841 417 2875 ab
439 2851 532 2875 anno
553 2847 667 2877 autem
691 2853 713 2878 a
735 2823 932 2878 consulatu?
937 2840 1151 2886 sexagesimo
1174 2853 1238 2888 per
1261 2852 1371 2876 annos
1388 2840 1560 2887 quinqua—
