1748 3210
247 210 341 258 244
766 210 985 253 IOANNIS
1018 210 1148 253 LYDI

245 340 366 378 ματα.
432 324 497 364 καὶ
521 322 641 378 πέρας
670 315 718 374 ἦν
747 318 884 361 λοιπὸν
904 318 1162 362 Ἀναστασίου
1189 324 1258 363 τοῢ
1283 320 1374 375 βίου
1387 327 1470 372 τοῖς
1487 320 1564 364 ἀπὸ
1582 326 1660 364 τῶν

247 388 452 445 δογμάτων
475 391 539 430 καὶ
564 390 804 429 Βιταλιανοῢ
822 385 1016 442 θορύβοις
1035 386 1331 443 ταραττόμενον.
1390 388 1597 431 Ἰουστίνου
1617 390 1661 430 δὲ

246 458 318 511 τὴν
344 456 548 509 βασιλείαν
579 451 882 508 παραλαβόντος
908 452 1027 509 (ἀνὴρ
1056 454 1097 495 δὲ
1129 448 1177 506 ἦν
1205 452 1418 508 ἀπράγμων
1443 456 1508 496 καὶ
1537 455 1660 509 μηδὲν

246 522 378 571 ἅπλῶς
396 521 504 576 παρὰ
527 521 598 573 τὴν
616 524 694 562 τῶν
716 519 846 562 ὅπλων
862 526 999 576 πεῖραν
1017 519 1286 572 ἐπιστάμενος)
1302 522 1491 575 ,ΙΠαρῖνος
1505 522 1576 575 μὲν
1594 523 1659 562 καὶ

245 589 330 630 ὅσοι
353 587 608 629 Ἀναστασίου
636 591 707 640 τῆς
737 585 936 640 αὐξήσεως
961 617 971 628 .
986 617 997 628 .
1012 617 1022 628 .
1052 587 1122 628 οὐκ
1150 586 1273 628 ὄντων
1294 586 1336 627 δὲ
1358 585 1402 627 τὸ
1426 588 1560 629 λοιπὸν
1579 594 1692 636 τοῖς5

246 658 431 710 κρατοῦσι
458 655 606 709 κερδῶν
632 652 761 709 ὥσπερ
789 654 835 695 τὸ
862 652 1051 710 πρότερον
1082 655 1164 707 (καὶ
1190 653 1266 708 γὰρ
1284 652 1570 708 ἀπεστρέφοντο
1589 654 1662 703 τὰς

245 721 343 762 κατὰ
363 725 441 762 τῶν
459 718 641 773 ὑπηκόων
661 721 873 775 ἐπηρείας),
902 719 1006 769 ἅπας
1017 718 1120 774 μένὸ
1140 724 1308 768 πλοῦτος
1319 719 1587 770 Ἀναστασίου,
1610 722 1663 768 εἷς

243 788 426 842 ἀπείρους
449 785 647 843 μυριάδας
662 788 828 841 χρυσιόυ
852 790 994 842 λιτρῶν
1018 786 1297 842 συναγόμενος,
1333 785 1514 842 διερρύη,
1549 784 1662 838 ὄχλος

244 855 287 896 δὲ
305 854 484 907 πολέμων
502 853 552 895 τὰ
567 852 770 906 Ῥωμαίων
787 851 922 904 ἐδόνει,
943 856 1113 908 Περσῶν
1130 853 1202 907 τὴν
1220 851 1480 908 ἀειθρύλητον
1497 853 1559 893 ἐπὶ
1578 858 1664 900 ταῖς

243 921 445 969 Κασπίαις
465 918 605 969 πύλαις
624 919 892 962 ἀπαιτούντων
915 918 1105 974 δαπάνην.
1173 918 1194 961 ὃ
1225 919 1268 961 δὲ
1297 920 1384 975 περὶ
1407 919 1530 973 αὐτῆς
1551 916 1663 974 λόγος
1674 929 1717 963 10

241 991 429 1036 τοιοῦτος.

378 1054 454 1096 52.
520 1051 635 1108 Πρὸς
654 1051 859 1106 ἀνίσχοντα
874 1050 950 1093 ὕπὸ
970 1051 1093 1093 λέοντι
1115 1049 1239 1105 ἥλιον,
1273 1051 1314 1093 ἓν
1333 1050 1436 1107 ἀρχῇ
1456 1056 1570 1107 στενῇ
1591 1054 1663 1092 τοῦ

244 1119 476 1170 Καυκάσου,
509 1118 608 1173 πρὸς
636 1119 788 1173 Βορέαν
816 1118 956 1170 ἄνεμον
977 1117 1078 1159 κατὰ
1098 1119 1169 1171 τὴν
1190 1119 1378 1159 Κασπίαν
1391 1119 1663 1173 χωριζομένων
1721 1129 1723 1132 “

244 1186 360 1243 φύσει
379 1190 456 1227 τῶν
477 1188 547 1225 τοῦ
568 1183 784 1225 Καυκάσου
815 1188 979 1240 σφυρῶν
1005 1184 1155 1232 εἴσοδος
1183 1184 1420 1237 ἀπετελέσθη
1445 1182 1662 1239 βαρβάρων

242 1259 324 1300 τοῖς
355 1251 628 1305 ἀγνοουμένοις
658 1248 751 1304 ἡμῖν
779 1267 820 1292 τε
851 1252 916 1291 καὶ
936 1251 1138 1305 Πέρσαις,
1186 1250 1230 1291 οἳ
1253 1252 1340 1305 περὶ
1367 1251 1440 1303 τὴν
1461 1248 1661 1305 ζΥρκάνην
1675 1258 1717 1292 15

242 1319 444 1372 νέμονται,
480 1317 536 1358 δι’
567 1311 614 1369 ἧς
643 1315 911 1370 εἷσβάλλοντες
939 1315 990 1357 τά
1019 1333 1060 1357 τε
1087 1315 1187 1372 πρὸς
1204 1311 1334 1372 Εὗρον
1352 1316 1531 1371 Πέρσαις
1550 1314 1600 1358 τά
1621 1333 1661 1358 τε

243 1385 344 1442 πρὸς
363 1385 517 1440 Βορέαν
531 1382 740 1436 Ῥωμαίοις
760 1383 953 1437 ἀνήκοντα
968 1381 1119 1438 ε’ὁῇουν.
1187 1384 1253 1424 καὶ
1272 1383 1344 1431 ἕως
1360 1382 1431 1435 μὲν
1447 1380 1665 1439 Ἀρτάξατα

243 1453 308 1494 καὶ
328 1451 382 1493 ἔτι
402 1451 572 1492 ἐπέκεινα
595 1450 696 1503 εἶχον
714 1449 789 1506 ὑφ’
819 1449 970 1499 ἑαυτοῖς
992 1450 1027 1491 οἶ
1042 1448 1239 1502 Ῥωμαῖοι,
1275 1449 1502 1502 ἀπέβαινον
1517 1447 1667 1505 παρόν·

242 1535 307 1568 τες
326 1520 427 1559 ἐκεῖ·
462 1515 516 1565 ῶς
544 1518 586 1558 δὲ
616 1516 765 1558 τούτων
791 1517 1000 1569 ἐξέστησαν
1021 1517 1085 1556 καὶ
1108 1515 1210 1557 ὅσων
1231 1515 1360 1557 ἄλλων
1381 1516 1442 1556 ε’πὶ
1459 1515 1664 1568 Ἰοβιανοῦ,

243 1585 314 1627 οὐκ
333 1583 519 1639 ἐξήρκουν
539 1583 575 1623 οἳ
592 1585 743 1638 Πέρσαι
758 1580 808 1624 τά
828 1600 867 1624 τε
891 1581 1040 1624 ἑαυτῶν
1058 1580 1106 1623 τά
1123 1598 1165 1623 τε
1182 1581 1302 1623 πάλαι
1316 1580 1518 1634 Ῥωμαίων
1535 1597 1661 1637 φρου-
1672 1589 1718 1624 20

243 1658 345 1707 ρεῖν,
381 1652 446 1691 καὶ
473 1648 652 1704 θόρυβος
682 1650 740 1690 ἀεὶ
769 1649 840 1698 τὰς
870 1647 1061 1703 ἑκατέρων
1084 1648 1288 1704 Ἀρμενίας
1319 1645 1417 1700 εἶχεν
1450 1647 1663 1704 ἀφόρητος.

243 1719 411 1772 γίνονται
434 1716 482 1770 δὴ
503 1711 572 1757 οὖν
596 1715 703 1770 λόγοι
728 1715 828 1768 μετὰ
849 1716 919 1769 τὴν
936 1716 996 1756 ἐπὶ
1020 1715 1236 1756 Ἰουλιανοῦ
1257 1713 1459 1768 Ῥωμαίων
1480 1714 1664 1767 ἀστοχιάν

244 1784 472 1840 Σαλουστίῳ
491 1799 553 1834 τε,
590 1782 634 1832 ὃς
661 1778 711 1836 ’ἦν
735 1781 932 1838 ὕπαρχος,
966 1783 1007 1832 ἐξ
1027 1787 1139 1836 ημῶν
1158 1783 1223 1823 καὶ
1238 1784 1408 1838 Περσῶν
1422 1788 1504 1830 τοῖς
1520 1782 1663 1834 ἐξοχω-

330 1900 352 1933 5
373 1902 452 1943 post
474 1893 659 1941 αὐξήσεως
680 1897 808 1942 aliquid
827 1896 966 1931 excidit.
990 1897 1035 1930 F.
1171 1897 1213 1931 19
1236 1891 1325 1931 ὅσον
1350 1890 1460 1929 ἄλλον
1477 1895 1520 1929 C.

240 2009 314 2032 rum
335 1997 428 2030 vitae
446 1995 618 2031 Anastasii
641 2007 713 2029 cum
737 1995 936 2040 dogmaticis
961 1999 1030 2028 tum
1052 1994 1215 2028 Vitaliani
1236 1994 1431 2029 tumultibus
1491 1995 1664 2028 erturbata

242 2048 308 2076 est.
331 2042 462 2075 Iustino
480 2045 592 2074 autem
608 2041 784 2084 imperium
806 2045 945 2074 tenente
969 2041 1060 2082 (erat
1079 2051 1162 2073 vero
1179 2039 1234 2073 vir
1249 2039 1405 2083 ignavus,
1428 2040 1462 2073 ni
1489 2039 1497 2048 ”
1529 2040 1663 2072 omnino

241 2092 380 2131 praeter
401 2096 567 2120 armorum
597 2097 692 2118 usum
719 2085 856 2128 sciens)
881 2084 1034 2118 Marinus
1055 2084 1208 2128 quidem,
1240 2089 1274 2118 et
1305 2090 1388 2128 quot
1418 2085 1460 2118 ab
1483 2084 1664 2118 Anastasio

241 2131 332 2165 aucti
355 2131 492 2163 fuerant
515 2154 524 2163 .
538 2153 569 2163 ..
593 2132 654 2163 sed
679 2142 751 2163 cum
771 2130 932 2172 deinceps
955 2128 1064 2170 nulla,
1096 2135 1134 2162 ut
1156 2135 1274 2172 antea,
1305 2129 1548 2172 imperantibus
1570 2128 1664 2162 lucra

242 2181 357 2209 essent
381 2174 523 2216 (etenim
549 2176 793 2208 aversabantur
813 2174 1022 2207 subditorum
1045 2173 1215 2217 iniurias),
1240 2185 1354 2206 omnes
1378 2173 1550 2207 Anastasii
1573 2173 1663 2207 divi-

241 2220 331 2263 tiae,
354 2219 529 2252 innumera
552 2219 626 2251 auri
648 2219 808 2253 librarum
831 2218 943 2262 milia,
967 2218 1117 2263 dilapsae
1135 2224 1226 2252 sunt.
1274 2218 1435 2252 bellorum
1458 2229 1541 2252 vero
1563 2219 1668 2251 turba¹

242 2276 313 2298 rem
335 2264 518 2297 Romanam
552 2263 725 2306 agitabat,
757 2263 873 2296 Persis
904 2275 1038 2307 semper
1070 2263 1275 2296 celebratum
1302 2264 1346 2297 de
1377 2263 1492 2296 Portis
1526 2262 1663 2307 Caspiis

240 2313 407 2353 sumptum
429 2308 680 2352 repetentibus3
705 2309 748 2342 de
771 2320 836 2352 quo
858 2313 991 2352 sumptu
1012 2309 1097 2341 haec
1115 2309 1307 2342 traduntur.

330 2353 385 2387 52.
433 2353 609 2386 Orientem
637 2355 699 2386 sub
731 2353 828 2386 leone
859 2352 962 2386 solem
990 2363 1129 2396 versus,
1165 2356 1308 2396 angusto
1329 2351 1365 2385 in
1389 2351 1482 2385 aditu
1505 2349 1662 2394 Caucasi,

241 2402 379 2432 ventum
400 2399 544 2432 Boream
573 2409 692 2430 versus
717 2397 945 2442 Caspiumque
967 2409 1058 2431 mare
1081 2397 1200 2430 divisis
1226 2402 1347 2430 natura
1368 2395 1514 2429 Caucasi
1535 2395 1662 2429 radici·

240 2445 318 2486 bus,
340 2442 498 2476 introitus
522 2443 712 2487 patefactus
734 2448 786 2475 est
808 2442 975 2486 barbaris,
1002 2441 1098 2475 nobis
1122 2441 1304 2485 Persisque
1326 2440 1464 2484 ignotis,
1491 2439 1550 2484 qui
1572 2439 1663 2472 circa

240 2487 449 2530 Hyrcaniam
470 2486 638 2528 incolunt3
661 2498 724 2530 per
745 2498 843 2530 quem
866 2487 1034 2520 irruentes
1059 2491 1094 2519 et
1115 2486 1243 2518 Eurum
1265 2496 1385 2518 versus
1399 2511 1408 2528 ,
1432 2496 1519 2528 quae
1537 2485 1661 2517 Persa-

239 2544 325 2574 rum,
349 2538 384 2565 et
406 2533 549 2566 Boream
570 2542 706 2575 versus,
731 2542 818 2575 quae
835 2532 1061 2564 Romanorum
1085 2535 1192 2573 erant,
1217 2530 1476 2574 populabantur.
1523 2541 1563 2563 ac
1585 2530 1660 2562 dum

239 2577 374 2622 quidem
396 2577 559 2610 Artaxata
581 2580 616 2610 et
638 2575 801 2609 ulteriora
824 2576 923 2609 etiam
947 2576 1170 2621 possidebant
1192 2574 1358 2618 Romani,
1415 2579 1590 2608 raesentes
1610 2572 1660 2605 ibi

239 2623 481 2656 occurrebant:
507 2632 580 2654 cum
603 2632 685 2654 vero
709 2621 794 2654 haec
815 2626 850 2654 et
874 2632 960 2665 quae
984 2621 1050 2654 alia
1071 2621 1133 2653 sub
1157 2619 1297 2652 Ioviano
1321 2630 1383 2664 per
1407 2619 1568 2661 idissent,
1588 2626 1658 2650 vnon

239 2666 454 2700 sufficiebant
469 2666 595 2699 Persae
619 2667 662 2699 ad
683 2677 743 2699 sua
766 2665 873 2708 simul,
896 2670 932 2698 et
954 2676 1040 2709 quae
1063 2664 1157 2709 prius
1180 2665 1407 2698 Romanorum
1428 2664 1573 2705 fuerant,
1598 2671 1657 2695 cu·

238 2711 437 2752 stodienda3
464 2722 663 2755 semperque
684 2709 842 2744 tumultus
865 2715 1082 2754 utrorumque
1104 2709 1279 2742 Armenias
1303 2707 1525 2742 intolerabilis
1548 2706 1654 2750 agita·

238 2757 310 2788 bat.
355 2756 471 2800 itaque
494 2760 573 2801 post
590 2757 815 2789 Romanorum
838 2755 901 2788 sub
922 2754 1051 2788 Iuliano
1078 2753 1205 2787 cladem
1228 2754 1318 2788 inter
1342 2752 1535 2787 Sallustium
1555 2761 1657 2794 prae-

237 2801 362 2834 fectum
384 2801 556 2846 praetorio
569 2827 579 2846 ‚
611 2802 654 2835 ab
673 2806 789 2835 nostra
810 2805 931 2845 parte,
966 2805 1001 2834 et
1023 2799 1202 2834 Persarum
1222 2798 1447 2834 nobilissimos
1469 2799 1656 2843 posteaque
