<?xml version="1.0" encoding="UTF-8"?>
<!DOCTYPE html PUBLIC "-//W3C//DTD XHTML 1.0 Transitional//EN"
    "http://www.w3.org/TR/xhtml1/DTD/xhtml1-transitional.dtd">
<html xmlns="http://www.w3.org/1999/xhtml" xml:lang="en" lang="en">
 <head>
  <title>
</title>
<meta http-equiv="Content-Type" content="text/html;charset=utf-8" />
  <meta name='ocr-system' content='tesseract 3.04.00' />
  <meta name='ocr-capabilities' content='ocr_page ocr_carea ocr_par ocr_line ocrx_word'/>
</head>
<body>
  <div class='ocr_page' id='page_1' title='image "./corpusscriptorum27niebuoft/corpusscriptorum27niebuoft_0029.png"; bbox 0 0 1748 3210; ppageno 0'>
   <div class='ocr_carea' id='block_1_1' title="bbox 577 164 1522 210">
    <p class='ocr_par' dir='ltr' id='par_1_1' title="bbox 577 164 1522 210">
     <span class='ocr_line' id='line_1_1' title="bbox 577 164 1522 210; baseline -0.002 0"><span class='ocrx_word' id='word_1_1' title='bbox 577 164 1031 210; x_wconf 82' lang='lat' dir='ltr'><strong>COMMENTARIUS.</strong></span> <span class='ocrx_word' id='word_1_2' title='bbox 1348 195 1350 197; x_wconf 31' lang='lat' dir='ltr'>v</span> <span class='ocrx_word' id='word_1_3' title='bbox 1412 177 1522 208; x_wconf 84' lang='lat' dir='ltr'><strong>xxm</strong></span> 
     </span>
    </p>
   </div>
   <div class='ocr_carea' id='block_1_2' title="bbox 60 295 1733 2855">
    <p class='ocr_par' dir='ltr' id='par_1_2' title="bbox 84 295 1722 421">
     <span class='ocr_line' id='line_1_2' title="bbox 84 295 1722 355; baseline -0.002 -16"><span class='ocrx_word' id='word_1_4' title='bbox 84 299 228 352; x_wconf 75' lang='grc' dir='ltr'><strong><em>δωρος,</em></strong></span> <span class='ocrx_word' id='word_1_5' title='bbox 258 295 437 352; x_wconf 79' lang='grc' dir='ltr'><strong><em>Νικήτας</em></strong></span> <span class='ocrx_word' id='word_1_6' title='bbox 454 297 480 341; x_wconf 81' lang='grc' dir='ltr'><em>ὅ</em></span> <span class='ocrx_word' id='word_1_7' title='bbox 498 297 750 355; x_wconf 71' lang='grc' dir='ltr'><strong><em>Παφλαγών,</em></strong></span> <span class='ocrx_word' id='word_1_8' title='bbox 775 296 916 353; x_wconf 76' lang='grc' dir='ltr'><strong><em>Ἰωσῆφ</em></strong></span> <span class='ocrx_word' id='word_1_9' title='bbox 932 298 957 341; x_wconf 86' lang='lat' dir='ltr'><strong>o‘</strong></span> <span class='ocrx_word' id='word_1_10' title='bbox 973 297 1153 348; x_wconf 79' lang='grc' dir='ltr'><strong><em>Γενέσιος</em></strong></span> <span class='ocrx_word' id='word_1_11' title='bbox 1171 297 1239 340; x_wconf 78' lang='grc' dir='ltr'><strong><em>καὶ</em></strong></span> <span class='ocrx_word' id='word_1_12' title='bbox 1261 295 1464 351; x_wconf 82' lang='grc' dir='ltr'><strong><em>Μανουὴλ</em></strong></span> <span class='ocrx_word' id='word_1_13' title='bbox 1482 297 1525 339; x_wconf 84' lang='grc' dir='ltr'><strong>οἷ</strong></span> <span class='ocrx_word' id='word_1_14' title='bbox 1544 315 1581 350; x_wconf 86' lang='lat' dir='ltr'><strong>p.</strong></span> <span class='ocrx_word' id='word_1_15' title='bbox 1605 312 1722 339; x_wconf 83' lang='lat' dir='ltr'>xxx1v</span> 
     </span>
     <span class='ocr_line' id='line_1_3' title="bbox 84 363 1524 421; baseline 0 -14"><span class='ocrx_word' id='word_1_16' title='bbox 84 363 315 417; x_wconf 72' lang='grc' dir='ltr'><strong><em>Βυζάντιοι,</em></strong></span> <span class='ocrx_word' id='word_1_17' title='bbox 356 364 593 421; x_wconf 83' lang='grc' dir='ltr'><strong><em>Νικηφόρος</em></strong></span> <span class='ocrx_word' id='word_1_18' title='bbox 621 366 645 409; x_wconf 77' lang='grc' dir='ltr'><em>ὅ</em></span> <span class='ocrx_word' id='word_1_19' title='bbox 673 365 861 417; x_wconf 77' lang='grc' dir='ltr'><strong><em>διάκονος</em></strong></span> <span class='ocrx_word' id='word_1_20' title='bbox 891 367 998 418; x_wconf 86' lang='lat' dir='ltr'><strong>[cod.</strong></span> <span class='ocrx_word' id='word_1_21' title='bbox 1025 369 1108 406; x_wconf 86' lang='lat' dir='ltr'><strong>sine</strong></span> <span class='ocrx_word' id='word_1_22' title='bbox 1133 367 1317 419; x_wconf 83' lang='lat' dir='ltr'><strong>articulo]</strong></span> <span class='ocrx_word' id='word_1_23' title='bbox 1348 364 1369 408; x_wconf 84' lang='grc' dir='ltr'>ὅ</span> <span class='ocrx_word' id='word_1_24' title='bbox 1399 363 1524 420; x_wconf 81' lang='grc' dir='ltr'><strong><em>Φρύξ,</em></strong></span> 
     </span>
    </p>

    <p class='ocr_par' dir='ltr' id='par_1_3' title="bbox 83 429 1526 490">
     <span class='ocr_line' id='line_1_4' title="bbox 83 429 1526 490; baseline -0.001 -15"><span class='ocrx_word' id='word_1_25' title='bbox 83 433 110 476; x_wconf 74' lang='grc' dir='ltr'><em>ὅ</em></span> <span class='ocrx_word' id='word_1_26' title='bbox 125 431 304 483; x_wconf 72' lang='grc' dir='ltr'><strong><em>Ἀσιανός</em></strong></span> <span class='ocrx_word' id='word_1_27' title='bbox 318 433 459 486; x_wconf 77' lang='grc' dir='ltr'><strong><em>Λέων,</em></strong></span> <span class='ocrx_word' id='word_1_28' title='bbox 490 433 694 488; x_wconf 84' lang='grc' dir='ltr'><strong><em>Θεόδωρος</em></strong></span> <span class='ocrx_word' id='word_1_29' title='bbox 716 434 740 476; x_wconf 83' lang='lat' dir='ltr'><strong>o‘</strong></span> <span class='ocrx_word' id='word_1_30' title='bbox 755 439 826 488; x_wconf 83' lang='grc' dir='ltr'><strong>τῆς</strong></span> <span class='ocrx_word' id='word_1_31' title='bbox 843 437 969 488; x_wconf 83' lang='grc' dir='ltr'><strong><em>Σίδης</em></strong></span> <span class='ocrx_word' id='word_1_32' title='bbox 985 430 1197 490; x_wconf 79' lang='grc' dir='ltr'><strong><em>γενόμενος</em></strong></span> <span class='ocrx_word' id='word_1_33' title='bbox 1213 429 1427 487; x_wconf 80' lang='grc' dir='ltr'><strong><em>πρόεδρος,</em></strong></span> <span class='ocrx_word' id='word_1_34' title='bbox 1456 432 1526 474; x_wconf 77' lang='grc' dir='ltr'><strong><em>καὶ</em></strong></span> 
     </span>
    </p>

    <p class='ocr_par' dir='ltr' id='par_1_4' title="bbox 83 497 1530 758">
     <span class='ocr_line' id='line_1_5' title="bbox 85 497 1527 556; baseline -0.001 -13"><span class='ocrx_word' id='word_1_35' title='bbox 85 500 108 543; x_wconf 76' lang='grc' dir='ltr'>ὅ</span> <span class='ocrx_word' id='word_1_36' title='bbox 126 498 270 544; x_wconf 77' lang='grc' dir='ltr'><strong><em>τούτου</em></strong></span> <span class='ocrx_word' id='word_1_37' title='bbox 293 497 462 554; x_wconf 75' lang='grc' dir='ltr'><strong><em>ἆνεψιὸς</em></strong></span> <span class='ocrx_word' id='word_1_38' title='bbox 482 501 550 543; x_wconf 76' lang='grc' dir='ltr'><strong><em>καὶ</em></strong></span> <span class='ocrx_word' id='word_1_39' title='bbox 566 498 780 556; x_wconf 65' lang='grc' dir='ltr'><strong><em>ὁμώνυμος</em></strong></span> <span class='ocrx_word' id='word_1_40' title='bbox 802 502 826 544; x_wconf 83' lang='lat' dir='ltr'><strong>o‘</strong></span> <span class='ocrx_word' id='word_1_41' title='bbox 845 506 918 556; x_wconf 75' lang='grc' dir='ltr'><strong>τῆς</strong></span> <span class='ocrx_word' id='word_1_42' title='bbox 938 503 980 543; x_wconf 79' lang='grc' dir='ltr'><strong>ἐν</strong></span> <span class='ocrx_word' id='word_1_43' title='bbox 1001 501 1219 556; x_wconf 72' lang='grc' dir='ltr'><strong><em>Σεβαστείᾳ</em></strong></span> <span class='ocrx_word' id='word_1_44' title='bbox 1238 497 1527 554; x_wconf 73' lang='grc' dir='ltr'><strong><em>καθηγησάμε-</em></strong></span> 
     </span>
     <span class='ocr_line' id='line_1_6' title="bbox 85 566 1528 626; baseline 0 -16"><span class='ocrx_word' id='word_1_45' title='bbox 85 584 155 618; x_wconf 77' lang='grc' dir='ltr'><strong>νος</strong></span> <span class='ocrx_word' id='word_1_46' title='bbox 185 569 412 621; x_wconf 71' lang='grc' dir='ltr'><strong><em>ἐκκλησίας,</em></strong></span> <span class='ocrx_word' id='word_1_47' title='bbox 440 569 507 611; x_wconf 81' lang='grc' dir='ltr'><strong><em>καὶ</em></strong></span> <span class='ocrx_word' id='word_1_48' title='bbox 540 569 604 612; x_wconf 75' lang='grc' dir='ltr'><strong>ἐπὶ</strong></span> <span class='ocrx_word' id='word_1_49' title='bbox 630 566 760 626; x_wconf 73' lang='grc' dir='ltr'><strong><em>τούτῳ</em></strong></span> <span class='ocrx_word' id='word_1_50' title='bbox 788 567 1016 623; x_wconf 80' lang='grc' dir='ltr'><strong><em>Δημήτριος</em></strong></span> <span class='ocrx_word' id='word_1_51' title='bbox 1043 568 1064 611; x_wconf 84' lang='grc' dir='ltr'>ὁ</span> <span class='ocrx_word' id='word_1_52' title='bbox 1089 571 1161 621; x_wconf 88' lang='grc' dir='ltr'><strong>τῆς</strong></span> <span class='ocrx_word' id='word_1_53' title='bbox 1182 569 1379 619; x_wconf 79' lang='grc' dir='ltr'><strong><em>Κυζίκου,</em></strong></span> <span class='ocrx_word' id='word_1_54' title='bbox 1410 567 1479 609; x_wconf 84' lang='grc' dir='ltr'><strong><em>καὶ</em></strong></span> <span class='ocrx_word' id='word_1_55' title='bbox 1505 567 1528 610; x_wconf 81' lang='grc' dir='ltr'>ὁ</span> 
     </span>
     <span class='ocr_line' id='line_1_7' title="bbox 83 631 1530 690; baseline -0.002 -12"><span class='ocrx_word' id='word_1_56' title='bbox 83 631 256 690; x_wconf 80' lang='grc' dir='ltr'><strong><em>μοναχός</em></strong></span> <span class='ocrx_word' id='word_1_57' title='bbox 278 632 463 690; x_wconf 74' lang='grc' dir='ltr'><strong><em>Ἰωᾶννης</em></strong></span> <span class='ocrx_word' id='word_1_58' title='bbox 492 635 517 679; x_wconf 79' lang='grc' dir='ltr'><em>ὅ</em></span> <span class='ocrx_word' id='word_1_59' title='bbox 538 634 675 686; x_wconf 74' lang='grc' dir='ltr'><strong><em>Λυδός</em></strong></span> <span class='ocrx_word' id='word_1_60' title='bbox 706 637 857 678; x_wconf 77' lang='grc' dir='ltr'><strong><em>οἰκείαν</em></strong></span> <span class='ocrx_word' id='word_1_61' title='bbox 891 636 1051 684; x_wconf 76' lang='grc' dir='ltr'><strong><em>ἕκαστος</em></strong></span> <span class='ocrx_word' id='word_1_62' title='bbox 1075 633 1274 678; x_wconf 72' lang='grc' dir='ltr'><strong><em>ὖπόθεσιν</em></strong></span> <span class='ocrx_word' id='word_1_63' title='bbox 1303 631 1530 690; x_wconf 76' lang='grc' dir='ltr'><strong><em>προστησά-</em></strong></span> 
     </span>
     <span class='ocr_line' id='line_1_8' title="bbox 84 700 1528 758; baseline -0.001 -13"><span class='ocrx_word' id='word_1_64' title='bbox 84 718 224 757; x_wconf 82' lang='grc' dir='ltr'><strong><em>μενος,</em></strong></span> <span class='ocrx_word' id='word_1_65' title='bbox 253 702 275 746; x_wconf 80' lang='grc' dir='ltr'>ὁ</span> <span class='ocrx_word' id='word_1_66' title='bbox 303 702 375 757; x_wconf 80' lang='grc' dir='ltr'><strong>μὲν</strong></span> <span class='ocrx_word' id='word_1_67' title='bbox 405 704 568 746; x_wconf 73' lang='grc' dir='ltr'><strong><em>ἔπαινον</em></strong></span> <span class='ocrx_word' id='word_1_68' title='bbox 597 703 806 757; x_wconf 82' lang='grc' dir='ltr'><strong><em>βασιλέως,</em></strong></span> <span class='ocrx_word' id='word_1_69' title='bbox 835 702 856 745; x_wconf 84' lang='grc' dir='ltr'>ὁ</span> <span class='ocrx_word' id='word_1_70' title='bbox 881 703 922 746; x_wconf 81' lang='grc' dir='ltr'><strong>δὲ</strong></span> <span class='ocrx_word' id='word_1_71' title='bbox 948 702 1081 757; x_wconf 76' lang='grc' dir='ltr'><strong><em>ψόγον</em></strong></span> <span class='ocrx_word' id='word_1_72' title='bbox 1103 700 1371 758; x_wconf 78' lang='grc' dir='ltr'><strong><em>πατριάρχου,</em></strong></span> <span class='ocrx_word' id='word_1_73' title='bbox 1399 703 1528 756; x_wconf 73' lang='grc' dir='ltr'><strong><em>ἕτερος</em></strong></span> 
     </span>
    </p>

    <p class='ocr_par' dir='ltr' id='par_1_5' title="bbox 83 768 1532 1096">
     <span class='ocr_line' id='line_1_9' title="bbox 85 768 1530 826; baseline -0.001 -15"><span class='ocrx_word' id='word_1_74' title='bbox 85 768 130 811; x_wconf 79' lang='grc' dir='ltr'><strong>δὲ</strong></span> <span class='ocrx_word' id='word_1_75' title='bbox 156 771 278 822; x_wconf 80' lang='grc' dir='ltr'><strong><em>φίλου</em></strong></span> <span class='ocrx_word' id='word_1_76' title='bbox 307 769 522 826; x_wconf 64' lang='grc' dir='ltr'><strong><em>ἐγκώμιον,</em></strong></span> <span class='ocrx_word' id='word_1_77' title='bbox 551 771 619 813; x_wconf 73' lang='grc' dir='ltr'><strong><em>καὶ</em></strong></span> <span class='ocrx_word' id='word_1_78' title='bbox 649 771 692 814; x_wconf 80' lang='grc' dir='ltr'><strong>ἐν</strong></span> <span class='ocrx_word' id='word_1_79' title='bbox 721 771 900 825; x_wconf 76' lang='grc' dir='ltr'><strong><em>ἱστορίας</em></strong></span> <span class='ocrx_word' id='word_1_80' title='bbox 922 769 1090 824; x_wconf 76' lang='grc' dir='ltr'><strong><em>σχήματι</em></strong></span> <span class='ocrx_word' id='word_1_81' title='bbox 1109 768 1180 811; x_wconf 85' lang='grc' dir='ltr'><strong>τόν</strong></span> <span class='ocrx_word' id='word_1_82' title='bbox 1203 770 1347 811; x_wconf 74' lang='grc' dir='ltr'><strong><em>ἑαυτοῦ</em></strong></span> <span class='ocrx_word' id='word_1_83' title='bbox 1367 770 1530 819; x_wconf 76' lang='grc' dir='ltr'><strong><em>ἕκαστος</em></strong></span> 
     </span>
     <span class='ocr_line' id='line_1_10' title="bbox 84 833 1530 893; baseline -0.001 -15"><span class='ocrx_word' id='word_1_84' title='bbox 84 833 407 892; x_wconf 78' lang='grc' dir='ltr'><strong><em>ἆποπληροῦντες</em></strong></span> <span class='ocrx_word' id='word_1_85' title='bbox 425 837 590 890; x_wconf 83' lang='grc' dir='ltr'><strong><em>σκοπόν,</em></strong></span> <span class='ocrx_word' id='word_1_86' title='bbox 611 835 751 893; x_wconf 82' lang='grc' dir='ltr'><strong><em>πόρρω</em></strong></span> <span class='ocrx_word' id='word_1_87' title='bbox 768 842 840 892; x_wconf 78' lang='grc' dir='ltr'><strong>τῆς</strong></span> <span class='ocrx_word' id='word_1_88' title='bbox 858 841 936 879; x_wconf 79' lang='grc' dir='ltr'><strong>τῶν</strong></span> <span class='ocrx_word' id='word_1_89' title='bbox 959 836 1176 892; x_wconf 80' lang='grc' dir='ltr'><strong><em>εἰρημένων</em></strong></span> <span class='ocrx_word' id='word_1_90' title='bbox 1196 833 1356 891; x_wconf 66' lang='grc' dir='ltr'><strong><em>ἀνδρῶν</em></strong></span> <span class='ocrx_word' id='word_1_91' title='bbox 1374 833 1530 878; x_wconf 69' lang='grc' dir='ltr'><em>πεπτώ-</em></span> 
     </span>
     <span class='ocr_line' id='line_1_11' title="bbox 84 903 1528 960; baseline -0.003 -14"><span class='ocrx_word' id='word_1_92' title='bbox 84 918 178 946; x_wconf 77' lang='grc' dir='ltr'><strong><em>κασι</em></strong></span> <span class='ocrx_word' id='word_1_93' title='bbox 212 907 402 955; x_wconf 81' lang='grc' dir='ltr'><strong><em>διανοίας.</em></strong></span> <span class='ocrx_word' id='word_1_94' title='bbox 459 920 538 960; x_wconf 86' lang='lat' dir='ltr'><strong>quo</strong></span> <span class='ocrx_word' id='word_1_95' title='bbox 565 909 608 945; x_wconf 88' lang='lat' dir='ltr'><strong>in</strong></span> <span class='ocrx_word' id='word_1_96' title='bbox 634 908 720 946; x_wconf 93' lang='lat' dir='ltr'><strong>loco</strong></span> <span class='ocrx_word' id='word_1_97' title='bbox 746 909 821 946; x_wconf 84' lang='lat' dir='ltr'><strong>viri</strong></span> <span class='ocrx_word' id='word_1_98' title='bbox 845 906 949 944; x_wconf 87' lang='lat' dir='ltr'><strong>docti</strong></span> <span class='ocrx_word' id='word_1_99' title='bbox 967 907 1010 942; x_wconf 90' lang='lat' dir='ltr'><strong>in</strong></span> <span class='ocrx_word' id='word_1_100' title='bbox 1030 908 1177 943; x_wconf 86' lang='lat' dir='ltr'>Ioanne</span> <span class='ocrx_word' id='word_1_101' title='bbox 1196 904 1310 957; x_wconf 82' lang='lat' dir='ltr'><strong>Lydo</strong></span> <span class='ocrx_word' id='word_1_102' title='bbox 1331 903 1528 943; x_wconf 83' lang='lat' dir='ltr'><strong>monacho</strong></span> 
     </span>
     <span class='ocr_line' id='line_1_12' title="bbox 83 971 1528 1025; baseline -0.001 -14"><span class='ocrx_word' id='word_1_103' title='bbox 83 980 262 1015; x_wconf 79' lang='lat' dir='ltr'><strong>nostrum</strong></span> <span class='ocrx_word' id='word_1_104' title='bbox 302 974 377 1012; x_wconf 90' lang='lat' dir='ltr'><strong>sibi</strong></span> <span class='ocrx_word' id='word_1_105' title='bbox 410 976 601 1013; x_wconf 86' lang='lat' dir='ltr'><strong>Ioannem</strong></span> <span class='ocrx_word' id='word_1_106' title='bbox 636 976 712 1014; x_wconf 85' lang='lat' dir='ltr'><strong>visi</strong></span> <span class='ocrx_word' id='word_1_107' title='bbox 740 982 831 1014; x_wconf 89' lang='lat' dir='ltr'><strong>sunt</strong></span> <span class='ocrx_word' id='word_1_108' title='bbox 857 986 1082 1025; x_wconf 84' lang='lat' dir='ltr'><strong>agnoscere.</strong></span> <span class='ocrx_word' id='word_1_109' title='bbox 1139 985 1277 1011; x_wconf 79' lang='lat' dir='ltr'><strong>verum</strong></span> <span class='ocrx_word' id='word_1_110' title='bbox 1307 971 1418 1010; x_wconf 86' lang='lat' dir='ltr'><strong>haud</strong></span> <span class='ocrx_word' id='word_1_111' title='bbox 1448 973 1528 1011; x_wconf 89' lang='lat' dir='ltr'><strong>scio</strong></span> 
     </span>
     <span class='ocr_line' id='line_1_13' title="bbox 85 1039 1532 1096; baseline 0.001 -19"><span class='ocrx_word' id='word_1_112' title='bbox 85 1052 205 1096; x_wconf 81' lang='lat' dir='ltr'><strong>quam</strong></span> <span class='ocrx_word' id='word_1_113' title='bbox 223 1047 341 1079; x_wconf 87' lang='lat' dir='ltr'><strong>recte.</strong></span> <span class='ocrx_word' id='word_1_114' title='bbox 382 1043 496 1081; x_wconf 83' lang='lat' dir='ltr'><strong>mitto</strong></span> <span class='ocrx_word' id='word_1_115' title='bbox 517 1042 565 1081; x_wconf 84' lang='lat' dir='ltr'><strong>de</strong></span> <span class='ocrx_word' id='word_1_116' title='bbox 585 1041 770 1081; x_wconf 86' lang='lat' dir='ltr'><strong>monachi</strong></span> <span class='ocrx_word' id='word_1_117' title='bbox 787 1044 961 1090; x_wconf 88' lang='lat' dir='ltr'><strong>nomine,</strong></span> <span class='ocrx_word' id='word_1_118' title='bbox 994 1054 1085 1079; x_wconf 89' lang='lat' dir='ltr'><strong>cum</strong></span> <span class='ocrx_word' id='word_1_119' title='bbox 1103 1039 1239 1093; x_wconf 85' lang='lat' dir='ltr'><strong>Lydus</strong></span> <span class='ocrx_word' id='word_1_120' title='bbox 1257 1048 1391 1079; x_wconf 90' lang='lat' dir='ltr'><strong>noster</strong></span> <span class='ocrx_word' id='word_1_121' title='bbox 1411 1039 1532 1093; x_wconf 83' lang='lat' dir='ltr'><strong>quid-</strong></span> 
     </span>
    </p>

    <p class='ocr_par' dir='ltr' id='par_1_6' title="bbox 80 1108 1713 2176">
     <span class='ocr_line' id='line_1_14' title="bbox 83 1108 1532 1163; baseline -0.001 -16"><span class='ocrx_word' id='word_1_122' title='bbox 83 1109 144 1147; x_wconf 84' lang='lat' dir='ltr'><strong>vis</strong></span> <span class='ocrx_word' id='word_1_123' title='bbox 158 1111 289 1161; x_wconf 85' lang='lat' dir='ltr'><strong>potius</strong></span> <span class='ocrx_word' id='word_1_124' title='bbox 308 1110 427 1148; x_wconf 88' lang='lat' dir='ltr'><strong>fuerit</strong></span> <span class='ocrx_word' id='word_1_125' title='bbox 443 1123 565 1163; x_wconf 87' lang='lat' dir='ltr'><strong>quam</strong></span> <span class='ocrx_word' id='word_1_126' title='bbox 583 1109 824 1150; x_wconf 85' lang='lat' dir='ltr'><strong>monachus:</strong></span> <span class='ocrx_word' id='word_1_127' title='bbox 854 1111 905 1149; x_wconf 91' lang='lat' dir='ltr'><strong>sit</strong></span> <span class='ocrx_word' id='word_1_128' title='bbox 922 1108 998 1148; x_wconf 84' lang='lat' dir='ltr'><strong>hoc</strong></span> <span class='ocrx_word' id='word_1_129' title='bbox 1017 1122 1123 1147; x_wconf 86' lang='lat' dir='ltr'><strong>error</strong></span> <span class='ocrx_word' id='word_1_130' title='bbox 1142 1109 1353 1161; x_wconf 87' lang='lat' dir='ltr'><strong>Scylitzae.</strong></span> <span class='ocrx_word' id='word_1_131' title='bbox 1413 1108 1532 1146; x_wconf 87' lang='lat' dir='ltr'><strong>ceteri</strong></span> 
     </span>
     <span class='ocr_line' id='line_1_15' title="bbox 82 1175 1532 1232; baseline -0.001 -18"><span class='ocrx_word' id='word_1_132' title='bbox 82 1189 175 1215; x_wconf 82' lang='lat' dir='ltr'><strong>vero</strong></span> <span class='ocrx_word' id='word_1_133' title='bbox 207 1190 344 1216; x_wconf 89' lang='lat' dir='ltr'><strong>omnes</strong></span> <span class='ocrx_word' id='word_1_134' title='bbox 372 1191 470 1231; x_wconf 84' lang='lat' dir='ltr'><strong>quos</strong></span> <span class='ocrx_word' id='word_1_135' title='bbox 497 1192 577 1216; x_wconf 91' lang='lat' dir='ltr'><strong>una</strong></span> <span class='ocrx_word' id='word_1_136' title='bbox 596 1186 812 1229; x_wconf 79' lang='lat' dir='ltr'><strong>memorat,</strong></span> <span class='ocrx_word' id='word_1_137' title='bbox 843 1177 892 1217; x_wconf 88' lang='lat' dir='ltr'><strong>de</strong></span> <span class='ocrx_word' id='word_1_138' title='bbox 913 1190 1080 1232; x_wconf 90' lang='lat' dir='ltr'><strong>quorum</strong></span> <span class='ocrx_word' id='word_1_139' title='bbox 1099 1175 1262 1230; x_wconf 90' lang='lat' dir='ltr'><strong>quidem</strong></span> <span class='ocrx_word' id='word_1_140' title='bbox 1282 1182 1408 1214; x_wconf 87' lang='lat' dir='ltr'><strong>aetate</strong></span> <span class='ocrx_word' id='word_1_141' title='bbox 1434 1188 1532 1214; x_wconf 90' lang='lat' dir='ltr'><strong>con-</strong></span> 
     </span>
     <span class='ocr_line' id='line_1_16' title="bbox 83 1241 1713 1298; baseline -0.002 -16"><span class='ocrx_word' id='word_1_142' title='bbox 83 1251 181 1293; x_wconf 88' lang='lat' dir='ltr'><strong>stat,</strong></span> <span class='ocrx_word' id='word_1_143' title='bbox 212 1257 289 1297; x_wconf 91' lang='lat' dir='ltr'><strong>quo</strong></span> <span class='ocrx_word' id='word_1_144' title='bbox 318 1253 494 1298; x_wconf 84' lang='lat' dir='ltr'><strong>tempore</strong></span> <span class='ocrx_word' id='word_1_145' title='bbox 524 1247 738 1285; x_wconf 87' lang='lat' dir='ltr'><strong>floruerunt</strong></span> <span class='ocrx_word' id='word_1_146' title='bbox 747 1246 766 1285; x_wconf 65' lang='grc' dir='ltr'><strong>’ζ</strong></span> <span class='ocrx_word' id='word_1_147' title='bbox 794 1259 938 1298; x_wconf 86' lang='lat' dir='ltr'>nempe</span> <span class='ocrx_word' id='word_1_148' title='bbox 961 1258 1097 1284; x_wconf 88' lang='lat' dir='ltr'><strong>omnes</strong></span> <span class='ocrx_word' id='word_1_149' title='bbox 1118 1252 1207 1296; x_wconf 86' lang='lat' dir='ltr'><strong>post</strong></span> <span class='ocrx_word' id='word_1_150' title='bbox 1225 1245 1438 1297; x_wconf 89' lang='lat' dir='ltr'><strong>imperium</strong></span> <span class='ocrx_word' id='word_1_151' title='bbox 1456 1241 1530 1280; x_wconf 89' lang='lat' dir='ltr'><strong>do-</strong></span> <span class='ocrx_word' id='word_1_152' title='bbox 1550 1257 1586 1292; x_wconf 86' lang='lat' dir='ltr'><strong>p.</strong></span> <span class='ocrx_word' id='word_1_153' title='bbox 1608 1254 1713 1289; x_wconf 74' lang='lat' dir='ltr'>xxxv</span> 
     </span>
     <span class='ocr_line' id='line_1_17' title="bbox 82 1311 1534 1365; baseline -0.001 -16"><span class='ocrx_word' id='word_1_154' title='bbox 82 1325 172 1350; x_wconf 87' lang='lat' dir='ltr'><strong>mus</strong></span> <span class='ocrx_word' id='word_1_155' title='bbox 199 1314 415 1350; x_wconf 79' lang='lat' dir='ltr'><strong>Isauricae:</strong></span> <span class='ocrx_word' id='word_1_156' title='bbox 446 1312 682 1352; x_wconf 80' lang='lat' dir='ltr'><strong>Theodorus</strong></span> <span class='ocrx_word' id='word_1_157' title='bbox 712 1313 974 1365; x_wconf 82' lang='lat' dir='ltr'><strong>Daphnopata</strong></span> <span class='ocrx_word' id='word_1_158' title='bbox 1003 1314 1159 1351; x_wconf 87' lang='lat' dir='ltr'><strong>saeculo</strong></span> <span class='ocrx_word' id='word_1_159' title='bbox 1185 1315 1210 1354; x_wconf 90' lang='lat'><strong>9</strong></span> <span class='ocrx_word' id='word_1_160' title='bbox 1243 1320 1310 1351; x_wconf 89' lang='lat' dir='ltr'><strong>aut</strong></span> <span class='ocrx_word' id='word_1_161' title='bbox 1338 1311 1534 1364; x_wconf 75' lang='lat' dir='ltr'><strong>posterius</strong></span> 
     </span>
     <span class='ocr_line' id='line_1_18' title="bbox 85 1376 1533 1430; baseline 0.001 -15"><span class='ocrx_word' id='word_1_162' title='bbox 85 1378 207 1430; x_wconf 87' lang='lat' dir='ltr'><strong>(nam</strong></span> <span class='ocrx_word' id='word_1_163' title='bbox 243 1380 398 1430; x_wconf 82' lang='lat' dir='ltr'><strong>scripsit</strong></span> <span class='ocrx_word' id='word_1_164' title='bbox 429 1380 548 1416; x_wconf 85' lang='lat' dir='ltr'><strong>etiam</strong></span> <span class='ocrx_word' id='word_1_165' title='bbox 577 1379 700 1416; x_wconf 86' lang='lat' dir='ltr'><strong>vitam</strong></span> <span class='ocrx_word' id='word_1_166' title='bbox 731 1379 935 1417; x_wconf 76' lang='lat' dir='ltr'><strong>Theodori</strong></span> <span class='ocrx_word' id='word_1_167' title='bbox 965 1379 1144 1418; x_wconf 69' lang='lat' dir='ltr'><strong>studitae</strong></span> <span class='ocrx_word' id='word_1_168' title='bbox 1171 1392 1207 1416; x_wconf 86' lang='lat' dir='ltr'><strong>a.</strong></span> <span class='ocrx_word' id='word_1_169' title='bbox 1236 1381 1318 1420; x_wconf 80' lang='lat'><strong>826</strong></span> <span class='ocrx_word' id='word_1_170' title='bbox 1346 1376 1533 1429; x_wconf 89' lang='lat' dir='ltr'><strong>mortui),</strong></span> 
     </span>
     <span class='ocr_line' id='line_1_19' title="bbox 83 1443 1534 1498; baseline -0.001 -14"><span class='ocrx_word' id='word_1_171' title='bbox 83 1447 240 1484; x_wconf 79' lang='lat' dir='ltr'><strong>Nicetas</strong></span> <span class='ocrx_word' id='word_1_172' title='bbox 255 1443 460 1498; x_wconf 80' lang='lat' dir='ltr'>Paphlago</span> <span class='ocrx_word' id='word_1_173' title='bbox 483 1447 603 1498; x_wconf 84' lang='lat' dir='ltr'><strong>paulo</strong></span> <span class='ocrx_word' id='word_1_174' title='bbox 627 1452 715 1497; x_wconf 91' lang='lat' dir='ltr'><strong>post</strong></span> <span class='ocrx_word' id='word_1_175' title='bbox 738 1459 772 1483; x_wconf 90' lang='lat' dir='ltr'><strong>a.</strong></span> <span class='ocrx_word' id='word_1_176' title='bbox 794 1448 895 1494; x_wconf 83' lang='lat'>880,</span> <span class='ocrx_word' id='word_1_177' title='bbox 927 1445 1120 1483; x_wconf 86' lang='lat' dir='ltr'><strong>Genesius</strong></span> <span class='ocrx_word' id='word_1_178' title='bbox 1141 1446 1242 1483; x_wconf 83' lang='lat' dir='ltr'><strong>circa</strong></span> <span class='ocrx_word' id='word_1_179' title='bbox 1262 1458 1298 1483; x_wconf 86' lang='lat' dir='ltr'><strong>a.</strong></span> <span class='ocrx_word' id='word_1_180' title='bbox 1318 1445 1421 1494; x_wconf 86' lang='lat'><strong>940,</strong></span> <span class='ocrx_word' id='word_1_181' title='bbox 1451 1447 1534 1484; x_wconf 86' lang='lat' dir='ltr'><strong>Leo</strong></span> 
     </span>
     <span class='ocr_line' id='line_1_20' title="bbox 82 1510 1535 1564; baseline -0.002 -12"><span class='ocrx_word' id='word_1_182' title='bbox 82 1514 252 1552; x_wconf 75' lang='lat' dir='ltr'><strong>Asianus</strong></span> <span class='ocrx_word' id='word_1_183' title='bbox 279 1520 370 1564; x_wconf 87' lang='lat' dir='ltr'><strong>post</strong></span> <span class='ocrx_word' id='word_1_184' title='bbox 396 1513 500 1562; x_wconf 83' lang='lat'><strong>9493</strong></span> <span class='ocrx_word' id='word_1_185' title='bbox 530 1519 574 1551; x_wconf 89' lang='lat' dir='ltr'><strong>ut</strong></span> <span class='ocrx_word' id='word_1_186' title='bbox 596 1526 677 1550; x_wconf 88' lang='lat' dir='ltr'><strong>non</strong></span> <span class='ocrx_word' id='word_1_187' title='bbox 701 1514 751 1551; x_wconf 88' lang='lat' dir='ltr'><strong>sit</strong></span> <span class='ocrx_word' id='word_1_188' title='bbox 775 1512 978 1564; x_wconf 87' lang='lat' dir='ltr'><strong>probabile</strong></span> <span class='ocrx_word' id='word_1_189' title='bbox 997 1513 1101 1549; x_wconf 84' lang='lat' dir='ltr'><strong>iuter</strong></span> <span class='ocrx_word' id='word_1_190' title='bbox 1118 1510 1193 1551; x_wconf 86' lang='lat' dir='ltr'><strong>hos</strong></span> <span class='ocrx_word' id='word_1_191' title='bbox 1210 1519 1372 1564; x_wconf 86' lang='lat' dir='ltr'><strong>tamque</strong></span> <span class='ocrx_word' id='word_1_192' title='bbox 1395 1526 1535 1550; x_wconf 87' lang='lat' dir='ltr'><strong>recen-</strong></span> 
     </span>
     <span class='ocr_line' id='line_1_21' title="bbox 82 1578 1535 1634; baseline -0.002 -15"><span class='ocrx_word' id='word_1_193' title='bbox 82 1588 142 1620; x_wconf 87' lang='lat' dir='ltr'><strong>tes</strong></span> <span class='ocrx_word' id='word_1_194' title='bbox 163 1582 258 1633; x_wconf 85' lang='lat' dir='ltr'><strong>poni</strong></span> <span class='ocrx_word' id='word_1_195' title='bbox 279 1581 509 1633; x_wconf 82' lang='lat' dir='ltr'><strong>scriptorem</strong></span> <span class='ocrx_word' id='word_1_196' title='bbox 527 1581 717 1632; x_wconf 87' lang='lat' dir='ltr'><strong>temporis</strong></span> <span class='ocrx_word' id='word_1_197' title='bbox 734 1581 978 1618; x_wconf 86' lang='lat' dir='ltr'><strong>Iustinianei.</strong></span> <span class='ocrx_word' id='word_1_198' title='bbox 1038 1578 1130 1616; x_wconf 87' lang='lat' dir='ltr'><strong>dein</strong></span> <span class='ocrx_word' id='word_1_199' title='bbox 1154 1592 1254 1632; x_wconf 84' lang='lat' dir='ltr'><strong>quae</strong></span> <span class='ocrx_word' id='word_1_200' title='bbox 1275 1580 1328 1616; x_wconf 87' lang='lat' dir='ltr'><strong>ait</strong></span> <span class='ocrx_word' id='word_1_201' title='bbox 1348 1579 1535 1634; x_wconf 67' lang='lat' dir='ltr'><strong>Scylstza,</strong></span> 
     </span>
     <span class='ocr_line' id='line_1_22' title="bbox 82 1646 1536 1699; baseline -0.003 -12"><span class='ocrx_word' id='word_1_202' title='bbox 82 1663 213 1687; x_wconf 88' lang='lat' dir='ltr'><strong>nonne</strong></span> <span class='ocrx_word' id='word_1_203' title='bbox 243 1662 288 1686; x_wconf 86' lang='lat' dir='ltr'><strong>ea</strong></span> <span class='ocrx_word' id='word_1_204' title='bbox 317 1651 359 1686; x_wconf 88' lang='lat' dir='ltr'><strong>in</strong></span> <span class='ocrx_word' id='word_1_205' title='bbox 382 1647 577 1687; x_wconf 80' lang='lat' dir='ltr'><strong>eiusmodi</strong></span> <span class='ocrx_word' id='word_1_206' title='bbox 596 1649 803 1699; x_wconf 81' lang='lat' dir='ltr'><strong>scriptores</strong></span> <span class='ocrx_word' id='word_1_207' title='bbox 821 1649 950 1699; x_wconf 79' lang='lat' dir='ltr'><strong>potius</strong></span> <span class='ocrx_word' id='word_1_208' title='bbox 973 1646 1111 1685; x_wconf 83' lang='lat' dir='ltr'><strong>cadere</strong></span> <span class='ocrx_word' id='word_1_209' title='bbox 1134 1646 1317 1685; x_wconf 87' lang='lat' dir='ltr'><strong>videntur</strong></span> <span class='ocrx_word' id='word_1_210' title='bbox 1335 1647 1404 1699; x_wconf 90' lang='lat' dir='ltr'><strong>qui</strong></span> <span class='ocrx_word' id='word_1_211' title='bbox 1423 1648 1536 1698; x_wconf 88' lang='lat' dir='ltr'><strong>prin-</strong></span> 
     </span>
     <span class='ocr_line' id='line_1_23' title="bbox 83 1715 1535 1769; baseline -0.003 -14"><span class='ocrx_word' id='word_1_212' title='bbox 83 1718 180 1768; x_wconf 85' lang='lat' dir='ltr'><strong>cipis</strong></span> <span class='ocrx_word' id='word_1_213' title='bbox 200 1718 364 1755; x_wconf 87' lang='lat' dir='ltr'><strong>alicuius</strong></span> <span class='ocrx_word' id='word_1_214' title='bbox 381 1717 456 1755; x_wconf 87' lang='lat' dir='ltr'><strong>viri</strong></span> <span class='ocrx_word' id='word_1_215' title='bbox 470 1717 613 1765; x_wconf 85' lang='lat' dir='ltr'><strong>vitam,</strong></span> <span class='ocrx_word' id='word_1_216' title='bbox 643 1718 684 1753; x_wconf 90' lang='lat' dir='ltr'><strong>in</strong></span> <span class='ocrx_word' id='word_1_217' title='bbox 704 1730 780 1769; x_wconf 91' lang='lat' dir='ltr'><strong>qua</strong></span> <span class='ocrx_word' id='word_1_218' title='bbox 800 1717 1067 1764; x_wconf 83' lang='lat' dir='ltr'><strong>elaborarent,</strong></span> <span class='ocrx_word' id='word_1_219' title='bbox 1098 1716 1175 1754; x_wconf 86' lang='lat' dir='ltr'><strong>sibi</strong></span> <span class='ocrx_word' id='word_1_220' title='bbox 1192 1715 1460 1767; x_wconf 85' lang='lat' dir='ltr'><strong>seposuerint,</strong></span> <span class='ocrx_word' id='word_1_221' title='bbox 1490 1721 1535 1752; x_wconf 90' lang='lat' dir='ltr'><strong>ut</strong></span> 
     </span>
     <span class='ocr_line' id='line_1_24' title="bbox 83 1782 1534 1832; baseline -0.002 -10"><span class='ocrx_word' id='word_1_222' title='bbox 83 1785 358 1822; x_wconf 79' lang='lat' dir='ltr'><strong>Constantinus</strong></span> <span class='ocrx_word' id='word_1_223' title='bbox 387 1785 530 1822; x_wconf 83' lang='lat' dir='ltr'><strong>Caesar</strong></span> <span class='ocrx_word' id='word_1_224' title='bbox 559 1785 698 1822; x_wconf 88' lang='lat' dir='ltr'><strong>Basilii</strong></span> <span class='ocrx_word' id='word_1_225' title='bbox 726 1782 954 1823; x_wconf 82' lang='lat' dir='ltr'><strong>Macedouis</strong></span> <span class='ocrx_word' id='word_1_226' title='bbox 986 1785 1074 1832; x_wconf 74' lang='lat' dir='ltr'><strong>avi,</strong></span> <span class='ocrx_word' id='word_1_227' title='bbox 1112 1789 1158 1821; x_wconf 90' lang='lat' dir='ltr'><strong>ut</strong></span> <span class='ocrx_word' id='word_1_228' title='bbox 1184 1784 1302 1821; x_wconf 87' lang='lat' dir='ltr'><strong>Anna</strong></span> <span class='ocrx_word' id='word_1_229' title='bbox 1332 1782 1534 1820; x_wconf 85' lang='lat' dir='ltr'><strong>Comnena</strong></span> 
     </span>
     <span class='ocr_line' id='line_1_25' title="bbox 81 1850 1533 1904; baseline -0.002 -14"><span class='ocrx_word' id='word_1_230' title='bbox 81 1852 216 1890; x_wconf 80' lang='lat' dir='ltr'><strong>Alexii</strong></span> <span class='ocrx_word' id='word_1_231' title='bbox 234 1853 357 1903; x_wconf 85' lang='lat' dir='ltr'><strong>patris</strong></span> <span class='ocrx_word' id='word_1_232' title='bbox 370 1881 381 1901; x_wconf 90' lang='lat'>,</span> <span class='ocrx_word' id='word_1_233' title='bbox 410 1865 531 1904; x_wconf 88' lang='lat' dir='ltr'><strong>quam</strong></span> <span class='ocrx_word' id='word_1_234' title='bbox 549 1853 592 1890; x_wconf 89' lang='lat' dir='ltr'><strong>in</strong></span> <span class='ocrx_word' id='word_1_235' title='bbox 613 1851 793 1904; x_wconf 87' lang='lat' dir='ltr'><strong>Lydum,</strong></span> <span class='ocrx_word' id='word_1_236' title='bbox 825 1853 893 1904; x_wconf 86' lang='lat' dir='ltr'><strong>qui</strong></span> <span class='ocrx_word' id='word_1_237' title='bbox 914 1853 1166 1904; x_wconf 80' lang='lat' dir='ltr'><strong>antiquitates</strong></span> <span class='ocrx_word' id='word_1_238' title='bbox 1188 1851 1387 1888; x_wconf 89' lang='lat' dir='ltr'><strong>Romanas</strong></span> <span class='ocrx_word' id='word_1_239' title='bbox 1406 1850 1533 1887; x_wconf 88' lang='lat' dir='ltr'><strong>multo</strong></span> 
     </span>
     <span class='ocr_line' id='line_1_26' title="bbox 82 1916 1534 1972; baseline -0.002 -15"><span class='ocrx_word' id='word_1_240' title='bbox 82 1926 144 1958; x_wconf 88' lang='lat' dir='ltr'><strong>est</strong></span> <span class='ocrx_word' id='word_1_241' title='bbox 168 1921 296 1971; x_wconf 87' lang='lat' dir='ltr'><strong>magis</strong></span> <span class='ocrx_word' id='word_1_242' title='bbox 325 1933 446 1972; x_wconf 84' lang='lat' dir='ltr'><strong>quam</strong></span> <span class='ocrx_word' id='word_1_243' title='bbox 470 1933 533 1960; x_wconf 89' lang='lat' dir='ltr'><strong>res</strong></span> <span class='ocrx_word' id='word_1_244' title='bbox 559 1922 767 1958; x_wconf 83' lang='lat' dir='ltr'><strong>Iustiniani</strong></span> <span class='ocrx_word' id='word_1_245' title='bbox 796 1933 847 1957; x_wconf 87' lang='lat' dir='ltr'><strong>ex</strong></span> <span class='ocrx_word' id='word_1_246' title='bbox 874 1922 1074 1971; x_wconf 88' lang='lat' dir='ltr'><strong>proposito</strong></span> <span class='ocrx_word' id='word_1_247' title='bbox 1098 1916 1354 1972; x_wconf 62' lang='lat' dir='ltr'><strong>persecutus?</strong></span> <span class='ocrx_word' id='word_1_248' title='bbox 1412 1930 1534 1970; x_wconf 84' lang='lat' dir='ltr'><strong>quare</strong></span> 
     </span>
     <span class='ocr_line' id='line_1_27' title="bbox 83 1986 1534 2040; baseline 0 -14"><span class='ocrx_word' id='word_1_249' title='bbox 83 1988 149 2026; x_wconf 76' lang='lat' dir='ltr'><strong>v&#39;el</strong></span> <span class='ocrx_word' id='word_1_250' title='bbox 174 1988 308 2026; x_wconf 89' lang='lat' dir='ltr'><strong>locum</strong></span> <span class='ocrx_word' id='word_1_251' title='bbox 333 1989 515 2026; x_wconf 82' lang='lat' dir='ltr'><strong>vitiatum</strong></span> <span class='ocrx_word' id='word_1_252' title='bbox 545 2001 653 2037; x_wconf 87' lang='lat' dir='ltr'><strong>esse,</strong></span> <span class='ocrx_word' id='word_1_253' title='bbox 682 1989 748 2025; x_wconf 83' lang='lat' dir='ltr'><strong>vel</strong></span> <span class='ocrx_word' id='word_1_254' title='bbox 765 1989 829 2039; x_wconf 85' lang='lat' dir='ltr'><strong>agi</strong></span> <span class='ocrx_word' id='word_1_255' title='bbox 846 1989 1022 2039; x_wconf 88' lang='lat' dir='ltr'><strong>suspicor</strong></span> <span class='ocrx_word' id='word_1_256' title='bbox 1046 1986 1094 2025; x_wconf 91' lang='lat' dir='ltr'><strong>de</strong></span> <span class='ocrx_word' id='word_1_257' title='bbox 1114 1986 1288 2040; x_wconf 87' lang='lat' dir='ltr'><strong>quodam</strong></span> <span class='ocrx_word' id='word_1_258' title='bbox 1309 1986 1457 2024; x_wconf 88' lang='lat' dir='ltr'><strong>saeculi</strong></span> <span class='ocrx_word' id='word_1_259' title='bbox 1480 1987 1534 2028; x_wconf 88' lang='lat'><strong>10</strong></span> 
     </span>
     <span class='ocr_line' id='line_1_28' title="bbox 80 2054 1536 2108; baseline -0.003 -14"><span class='ocrx_word' id='word_1_260' title='bbox 80 2057 270 2108; x_wconf 66' lang='lat' dir='ltr'><strong>‚scriptore</strong></span> <span class='ocrx_word' id='word_1_261' title='bbox 290 2059 438 2095; x_wconf 85' lang='lat' dir='ltr'><strong>Ioanne</strong></span> <span class='ocrx_word' id='word_1_262' title='bbox 451 2085 462 2105; x_wconf 91' lang='lat'>,</span> <span class='ocrx_word' id='word_1_263' title='bbox 493 2062 533 2093; x_wconf 88' lang='lat' dir='ltr'><strong>et</strong></span> <span class='ocrx_word' id='word_1_264' title='bbox 549 2055 663 2108; x_wconf 90' lang='lat' dir='ltr'><strong>Lydo</strong></span> <span class='ocrx_word' id='word_1_265' title='bbox 683 2056 752 2093; x_wconf 90' lang='lat' dir='ltr'><strong>illo</strong></span> <span class='ocrx_word' id='word_1_266' title='bbox 772 2063 811 2092; x_wconf 88' lang='lat' dir='ltr'><strong>et</strong></span> <span class='ocrx_word' id='word_1_267' title='bbox 831 2054 1049 2094; x_wconf 84' lang='lat' dir='ltr'><strong>monacho:</strong></span> <span class='ocrx_word' id='word_1_268' title='bbox 1082 2054 1189 2093; x_wconf 89' lang='lat' dir='ltr'><strong>hunc</strong></span> <span class='ocrx_word' id='word_1_269' title='bbox 1208 2061 1340 2092; x_wconf 89' lang='lat' dir='ltr'><strong>autem</strong></span> <span class='ocrx_word' id='word_1_270' title='bbox 1361 2067 1446 2092; x_wconf 90' lang='lat' dir='ltr'><strong>esse</strong></span> <span class='ocrx_word' id='word_1_271' title='bbox 1468 2059 1536 2091; x_wconf 87' lang='lat' dir='ltr'><strong>aut</strong></span> 
     </span>
     <span class='ocr_line' id='line_1_29' title="bbox 83 2122 1421 2176; baseline -0.001 -14"><span class='ocrx_word' id='word_1_272' title='bbox 83 2126 244 2162; x_wconf 81' lang='lat' dir='ltr'><strong>omnino</strong></span> <span class='ocrx_word' id='word_1_273' title='bbox 264 2123 464 2176; x_wconf 87' lang='lat' dir='ltr'><strong>perditum</strong></span> <span class='ocrx_word' id='word_1_274' title='bbox 487 2130 555 2161; x_wconf 86' lang='lat' dir='ltr'><strong>aut</strong></span> <span class='ocrx_word' id='word_1_275' title='bbox 576 2130 678 2161; x_wconf 88' lang='lat' dir='ltr'><strong>certe</strong></span> <span class='ocrx_word' id='word_1_276' title='bbox 701 2122 831 2160; x_wconf 86' lang='lat' dir='ltr'><strong>adhuc</strong></span> <span class='ocrx_word' id='word_1_277' title='bbox 855 2131 893 2162; x_wconf 89' lang='lat' dir='ltr'><strong>et</strong></span> <span class='ocrx_word' id='word_1_278' title='bbox 908 2122 1105 2162; x_wconf 88' lang='lat' dir='ltr'><strong>ineditum</strong></span> <span class='ocrx_word' id='word_1_279' title='bbox 1126 2129 1165 2160; x_wconf 89' lang='lat' dir='ltr'><strong>et</strong></span> <span class='ocrx_word' id='word_1_280' title='bbox 1184 2124 1421 2173; x_wconf 79' lang='lat' dir='ltr'><strong>ignoratum.</strong></span> 
     </span>
    </p>

    <p class='ocr_par' dir='ltr' id='par_1_7' title="bbox 193 2188 1616 2243">
     <span class='ocr_line' id='line_1_30' title="bbox 193 2188 1616 2243; baseline -0.004 -13"><span class='ocrx_word' id='word_1_281' title='bbox 193 2193 290 2230; x_wconf 87' lang='lat' dir='ltr'><strong>Post</strong></span> <span class='ocrx_word' id='word_1_282' title='bbox 304 2191 460 2243; x_wconf 86' lang='lat' dir='ltr'><strong>Cpolim</strong></span> <span class='ocrx_word' id='word_1_283' title='bbox 480 2203 516 2228; x_wconf 88' lang='lat' dir='ltr'><strong>a.</strong></span> <span class='ocrx_word' id='word_1_284' title='bbox 542 2190 647 2232; x_wconf 85' lang='lat'>1204</span> <span class='ocrx_word' id='word_1_285' title='bbox 667 2204 689 2229; x_wconf 86' lang='lat' dir='ltr'><strong>a</strong></span> <span class='ocrx_word' id='word_1_286' title='bbox 706 2193 849 2230; x_wconf 85' lang='lat' dir='ltr'><strong>nostris</strong></span> <span class='ocrx_word' id='word_1_287' title='bbox 863 2190 1092 2230; x_wconf 86' lang='lat' dir='ltr'><strong>hominibus</strong></span> <span class='ocrx_word' id='word_1_288' title='bbox 1109 2197 1286 2242; x_wconf 84' lang='lat' dir='ltr'><strong>captam,</strong></span> <span class='ocrx_word' id='word_1_289' title='bbox 1316 2203 1409 2228; x_wconf 90' lang='lat' dir='ltr'><strong>cum</strong></span> <span class='ocrx_word' id='word_1_290' title='bbox 1424 2188 1533 2226; x_wconf 90' lang='lat' dir='ltr'><strong>mul-</strong></span> <span class='ocrx_word' id='word_1_291' title='bbox 1565 2192 1616 2232; x_wconf 82' lang='lat'><strong>16</strong></span> 
     </span>
    </p>

    <p class='ocr_par' dir='ltr' id='par_1_8' title="bbox 60 2257 1733 2855">
     <span class='ocr_line' id='line_1_31' title="bbox 60 2257 1534 2312; baseline -0.001 -18"><span class='ocrx_word' id='word_1_292' title='bbox 60 2283 62 2286; x_wconf 65' lang='grc'><em>»</em></span> <span class='ocrx_word' id='word_1_293' title='bbox 83 2258 135 2295; x_wconf 90' lang='lat' dir='ltr'><strong>tis</strong></span> <span class='ocrx_word' id='word_1_294' title='bbox 159 2259 372 2308; x_wconf 83' lang='lat' dir='ltr'><strong>repentinis</strong></span> <span class='ocrx_word' id='word_1_295' title='bbox 395 2259 526 2310; x_wconf 87' lang='lat' dir='ltr'><strong>regnis</strong></span> <span class='ocrx_word' id='word_1_296' title='bbox 543 2257 718 2312; x_wconf 89' lang='lat' dir='ltr'><strong>undique</strong></span> <span class='ocrx_word' id='word_1_297' title='bbox 739 2261 887 2298; x_wconf 78' lang='lat' dir='ltr'><strong>exortis</strong></span> <span class='ocrx_word' id='word_1_298' title='bbox 911 2260 1075 2298; x_wconf 86' lang='lat' dir='ltr'><strong>Graecia</strong></span> <span class='ocrx_word' id='word_1_299' title='bbox 1096 2258 1290 2297; x_wconf 89' lang='lat' dir='ltr'><strong>diuturnis</strong></span> <span class='ocrx_word' id='word_1_300' title='bbox 1309 2257 1534 2296; x_wconf 78' lang='lat' dir='ltr'><strong>dimicafio-</strong></span> 
     </span>
     <span class='ocr_line' id='line_1_32' title="bbox 80 2322 1535 2379; baseline 0 -18"><span class='ocrx_word' id='word_1_301' title='bbox 80 2324 199 2362; x_wconf 78' lang='lat' dir='ltr'><strong>nibus</strong></span> <span class='ocrx_word' id='word_1_302' title='bbox 229 2325 429 2375; x_wconf 83' lang='lat' dir='ltr'><strong>flagraret,</strong></span> <span class='ocrx_word' id='word_1_303' title='bbox 468 2325 806 2378; x_wconf 83' lang='lat' dir='ltr'><strong>quemadmodum</strong></span> <span class='ocrx_word' id='word_1_304' title='bbox 836 2328 1098 2379; x_wconf 84' lang='lat' dir='ltr'><strong>complurium</strong></span> <span class='ocrx_word' id='word_1_305' title='bbox 1127 2327 1314 2376; x_wconf 86' lang='lat' dir='ltr'><strong>aliorum,</strong></span> <span class='ocrx_word' id='word_1_306' title='bbox 1346 2327 1401 2364; x_wconf 92' lang='lat' dir='ltr'><strong>ita</strong></span> <span class='ocrx_word' id='word_1_307' title='bbox 1430 2322 1535 2376; x_wconf 88' lang='lat' dir='ltr'><strong>Lydi</strong></span> 
     </span>
     <span class='ocr_line' id='line_1_33' title="bbox 82 2393 1534 2446; baseline -0.001 -17"><span class='ocrx_word' id='word_1_308' title='bbox 82 2404 240 2444; x_wconf 85' lang='lat' dir='ltr'><strong>quoque</strong></span> <span class='ocrx_word' id='word_1_309' title='bbox 267 2394 441 2445; x_wconf 88' lang='lat' dir='ltr'><strong>reliquos</strong></span> <span class='ocrx_word' id='word_1_310' title='bbox 466 2394 508 2431; x_wconf 91' lang='lat' dir='ltr'><strong>in</strong></span> <span class='ocrx_word' id='word_1_311' title='bbox 535 2395 692 2432; x_wconf 87' lang='lat' dir='ltr'><strong>Oriente</strong></span> <span class='ocrx_word' id='word_1_312' title='bbox 722 2394 875 2433; x_wconf 88' lang='lat' dir='ltr'><strong>codices</strong></span> <span class='ocrx_word' id='word_1_313' title='bbox 902 2395 1131 2446; x_wconf 87' lang='lat' dir='ltr'><strong>absumptos</strong></span> <span class='ocrx_word' id='word_1_314' title='bbox 1154 2409 1239 2434; x_wconf 88' lang='lat' dir='ltr'><strong>esse</strong></span> <span class='ocrx_word' id='word_1_315' title='bbox 1258 2393 1443 2433; x_wconf 88' lang='lat' dir='ltr'><strong>credibile</strong></span> <span class='ocrx_word' id='word_1_316' title='bbox 1462 2398 1534 2440; x_wconf 84' lang='lat' dir='ltr'><strong>est,</strong></span> 
     </span>
     <span class='ocr_line' id='line_1_34' title="bbox 82 2462 1733 2515; baseline -0.001 -18"><span class='ocrx_word' id='word_1_317' title='bbox 82 2466 236 2510; x_wconf 78' lang='lat' dir='ltr'><strong>praeter</strong></span> <span class='ocrx_word' id='word_1_318' title='bbox 254 2474 380 2512; x_wconf 83' lang='lat' dir='ltr'><strong>pauca</strong></span> <span class='ocrx_word' id='word_1_319' title='bbox 400 2462 485 2499; x_wconf 89' lang='lat' dir='ltr'><strong>eius</strong></span> <span class='ocrx_word' id='word_1_320' title='bbox 505 2469 543 2500; x_wconf 87' lang='lat' dir='ltr'><strong>et</strong></span> <span class='ocrx_word' id='word_1_321' title='bbox 562 2463 694 2500; x_wconf 88' lang='lat' dir='ltr'><strong>ieiuna</strong></span> <span class='ocrx_word' id='word_1_322' title='bbox 714 2470 922 2514; x_wconf 84' lang='lat' dir='ltr'><strong>excerpta,</strong></span> <span class='ocrx_word' id='word_1_323' title='bbox 952 2463 1096 2514; x_wconf 85' lang='lat' dir='ltr'><strong>quibus</strong></span> <span class='ocrx_word' id='word_1_324' title='bbox 1109 2493 1120 2511; x_wconf 87' lang='lat'>,</span> <span class='ocrx_word' id='word_1_325' title='bbox 1150 2470 1361 2515; x_wconf 90' lang='lat' dir='ltr'><strong>postquam</strong></span> <span class='ocrx_word' id='word_1_326' title='bbox 1385 2472 1535 2511; x_wconf 86' lang='lat' dir='ltr'><strong>urgen-</strong></span> <span class='ocrx_word' id='word_1_327' title='bbox 1553 2471 1591 2509; x_wconf 89' lang='lat' dir='ltr'><strong>p.</strong></span> <span class='ocrx_word' id='word_1_328' title='bbox 1614 2472 1733 2497; x_wconf 81' lang='lat' dir='ltr'><strong>xxxvt</strong></span> 
     </span>
     <span class='ocr_line' id='line_1_35' title="bbox 84 2526 1534 2576; baseline 0.001 -13"><span class='ocrx_word' id='word_1_329' title='bbox 84 2526 188 2564; x_wconf 76' lang='lat' dir='ltr'><strong>tibus</strong></span> <span class='ocrx_word' id='word_1_330' title='bbox 215 2528 357 2567; x_wconf 88' lang='lat' dir='ltr'><strong>Turcis</strong></span> <span class='ocrx_word' id='word_1_331' title='bbox 384 2530 539 2568; x_wconf 79' lang='lat' dir='ltr'><strong>literata</strong></span> <span class='ocrx_word' id='word_1_332' title='bbox 567 2531 731 2568; x_wconf 87' lang='lat' dir='ltr'><strong>Graecia</strong></span> <span class='ocrx_word' id='word_1_333' title='bbox 761 2532 802 2568; x_wconf 92' lang='lat' dir='ltr'><strong>in</strong></span> <span class='ocrx_word' id='word_1_334' title='bbox 831 2529 1084 2569; x_wconf 87' lang='lat' dir='ltr'><strong>Occidentem</strong></span> <span class='ocrx_word' id='word_1_335' title='bbox 1102 2528 1315 2568; x_wconf 85' lang='lat' dir='ltr'><strong>transfudit</strong></span> <span class='ocrx_word' id='word_1_336' title='bbox 1331 2541 1438 2576; x_wconf 86' lang='lat' dir='ltr'><strong>sese,</strong></span> <span class='ocrx_word' id='word_1_337' title='bbox 1469 2529 1534 2565; x_wconf 89' lang='lat' dir='ltr'><strong>bi-</strong></span> 
     </span>
     <span class='ocr_line' id='line_1_36' title="bbox 85 2591 1535 2650; baseline 0.003 -21"><span class='ocrx_word' id='word_1_338' title='bbox 85 2591 303 2632; x_wconf 83' lang='lat' dir='ltr'><strong>bliothecae</strong></span> <span class='ocrx_word' id='word_1_339' title='bbox 335 2603 491 2635; x_wconf 85' lang='lat' dir='ltr'><strong>nostrae</strong></span> <span class='ocrx_word' id='word_1_340' title='bbox 520 2604 763 2650; x_wconf 87' lang='lat' dir='ltr'><strong>postremum</strong></span> <span class='ocrx_word' id='word_1_341' title='bbox 795 2599 1022 2650; x_wconf 82' lang='lat' dir='ltr'><strong>perfugium</strong></span> <span class='ocrx_word' id='word_1_342' title='bbox 1053 2598 1330 2649; x_wconf 87' lang='lat' dir='ltr'><strong>praebuerunt.</strong></span> <span class='ocrx_word' id='word_1_343' title='bbox 1386 2594 1450 2634; x_wconf 84' lang='lat' dir='ltr'><strong>his</strong></span> <span class='ocrx_word' id='word_1_344' title='bbox 1486 2595 1535 2633; x_wconf 87' lang='lat' dir='ltr'><strong>de</strong></span> 
     </span>
     <span class='ocr_line' id='line_1_37' title="bbox 86 2663 1535 2716; baseline 0.003 -20"><span class='ocrx_word' id='word_1_345' title='bbox 86 2663 281 2712; x_wconf 82' lang='lat' dir='ltr'><strong>excerptis</strong></span> <span class='ocrx_word' id='word_1_346' title='bbox 316 2663 545 2715; x_wconf 84' lang='lat' dir='ltr'><strong>singulatim</strong></span> <span class='ocrx_word' id='word_1_347' title='bbox 580 2679 687 2704; x_wconf 91' lang='lat' dir='ltr'><strong>nunc</strong></span> <span class='ocrx_word' id='word_1_348' title='bbox 721 2665 863 2704; x_wconf 83' lang='lat' dir='ltr'><strong>dicam.</strong></span> <span class='ocrx_word' id='word_1_349' title='bbox 925 2666 1186 2716; x_wconf 84' lang='lat' dir='ltr'><strong>suspiciosum</strong></span> <span class='ocrx_word' id='word_1_350' title='bbox 1212 2677 1306 2702; x_wconf 88' lang='lat' dir='ltr'><strong>sane</strong></span> <span class='ocrx_word' id='word_1_351' title='bbox 1336 2670 1375 2702; x_wconf 93' lang='lat' dir='ltr'><strong>et</strong></span> <span class='ocrx_word' id='word_1_352' title='bbox 1398 2665 1535 2702; x_wconf 82' lang='lat' dir='ltr'><strong>multis</strong></span> 
     </span>
     <span class='ocr_line' id='line_1_38' title="bbox 84 2727 1535 2786; baseline 0.005 -23"><span class='ocrx_word' id='word_1_353' title='bbox 84 2727 300 2766; x_wconf 80' lang='lat' dir='ltr'><strong>multorum</strong></span> <span class='ocrx_word' id='word_1_354' title='bbox 320 2732 510 2771; x_wconf 86' lang='lat' dir='ltr'><strong>erroribus</strong></span> <span class='ocrx_word' id='word_1_355' title='bbox 529 2735 1022 2786; x_wconf 84' lang='lat' dir='ltr'><strong>perturbatumnegotium</strong></span> <span class='ocrx_word' id='word_1_356' title='bbox 1034 2762 1044 2781; x_wconf 92' lang='lat'>,</span> <span class='ocrx_word' id='word_1_357' title='bbox 1074 2731 1146 2770; x_wconf 87' lang='lat' dir='ltr'><strong>sed</strong></span> <span class='ocrx_word' id='word_1_358' title='bbox 1163 2744 1294 2783; x_wconf 89' lang='lat' dir='ltr'><strong>neque</strong></span> <span class='ocrx_word' id='word_1_359' title='bbox 1317 2732 1493 2770; x_wconf 84' lang='lat' dir='ltr'><strong>aliemun</strong></span> <span class='ocrx_word' id='word_1_360' title='bbox 1511 2746 1535 2769; x_wconf 87' lang='lat' dir='ltr'><strong>a</strong></span> 
     </span>
     <span class='ocr_line' id='line_1_39' title="bbox 88 2797 1536 2855; baseline 0.006 -23"><span class='ocrx_word' id='word_1_361' title='bbox 88 2807 154 2845; x_wconf 86' lang='lat' dir='ltr'><strong>re,</strong></span> <span class='ocrx_word' id='word_1_362' title='bbox 182 2801 222 2834; x_wconf 88' lang='lat' dir='ltr'><strong>et</strong></span> <span class='ocrx_word' id='word_1_363' title='bbox 243 2797 308 2835; x_wconf 91' lang='lat' dir='ltr'><strong>cui</strong></span> <span class='ocrx_word' id='word_1_364' title='bbox 324 2797 406 2836; x_wconf 87' lang='lat' dir='ltr'><strong>iam</strong></span> <span class='ocrx_word' id='word_1_365' title='bbox 423 2812 528 2838; x_wconf 86' lang='lat' dir='ltr'><strong>nunc</strong></span> <span class='ocrx_word' id='word_1_366' title='bbox 547 2800 787 2855; x_wconf 75' lang='lat' dir='ltr'><strong>quotidianis</strong></span> <span class='ocrx_word' id='word_1_367' title='bbox 807 2815 896 2841; x_wconf 85' lang='lat' dir='ltr'><strong>sum</strong></span> <span class='ocrx_word' id='word_1_368' title='bbox 916 2800 1057 2841; x_wconf 85' lang='lat' dir='ltr'><strong>studiis</strong></span> <span class='ocrx_word' id='word_1_369' title='bbox 1080 2799 1335 2840; x_wconf 84' lang='lat' dir='ltr'><strong>assuefactus.</strong></span> <span class='ocrx_word' id='word_1_370' title='bbox 1393 2800 1536 2840; x_wconf 88' lang='lat' dir='ltr'><strong>horum</strong></span> 
     </span>
    </p>
   </div>
  </div>
 </body>
</html>
