1748 3210
293 174 390 221 402
457 177 599 220 HASII
621 176 987 220 ANIMADVERS.
1012 175 1072 219 IN
1100 177 1311 222 LIBRUM
1337 180 1411 224 DE
1435 180 1717 225 OSTENTIS.

293 284 442 335 logium
465 286 563 323 latas
590 297 673 321 esse
696 282 810 320 video
824 312 834 330 ,
864 296 952 321 cum
974 282 1135 322 eaedem
1153 298 1213 323 res
1231 285 1391 326 diversis
1410 287 1546 328 diebus
1568 291 1714 341 passim

291 342 478 377 iterentur
509 341 643 391 (velut
668 338 864 375 fidiculam
887 341 1058 390 incipere
1087 342 1269 378 occultari
1301 350 1338 379 et
1364 345 1389 382 7
1416 344 1610 383 Kalendas
1637 347 1714 382 Fe-

289 395 463 432 bruarias
501 397 718 444 iterumque
749 394 797 441 6,
838 401 875 430 et
902 402 1095 444 postremo
1123 397 1218 446 ipsis
1245 396 1430 435 Kalendis
1455 400 1709 451 Februariis),

290 457 449 500 apparet
479 451 535 486 Cl.
561 442 735 486 Tuscu‘m
757 457 932 486 secutum
953 463 1035 487 esse
1057 450 1274 487 calendaria
1299 452 1478 490 sideralia
1497 457 1708 506 complura,

289 507 365 542 alia
394 506 554 541 fortasse
582 503 632 540 ad
658 506 898 552 Romanum,
928 507 1003 541 alia
1030 505 1079 542 ad
1104 506 1432 555 Alexandrinum,
1462 510 1538 545 alia
1558 510 1607 547 ad
1625 513 1710 548 An-

288 558 454 597 tiochiae
474 558 713 596 horizontem
729 562 980 610 pertinentia,
1015 562 1245 607 Democriti,
1275 562 1454 610 Eudoxi,
1483 565 1707 615 Hipparchi,

287 616 378 651 Divi
401 615 510 661 Iulii,
541 614 764 651 Metrodori.
822 617 965 652 atenim
989 616 1094 652 idem
1116 616 1253 653 accidit
1274 630 1351 654 non
1373 617 1490 655 modo
1512 620 1555 655 in
1579 621 1710 657 calen—

288 669 405 707 dariis
427 677 601 706 veterum
626 670 705 706 fere
727 671 926 718 omnibus,
957 671 1025 707 sed
1046 673 1084 708 in
1103 673 1196 720 ipsis
1218 684 1371 722 quoque
1391 674 1515 710 Fastis
1533 674 1707 722 POvidii,

286 737 451 776 quorum
476 726 652 774 singulae
680 727 896 762 notationes
910 754 919 772 ‚
949 728 982 762 si
1002 725 1052 762 ad
1071 727 1221 763 tabulas
1241 729 1374 777 exigas
1387 756 1397 774 ,
1425 727 1475 764 ad
1494 740 1615 765 unum
1635 727 1709 766 ho·-

285 782 473 817 rizontem
500 792 700 831 unumque
729 793 869 816 aevum
896 793 1030 818 omnes
1054 783 1162 818 nullo
1191 781 1306 819 modo
1333 789 1495 832 possunt
1523 785 1706 820 revocari.

286 834 434 872 accedit
461 847 619 872 occasus
647 837 856 872 matutinos
883 849 994 873 veros
1017 850 1085 873 seu
1115 838 1323 884 cosmicos,
1351 838 1561 875 matutinos
1587 851 1708 889 appa-

285 897 432 938 rentes,
462 892 700 940 vespertinos
728 904 860 938 veros,
890 890 930 927 id
959 898 1015 928 est
1040 891 1295 942 acronychos‚
1325 898 1363 928 et
1381 895 1617 943 vespertinos
1636 907 1708 944 ap-

284 953 482 997 parentes,
512 945 587 982 hoc
619 952 676 983 est
702 943 894 993 heliacos,
925 953 990 983 aut
1012 947 1058 982 ab
1077 948 1161 996 ipso
1181 948 1238 984 cl.
1259 948 1389 984 Tusco
1407 961 1485 984 non
1506 949 1597 985 satis
1622 962 1706 986 esse

283 1003 324 1038 in
343 1004 482 1039 Latino
502 1000 718 1047 distinctos,
745 1009 811 1037 aut
834 1014 857 1037 a
879 1001 990 1051 Lydo
1011 1003 1218 1051 interprete
1240 1000 1308 1039 has
1332 1001 1596 1040 distinctiones
1622 1017 1706 1040 esse

284 1059 458 1094 omissas.
517 1056 564 1093 de
584 1057 723 1107 quibus
741 1059 782 1092 in
801 1064 955 1093 textum
972 1056 1074 1108 Lydi
1094 1056 1219 1093 denuo
1237 1055 1527 1095 introducendis
1546 1057 1708 1095 studen-

282 1119 340 1150 tes
365 1114 621 1149 astronomiae
647 1110 827 1147 viderint.
1700 1140 1703 1142 -

390 1180 430 1217 p.
454 1169 533 1207 362
565 1179 601 1203 v.
622 1169 689 1205 20.
744 1162 952 1215 Ἀπριλίων
977 1192 1076 1202 ......
1089 1164 1105 1215 ]
1139 1163 1204 1201 hic
1231 1166 1273 1201 in
1306 1164 1428 1202 Codd.
1459 1167 1624 1203 omissus
1652 1173 1710 1204 est

281 1227 402 1260 status
422 1222 532 1258 coeli.
574 1222 615 1258 in
635 1222 794 1257 Leonici
815 1222 990 1257 versione
1008 1221 1172 1270 legitur:
1207 1220 1278 1256 Sol
1293 1222 1334 1256 in
1351 1222 1480 1258 ariete.
1512 1221 1710 1258 Favonius

281 1277 361 1313 late
383 1278 530 1327 spirat:
562 1277 712 1312 ciconia
737 1282 918 1325 apparet,
948 1283 985 1311 et
1004 1289 1111 1311 mare
1138 1276 1378 1312 {ransnzittit.

390 1331 523 1382 p.364
543 1344 581 1368 v.
597 1333 660 1371 10.
719 1329 874 1381 ἄρχεται
894 1327 1085 1381 δύεσθαι]
1117 1332 1172 1366 sic
1196 1329 1318 1367 Codd.
1340 1343 1489 1368 omnes.
1524 1331 1716 1369 Leonicus

280 1388 415 1426 vertit:
445 1387 544 1424 Fau.
559 1387 669 1435 flare
691 1387 829 1436 incipit
851 1387 1039 1422 matutino
1051 1400 1067 1432 ;
1096 1385 1281 1436 vergiliae
1301 1386 1493 1422 occidunt.

389 1456 429 1493 p.
451 1443 529 1482 368
548 1455 586 1478 v.
605 1444 671 1481 20.
730 1438 953 1493 βροντοόδης
981 1454 1059 1478 non
1078 1443 1193 1478 estin
1214 1442 1342 1477 lexico
1367 1437 1552 1478 Schneid.
1581 1447 1716 1478 aucto-

279 1497 412 1535 ritates
434 1495 564 1543 habet,
594 1503 746 1546 praeter
764 1496 867 1547 Lydi
885 1495 948 1533 hic
971 1503 1007 1533 et
1026 1509 1065 1546 p.
1081 1498 1159 1536 363
1187 1498 1250 1535 10.
1272 1496 1334 1534 19.
1364 1498 1444 1538 368
1468 1499 1509 1537 8-
1538 1494 1620 1536 372
1644 1497 1711 1536 28·

278 1554 359 1592 373
392 1555 462 1599 17,
503 1554 619 1588 etiam
646 1552 702 1588 Cl.
731 1553 946 1589 Ptolemaei
974 1551 1200 1588 Tetrabiblo
1230 1549 1282 1591 94
1302 1552 1338 1587 A
1367 1557 1406 1587 et
1435 1551 1488 1591 95
1508 1551 1554 1597 C,
1584 1552 1713 1587 Procli

277 1606 469 1644 Diadochi
491 1605 723 1656 Paraphrasi
750 1609 791 1644 in
816 1608 1085 1644 Ptolemaeum
1107 1608 1182 1646 138
1199 1607 1252 1653 Β,
1285 1603 1584 1656 Hephaestionis
1600 1605 1712 1642 The-

277 1662 371 1700 bani
392 1663 729 1712 Apotelesmaticis
752 1662 778 1701 4
795 1663 826 1697 Β
850 1669 888 1698 et
911 1665 960 1703 13
981 1663 1010 1698 C
1023 1691 1033 1710 ,
1066 1662 1107 1698 S.
1130 1662 1314 1697 Germani
1335 1661 1530 1712 Cpolitani
1551 1666 1646 1697 orat.
1670 1662 1711 1697 in

277 1719 454 1756 sanctiss.
474 1718 683 1767 Deiparam
703 1718 783 1756 308
798 1717 847 1753 D.
