1748 3210
238 182 333 226 250
751 183 970 227 IOANNIS
1004 185 1133 228 LYDI

237 295 334 350 ριόις
354 292 735 350 συναριθμοόμενος,
770 297 938 349 δολερῶς
957 293 1022 336 οἷα
1041 295 1308 352 Καππαδόκης
1325 297 1546 356 παρεισδῦς,
1581 300 1639 343 οἲ·-

235 365 404 402 κειοῦται
431 366 486 417 τῷ
509 365 681 413 βασιλεῖ,
715 362 779 401 καὶ
805 362 1003 416 κρείττονα
1022 364 1184 412 πίστεως
1205 366 1520 420 ἐπαγγειλάμενος
1537 371 1640 422 πρᾶ-

237 431 302 476 ξαι
325 426 422 482 ὑπὲρ
454 431 523 479 τῆς
551 428 745 476 πολιτείας
776 429 829 476 εἷς
859 429 1071 481 λογοθέτας
1101 434 1310 485 προῆλθεν.
1375 432 1443 474 εἶτ’
1478 435 1640 482 ἐκεῖθεν,

237 494 366 548 ὥσπερ
386 492 478 533 κατ’
502 491 747 548 ἐπιβάθραν,
781 495 842 535 ε’πὶ
866 495 958 544 τοὺς
984 497 1211 550 λεγομένους
1237 499 1500 553 ι’λλουστρίους
1529 499 1641 540 ἄνελ-

235 559 343 608 θιόν,
378 561 441 599 καὶ
463 557 582 612 μήπω
599 563 789 614 γνωσθεὶς
808 559 939 610 ὁποῖός
955 563 1012 611 τίς
1037 564 1117 603 ἔστι
1144 559 1216 616 τ’ὴν
1233 561 1372 618 φύσιν,
1409 563 1568 620 ἀθρόως
1586 569 1672 614 εἷς5

234 626 305 678 ’τὴν
322 625 498 679 ὕπαρχον
515 624 750 680 ἀνηρπάσθη
769 626 902 680 τιμήν·
937 628 1027 670 οὐδὲ
1056 629 1130 683 γὰρ
1158 627 1183 669 ὖ
1195 658 1206 670 .
1219 659 1251 669 ..
1277 627 1461 683 ὗπέμενεν
1480 629 1500 670 ὃ
1522 635 1639 682 βασι-

235 690 335 742 λεύς,
361 692 479 740 καλὸς
497 694 561 732 καὶ
579 694 745 747 ἐπιεικὴς
759 692 970 747 τυγχάνων,
998 702 1179 750 πονηροῖς
1200 695 1363 750 ἄρχουσι
1387 702 1642 738 καταπιστεῢ-

234 775 301 800 σαι
316 759 388 812 τὴν
407 757 543 813 ἀρχήν,
577 759 653 814 ἤδη
671 761 817 813 μαθών
834 762 899 801 καὶ
916 767 996 810 τοῖς
1014 762 1138 816 ἵργοις
1154 761 1275 816 εὖριὺν
1296 760 1349 810 ὥς

368 824 634 867 Καππαδόκαι
655 832 799 883 φαῦλοι
816 828 887 880 μὲν
907 828 979 878 ἀεί,
1005 827 1125 882 ζώνης
1145 830 1186 870 δὲ
1204 826 1384 881 τυχόντες

447 891 700 948 φαυλότεροι,
725 895 887 950 κέρδους
909 896 948 934 δ’
971 897 1095 936 εἵνεκα
1115 894 1380 950 φαυλότατοι·
1655 904 1698 938 10

507 959 527 974 3!

364 955 412 1011 ἢν
435 959 479 999 δ’
502 977 581 1015 αρα
604 963 664 1010 δις
682 962 747 1002 καὶ
766 963 849 1016 τρὶς
866 960 1036 1015 μεγάλης
1059 960 1275 1016 δράξωνται
1294 960 1463 1015 ἀπήνης,

446 1024 538 1079 δή
517 1044 567 1082 ρα
584 1026 669 1069 τότ’
693 1031 747 1077 εις
764 1027 869 1082 ὥρας
885 1027 1300 1084 φαυλεπιφοιυλότεροι.

235 1088 360 1139 οὕτως
385 1085 453 1132 οὖν
464 1123 478 1143 ,
522 1091 575 1142 ὡς
603 1094 734 1150 ἔφθην
755 1094 892 1145 εἰπών,
936 1093 956 1136 ὁ
974 1096 1141 1150 πονηρὸς
1159 1093 1428 1147 Καππαδόκης
1445 1090 1647 1145 δυνάμεως

233 1156 512 1210 ἐπιλαβόμενος
533 1162 725 1213 δημοσίας
744 1159 1003 1214 ἀπειργάσατο
1024 1160 1246 1216 συμφοράς,
1269 1165 1422 1216 πρῶτον
1439 1160 1509 1212 μὲν
1521 1159 1647 1211 δεσμὰ

234 1225 298 1263 καὶ
319 1225 440 1272 πέδας
461 1227 526 1265 καὶ
545 1225 768 1274 ποδοκάκας
785 1229 849 1267 καὶ
869 1228 1011 1282 σίδηρα
1031 1229 1215 1282 προθείς,
1257 1227 1365 1268 ἔνδον
1385 1230 1455 1279 τῆς
1471 1241 1644 1280 πραιτω-
1658 1232 1699 1266 15

235 1290 323 1343 ριάς
353 1291 475 1343 αὐλῆς
507 1292 704 1345 ἰδιωτικὴν
733 1293 773 1334 ἓν
802 1292 928 1348 σκότῳ
961 1293 1140 1348 φυλακὴν
1171 1294 1364 1348 ἀφορίσας
1392 1298 1477 1340 ταῖς
1496 1297 1647 1340 ποιναῖς

234 1360 312 1396 τῶν
332 1354 402 1396 ὑπ’
429 1358 536 1413 αὐτῷ
555 1357 788 1409 τελούντων,
837 1358 1017 1415 Φάλαρις
1048 1360 1177 1416 ὥσπερ
1207 1359 1397 1414 ἄνανδρος
1423 1359 1489 1399 καὶ
1516 1356 1650 1411 μόνοις

234 1428 316 1470 τοῖς
338 1422 492 1472 δούλοις
510 1424 762 1481 ἰσχυρότατος
772 1456 784 1475 ,
831 1427 912 1467 ἐκεῖ
924 1443 965 1467 τε
982 1428 1157 1481 ε’νείργων
1176 1426 1267 1475 τοὺς
1284 1425 1546 1478 πιεζομένους,
1581 1424 1650 1465 οὗ-

236 1490 328 1530 δένα
348 1489 467 1543 τύχης
485 1492 642 1534 οἳασοῦν
661 1490 930 1547 ἐξαιρούμενος
945 1498 1021 1533 τῶν
1039 1496 1240 1545 αἰκισμῶν,
1264 1493 1439 1547 ἀναρτῶν
1458 1508 1498 1532 τε
1519 1489 1650 1539 ἅπλῶς

238 1555 437 1608 ἇζητήτως
453 1558 543 1606 τούς
559 1557 679 1610 μόνον
699 1559 796 1611 ἔχειν
808 1560 972 1614 χρυσίον
992 1560 1334 1612 διαβαλλομένους,
1356 1559 1420 1598 καὶ
1439 1556 1463 1610 ἢ
1481 1556 1650 1611 γυμνοὺς
1659 1563 1704 1597 20

237 1621 263 1673 ’ἢ
287 1625 447 1676 νεκροὺς
467 1624 661 1666 ἀπολύων.
727 1627 792 1666 καὶ
822 1625 970 1666 τούτων
998 1625 1150 1681 μάρτυς
1175 1627 1246 1678 μὲν
1277 1623 1297 1665 ὃ
1329 1627 1474 1678 δῆμος,
1507 1623 1581 1677 ἐγὼ
1608 1623 1651 1664 δὲ

239 1686 328 1729 οἶδα
353 1689 508 1746 θεωρὸς
527 1690 727 1744 γενόμενος
747 1693 812 1732 καὶ
837 1692 974 1747 παρών
999 1698 1080 1741 τοῖς
1103 1692 1392 1748 πραττομένοις.
1459 1691 1523 1731 καὶ
1546 1688 1651 1738 ὅπως

325 1793 350 1828 4
371 1791 622 1839 ἐπιβαραθραν
645 1796 686 1830 C.
820 1797 842 1830 6
864 1796 940 1840 lego
962 1792 1122 1837 ὕστερον.
1146 1797 1190 1830 F.
1326 1796 1368 1830 10
1387 1792 1427 1829 δ’
1449 1793 1652 1846 Anthologia

325 1851 392 1872 om.
544 1838 646 1874 ἕνεκα
668 1838 740 1873 ἐστι
738 1841 847 1895 „Q
857 1838 924 1883 ἔτι)
949 1841 1172 1882 φαυλότατοι
1188 1841 1428 1874 (212
1450 1837 1652 1881 δράξωνται

324 1885 483 1926 μεγαλως
502 1895 653 1939 απημεις
671 1883 707 1918 δ’
729 1881 847 1928 ἤρατό
870 1897 923 1924 τις
947 1883 1034 1928 ὁρας
1055 1883 1168 1938 φαυλ’
1193 1883 1475 1928 ἐπιφαυλοτέρας
1494 1885 1544 1926 C,
1577 1886 1647 1916 An-

325 1928 477 1980 tholegia
496 1927 540 1972 δὴ
565 1928 648 1962 τότε
669 1929 850 1972 γίγνονται
871 1926 1263 1973 φαυλεπιφαυλότατοι.
1336 1929 1377 1963 15
1391 1908 1592 1967 πεδοκάκας
1605 1928 1649 1961 C.

329 1974 371 2007 19
390 1969 616 2017 ἀναρτῶνται
639 1971 762 2013 ἁπλαῖς
781 1975 824 2008 C.

239 2061 371 2104 callide,
383 2066 512 2114 utpote
531 2064 738 2109 Cappadox,
762 2063 984 2106 insinuasset,
1007 2062 1180 2097 familiaris
1203 2062 1398 2107 imperatori
1417 2064 1543 2106 factus,
1565 2061 1652 2095 fide-

239 2118 306 2150 que
329 2106 455 2140 maiora
478 2119 539 2151 pro
560 2121 598 2142 re
622 2108 769 2161 publica·
778 2121 816 2142 se
837 2110 1003 2142 facturum
1022 2109 1201 2153 pollicitus,
1223 2108 1312 2141 inter
1329 2108 1535 2141 discussores
1555 2117 1651 2140 rece—

237 2156 318 2195 ptus
337 2156 401 2184 est.
447 2152 527 2186 inde
549 2165 651 2196 porro
675 2152 772 2197 quasi
793 2164 856 2198 per
876 2155 999 2196 gradus
1022 2154 1063 2186 ad
1083 2153 1229 2186 illustres
1253 2163 1336 2196 quos
1358 2157 1483 2186 vocant
1503 2155 1654 2193 evectus,

239 2207 351 2248 neque
373 2197 450 2229 dum
469 2197 577 2240 qualis
598 2203 717 2230 natura
740 2203 832 2231 esset
851 2203 962 2240 notus,
986 2199 1221 2241 praefecturae
1243 2198 1403 2231 honorem
1425 2195 1565 2230 subito·
1555 2206 1654 2228 inva-

240 2239 304 2273 sit·
329 2252 438 2284 neque
461 2242 549 2274 enim
569 2247 688 2286 postea
706 2242 866 2276 sustinuit
882 2242 1076 2286 imperator,
1098 2248 1215 2286 utpote
1232 2244 1340 2275 bonus
1359 2247 1460 2286 atque
1477 2240 1655 2284 benignus,

238 2284 401 2328 improbis
418 2286 607 2319 rectoribus
625 2287 854 2330 magistratum
872 2289 1023 2330 credere,
1043 2298 1116 2320 cum
1133 2287 1198 2320 iam
1216 2286 1392 2320 didicisset
1407 2296 1512 2330 reque
1528 2295 1656 2328 cogno-

242 2329 351 2363 sisset
371 2327 498 2373 quod
501 2328 734 2376 ‘Cappadoces
757 2331 834 2364 mali
858 2332 992 2375 quidem
1013 2342 1162 2375 semper,
1186 2331 1318 2374 cingulo
1343 2336 1452 2366 autem
1467 2329 1571 2382 potiti
1592 2340 1656 2374 pe—

240 2374 345 2417 iores,
368 2375 453 2408 lucri
475 2380 584 2409 autem
606 2386 708 2408 causa
723 2376 879 2419 pessimi:
900 2376 930 2409 si
951 2388 1033 2410 vero
1053 2377 1104 2410 bis
1123 2382 1159 2409 et
1174 2382 1228 2409 ter
1245 2387 1397 2419 magnum
1415 2379 1560 2416 tetigere
1577 2383 1656 2406 cur-

242 2430 334 2462 rum,
357 2419 474 2472 utique
490 2425 559 2453 tum
577 2420 612 2453 in
634 2421 733 2453 horas
753 2417 911 2464 peiores?
970 2421 1020 2454 sic
1039 2420 1160 2464 igitur,
1184 2420 1233 2453 uti
1255 2419 1431 2463 praedixi,
1454 2422 1657 2471 potestatem

242 2464 416 2507 adeptus
405 2476 450 2497 lm
475 2466 576 2498 robus
599 2466 786 2508 Cappadox
808 2465 1014 2509 publicarum
1037 2446 1257 2498 calamitatum
1280 2471 1397 2497 auctor
1419 2463 1561 2506 exstitit,
1583 2461 1657 2506 pri-

242 2519 330 2541 mum
354 2509 453 2543 vincu
467 2521 487 2543 a
513 2520 553 2543 ac
571 2509 708 2561 pedicas
730 2521 922 2554 nervosque
944 2516 979 2543 et
999 2516 1133 2543 catenas
1153 2509 1350 2562 proferens,
1386 2508 1477 2541 intus
1498 2507 1535 2541 in
1556 2517 1657 2551 prae-

243 2552 334 2586 toria
358 2554 435 2587 aula
460 2554 627 2606 privatam
650 2554 687 2587 in
717 2555 869 2588 tenebris
899 2555 1085 2589 custodiam
1115 2553 1232 2598 poenis
1263 2553 1493 2597 apparitorum
1523 2562 1658 2586 suorum

244 2597 471 2642 constituens,
495 2598 646 2632 Phalaris
667 2598 802 2632 veluti
792 2610 936 2642 lgnavus
955 2605 990 2633 et
1012 2599 1121 2633 servis
1139 2604 1266 2632 tantum
1290 2598 1510 2639 fortissimus,
1541 2595 1659 2648 ibique

243 2642 377 2676 vlnctos
396 2644 580 2687 includens,
604 2643 780 2687 neminem,
803 2643 1044 2688 qualiscunque
1060 2645 1228 2684 fortunae,
1250 2642 1454 2676 cruciatibus
1473 2622 1658 2685 excipiens,

245 2687 448 2732 omninoque
459 2689 547 2722 nulla
561 2688 753 2732 cognitione
769 2699 883 2722 aurum
894 2688 1145 2721 tantummodo'
1135 2699 1171 2721 ln
1187 2687 1358 2721 simulatos
1374 2687 1500 2720 habere
1515 2695 1658 2737 suspen-

247 2733 352 2776 dens,
397 2739 499 2777 atque
529 2737 587 2767 aut
616 2734 723 2767 nudos
755 2738 812 2766 aut
843 2739 990 2767 mortuos
1021 2733 1168 2766 solvens.
1232 2743 1372 2776 quorum
1398 2730 1496 2764 testis
1524 2729 1659 2782 quidem

248 2782 302 2812 est
324 2778 484 2823 populus·
516 2789 580 2823 ego
602 2789 685 2813 vero
706 2777 842 2814 memini
864 2782 1089 2824 spectatorem
1114 2789 1189 2823 me,
1215 2788 1289 2813 cum
1313 2776 1455 2820 fierent,
1474 2772 1660 2815 adstitisse,
