1748 3210
684 164 1008 212 PRAEFATIO.
1491 177 1591 211 Lvu

128 303 310 354 merium
327 299 565 351 tonia-nale,
595 298 706 355 quod
734 300 918 355 proxime
943 299 1144 355 sequitur,
1175 296 1328 338 editum
1347 298 1430 338 iam
1450 305 1590 339 exsta-

128 386 199 426 bat
234 385 279 422 in
310 383 397 422 Iani
431 382 630 433 Rutgersii
662 383 789 422 Variis
818 381 1072 421 Lectionibus
1102 377 1232 431 Lugd.
1259 380 1350 418 Bat.
1385 380 1515 430 1618,
1546 378 1588 430 4,

127 478 172 518 p.
186 450 446 511 247-260,
474 460 665 500 mendose
694 460 936 511 admodum,
966 475 1047 501 non
1071 461 1127 500 ita
1151 467 1286 498 tamen
1314 466 1360 498 ut
1380 459 1464 496 eius
1483 471 1588 510 quo-

129 556 209 598 que
234 541 474 594 comparatio
513 553 604 579 cum
638 539 771 579 codice
803 549 939 580 nostro
975 555 1058 580 non
1089 541 1180 579 usui
1203 538 1306 578 mihi
1329 538 1380 577 ad
1405 538 1587 578 tollenda

128 621 276 662 menda
295 621 488 661 nonnulla
506 620 632 658 nostri
653 620 794 669 fuerit3
826 618 933 672 quod
955 620 1106 672 patebit
1127 620 1351 672 legentibus
1371 633 1425 658 ex
1443 619 1589 657 lectio-

129 715 230 741 num
252 714 377 754 prope
409 699 539 738 dicam
565 699 719 738 infinita
738 700 950 749 varietate,
979 700 1023 736 in
1046 711 1114 737 ora
1135 713 1177 751 p.
1200 701 1436 742 306—331
1461 711 1590 750 appo-

129 781 219 820 sita.
291 780 524 820 Tonitruale
566 780 741 829 Fonteii,
783 781 917 819 Diario
955 777 1107 829 Nigidii
1145 779 1398 821 subiunctum
1433 793 1475 831 p.
1508 780 1592 819 382

129 858 299 898 habetur
322 861 366 897 in
381 858 481 905 cod.
507 860 631 911 Regio
655 861 762 901 2381
786 859 858 897 fol.
884 861 938 901 70
961 860 1145 899 verso-71
1169 865 1290 906 recto;
1319 859 1434 910 isque
1461 855 1592 896 codex

130 950 249 991 saepe
277 937 461 978 laudatus
487 940 530 977 in
558 940 774 978 lectionum
800 938 1014 986 varietate,
1045 937 1118 975 sub
1146 937 1248 988 siglo
1277 937 1363 975 cod.
1392 938 1498 988 Reg.
1525 936 1593 973 in-

130 1016 371 1070 telligendus
402 1026 473 1058 est.
530 1019 726 1058 Labeonis
760 1017 989 1056 Observatio
1020 1015 1070 1054 de
1093 1017 1352 1066 fulminibus,
1382 1029 1422 1068 p.
1440 1015 1587 1056 336-
1610 1025 1648 1060 p·
1671 1023 1744 1048 xm

130 1093 238 1148 338,
272 1105 400 1137 exstat
431 1099 530 1137 item
562 1100 604 1137 in
641 1097 728 1137 cod.
762 1099 861 1148 Reg.
893 1098 1001 1137 2381
1032 1095 1102 1134 fol.
1132 1099 1184 1138 71
1217 1103 1320 1134 recto
1329 1111 1346 1144 ,-
1390 1096 1592 1147 alteraque

131 1179 409 1216 commentatio
433 1178 611 1217 eiusdem
633 1177 878 1230 argumenti,
910 1189 1012 1228 quae
1036 1177 1260 1214 continetur
1281 1191 1322 1229 p.
1338 1178 1420 1218 338
1433 1174 1592 1224 -348,

130 1257 174 1295 in
196 1259 320 1309 Regio
347 1257 480 1310 (nunc
498 1256 675 1309 Veneto)
706 1254 812 1304 324,
843 1267 964 1307 quem
986 1257 1219 1294 memoravi.
1277 1256 1510 1308 Disquisitio
1542 1253 1593 1292 de

132 1338 260 1375 causis
290 1343 619 1384 terraemotuum‚
659 1350 700 1387 p.
731 1335 836 1384 348,
881 1348 972 1372 cum
1003 1335 1101 1372 item
1131 1336 1174 1372 in
1206 1334 1292 1373 cod.
1314 1338 1421 1378 2381
1445 1335 1515 1373 fol.
1539 1337 1595 1376 70

132 1422 254 1462 recto,
282 1422 368 1453 tum
387 1415 432 1452 in
454 1415 579 1465 Regio
606 1415 708 1455 1991
731 1415 801 1452 fol.
827 1416 846 1454 1
869 1421 990 1461 reeto;
1020 1415 1076 1451 ita
1096 1422 1230 1452 tamen
1254 1422 1299 1452 ut
1320 1415 1354 1452 is
1378 1427 1499 1466 quem
1518 1426 1596 1465 po-

133 1496 276 1534 sterius
302 1494 527 1543 nominavi,
570 1493 701 1531 verbis
730 1493 914 1544 plurimis
941 1492 1160 1531 immutatis
1191 1500 1259 1531 aut
1291 1493 1594 1545 praetermissis,

133 1576 332 1627 epitomen
354 1575 486 1626 potius
505 1586 627 1626 quam
643 1573 912 1623 fragmentum
929 1570 1034 1623 Lydi
1054 1574 1254 1611 continere
1276 1571 1471 1610 videatur.
1529 1586 1597 1610 se-

134 1655 296 1707 quentia
312 1652 407 1691 inde
426 1664 448 1688 a
467 1664 501 1688 c.
523 1651 576 1692 54
600 1663 680 1688 non
700 1652 831 1689 solum
854 1652 895 1688 in
921 1650 1095 1700 duobus,
1126 1664 1225 1704 quos
1247 1650 1355 1701 dixi,
1386 1650 1502 1690 codd.
1522 1665 1598 1689 ex·-

134 1739 259 1782 stant,
285 1731 356 1771 sed
378 1733 571 1783 impressa
595 1743 754 1784 quoque
779 1738 869 1768 sunt
894 1732 936 1769 in
959 1730 1052 1769 edit.
1077 1729 1315 1770 Schowiana
1338 1733 1518 1783 opusculi
1535 1733 1596 1769 De

133 1812 338 1851 mensibus
359 1825 399 1864 p.
422 1813 566 1854 130-
582 1811 659 1852 134
675 1840 685 1860 ,
715 1811 856 1848 vitiose
880 1809 1117 1860 admodum,
1152 1810 1261 1863 quod
1284 1810 1431 1849 menda
1451 1810 1597 1849 codicis

133 1890 396 1931 bibliothecae
417 1891 654 1942 Angelicae,
688 1889 794 1928 unde
814 1889 891 1928 hoc
915 1891 1183 1943 fragmentum
1204 1891 1369 1942 protulit
1387 1891 1428 1927 iu
1449 1890 1596 1939 lucem,

133 1972 363 2024 ingeniosus
395 1971 599 2022 literisque
630 1972 851 2023 perpolitus
874 1970 1002 2009 editor
1021 1971 1162 2009 tollere
1186 1971 1320 2008 omnia
1343 1983 1424 2008 non
1447 1971 1597 2023 quivit3
1646 2003 1649 2006 .

135 2049 244 2104 quod
262 2049 383 2100 mihi,
415 2050 682 2101 compluribus
708 2049 823 2088 codd.
847 2057 1039 2104 tanquam
1064 2049 1317 2088 adminiculis
1343 2062 1438 2099 uso,
1468 2050 1596 2087 multo

133 2130 211 2168 fuit
238 2131 408 2168 facilius.
467 2136 666 2180 postremo
693 2129 974 2168 Calendarium
1002 2137 1116 2168 vetus
1147 2132 1374 2169 Romanum
1397 2142 1487 2166 cum
1511 2135 1599 2166 ortu

136 2221 354 2262 occasuque
375 2209 591 2258 stellarum,
623 2209 728 2262 quod
740 2224 996 2263 parapegma
1014 2210 1230 2248 secundum
1245 2209 1468 2248 Ptolemaei
1485 2214 1599 2246 vocat

137 2288 292 2326 Harles.
319 2287 423 2325 Bibl.
452 2287 519 2325 Gr.
540 2287 565 2328 5
595 2290 673 2330 291
700 2291 757 2339 A,
792 2289 978 2343 quodque
1008 2305 1029 2328 e
1058 2291 1212 2342 scriptis
1238 2287 1377 2332 Claud.
1401 2289 1525 2327 Tusci
1547 2285 1601 2324 ad

134 2366 300 2404 verbum
325 2379 367 2404 se
392 2367 633 2418 expressisse
653 2368 789 2421 Lydus
817 2371 870 2407 ait
890 2383 929 2421 p.
950 2369 1054 2419 357,
1084 2371 1225 2407 Latine
1245 2370 1328 2406 iam
1352 2380 1491 2404 cusum
1515 2371 1599 2402 erat

134 2443 179 2481 in
204 2445 356 2482 Petavii
385 2447 626 2498 Uranologio
657 2447 813 2500 (Lutet.
838 2450 965 2487 Paris.
991 2449 1123 2498 1630,
1153 2449 1224 2487 fol.
1256 2448 1367 2490 94—
1390 2444 1496 2495 101)
1526 2443 1599 2482 snb
1623 2463 1660 2498 P·
1684 2461 1748 2485 ¹¹V

135 2524 298 2561 nomine
318 2525 551 2575 Ptolemaei,
579 2540 652 2579 per
670 2528 879 2566 Nicolaum
898 2529 1116 2566 Leonicum
1137 2543 1158 2566 e
1177 2529 1326 2566 Graeco
1349 2525 1600 2563 translatum.

138 2613 260 2653 quam
294 2603 455 2642 Leonici
487 2607 711 2644 versionem
745 2608 896 2659 passim
932 2609 1167 2646 retractavi:
1212 2609 1408 2645 Graecum
1443 2611 1601 2642 textum

137 2693 244 2718 nuuc
261 2682 433 2734 primum
452 2683 559 2722 edidi
578 2699 631 2723 ex
650 2685 764 2724 codd.
784 2687 922 2736 tribus,
952 2701 1097 2740 nempe
1121 2687 1344 2734 caseolino,
1373 2687 1472 2736 Reg.
1491 2685 1599 2727 2381

137 2759 210 2799 fol.
230 2759 285 2803 74
295 2762 475 2805 recto-75
487 2777 595 2802 verso
616 2764 756 2818 (quem
772 2766 815 2804 in
832 2767 980 2805 notulis
995 2765 1171 2805 indicavi
1190 2766 1290 2817 siglo
1308 2765 1508 2818 i110,Reg.
1520 2762 1600 2817 A),
