1748 3210
266 195 361 240 286
785 197 1002 239 IOANNJS
1035 196 1165 241 LYDI

264 301 321 351 εἰς
348 298 510 356 βραχύν
537 315 634 343 τινα
661 300 819 343 κύκλον
846 303 1052 349 συνάγεται,
1083 303 1232 359 ἀπείρῳ
1260 306 1342 348 τινὶ
1367 308 1572 365 συντομία
1594 309 1668 352 καὶ

263 365 433 422 ὀξύτητι
468 366 568 408 ποτε
604 365 679 419 μὲν
716 367 986 420 περιρραίνων
1019 370 1105 406 ποτὲ
1135 371 1173 408 δὲ
1201 371 1396 426 συνάγων
1423 375 1526 425 τούς
1552 380 1668 430 λεγο-

261 433 414 488 μένους
442 430 740 484 αύλακισμούς.
799 427 926 482 οὗτος
954 431 1063 496 [όταν
1097 437 1265 482 πυρώδης
1299 436 1442 495 ἀνίσχῃ
1481 443 1553 484 καὶ
1581 441 1664 484 ἀπὸ

262 498 421 546 δύσεως
449 495 556 552 πρὸς
585 495 791 549 ἀνατολὰς
821 497 1016 554 ἇκοντίζῃ
1049 499 1152 550 τοὺς
1179 501 1293 539 αὐτοῦ
1318 504 1562 558 πλοκάμους,
1589 506 1666 562 τήν

261 580 304 606 τε
334 566 514 616 Περσῶν
541 560 702 606 ἀπειλεῖ
727 563 1037 615 ἐπανάστασιν,
1067 565 1172 609 ὥστε
1199 570 1260 605 καὶ
1286 569 1483 623 δυνάμεις
1509 572 1698 621 πολλὰςὸ

261 628 582 684 στρατευμάτων
610 629 676 672 ἐπὶ
704 628 782 684 τήν
813 628 1027 684 ἀνατολὴν
1054 637 1298 686 συνδραμεῖν,
1326 633 1403 684 τάς
1429 650 1474 678 τε
1505 639 1668 691 Συρίας

259 698 479 749 πληρῶσαι
506 695 582 738 τὸν
611 694 864 750 ὁποιδήποτε
891 700 970 750 γῆς
997 696 1250 740 ἀποσταλέντα
1277 700 1555 756 στρατιώτην,
1592 704 1668 746 καὶ

259 760 318 810 ὠς
344 759 425 803 οὐκ
450 761 660 816 ἀρκούσης
687 765 759 816 τῆς
786 766 1058 816 παρασκευῆς
1083 763 1190 817 πρὸς
1289 767 1445 820 κίνημα
1471 767 1544 810 καὶ
1569 783 1669 811 νεω-

259 825 389 881 τέραν
415 827 614 881 γενέσθαι
642 829 953 881 στρατολογίαν.
1009 828 1182 884 ἡγήσεται
1208 832 1247 868 δὲ
1276 835 1418 880 λοιμός,
1445 836 1508 872 καὶ
1535 838 1668 888 διαφε.

260 893 421 946 ρόντως
452 898 541 942 τοῖς
578 894 720 943 ἵπποις
747 893 962 947 ἐνσκήψει,
1005 893 1059 936 οὐ
1087 900 1176 945 τοῖς
1206 899 1387 949 Περσῶν
1415 898 1604 943 ἄλλὰῑτοῖς
1631 901 1668 945 ἐξ
1682 900 1722 934 10

258 959 473 1014 Εὐρώπης
499 958 563 1001 ἐπ’
594 959 781 1007 ἐκείνους
808 959 1069 1015 φερομένοις·
1107 965 1168 999 καὶ
1190 967 1297 1001 τοῦτο
1325 962 1536 1014 ἐλάττωσις
1556 964 1671 1007 ἔσται

258 1025 408 1079 πρώτη
437 1029 525 1075 τοῖς
554 1023 859 1078 λοιμώττουσιν.
926 1026 1005 1065 ἀλλ’
1043 1027 1087 1065 οὐ
1115 1029 1227 1082 μέχρι
1254 1031 1402 1073 παντὸς
1430 1031 1477 1067 τὰ
1506 1033 1670 1078 Περσῶν

257 1089 498 1146 εὐτυχήσει·
534 1091 714 1145 μεγάλης
741 1091 822 1143 γὰρ
852 1094 1126 1139 συντρεχούσης
1152 1091 1236 1134 κατ’
1267 1093 1411 1135 αὐτῶν
1437 1099 1670 1149 παρασκευῆς
1723 1134 1725 1138 .

258 1155 508 1210 φεύξονται,
540 1157 612 1198 καὶ
643 1157 689 1197 αἴ
716 1159 942 1209 ληφθεῖσαι
969 1154 1074 1208 παρ’
1105 1156 1230 1210 αὐξῶν
1258 1161 1379 1203 πόλεις
1407 1159 1666 1208 ἅφεθήσονται,

258 1222 278 1259 ὁ
316 1223 355 1259 δὲ
388 1220 568 1270 βασιλεὺς
605 1220 750 1263 αὐτῶν
786 1218 956 1275 φεύγων
993 1219 1211 1265 ἀπολεῖται
1249 1228 1344 1266 ταῖν
1379 1229 1490 1263 ἰδίαιν
1525 1233 1656 1274 χεροῖν.
1680 1234 1721 1269 15

256 1287 340 1328 εἶτα
377 1286 449 1328 καὶ
487 1286 816 1342 διαρπαγήσεται
854 1285 878 1330 ὁ
920 1290 1100 1338 πλοῦτος
1138 1279 1329 1341 Περσῶν.
1401 1288 1454 1332 τοὶ
1491 1290 1536 1333 δὲ
1574 1291 1669 1346 λη’ϊα

256 1353 437 1404 ἄχρηστα,
468 1356 554 1394 τῶν
581 1359 750 1407 γεωργῶν
780 1353 1084 1407 ἀναιρεθέντων
1111 1353 1140 1409 ἦ
1166 1354 1239 1397 καὶ
1265 1359 1401 1411 λοιμῷ
1429 1357 1668 1410 διαφθαρέν-

255 1435 326 1456 των
357 1422 553 1466 γενήσεται-
621 1420 665 1457 ου’
703 1421 775 1467 μήν
816 1421 1039 1474 ἐμμενοῦσι
1077 1427 1157 1465 τοῖς
1186 1425 1356 1474 Περσῶν
1384 1420 1484 1464 οὐδὲ
1512 1422 1670 1476 ἐμβρα-

255 1486 436 1526 δυνοῦσι
463 1490 551 1534 τοῖς
580 1485 707 1527 αὐτῶν
737 1489 772 1522 οἱ
801 1486 838 1522 ἐκ
865 1491 930 1532 τῆς
959 1485 1170 1534 Εὕρώπης,
1211 1485 1294 1529 ἀλλ’
1323 1488 1513 1540 ἑκάτερον
1541 1488 1670 1538 ἔθνος

255 1548 396 1602 ὥσπερ
416 1551 696 1606 τετελεσμένης
715 1556 780 1598 τῆς
802 1553 917 1598 μάχης
946 1553 983 1589 ἐν
1012 1557 1098 1602 τοῖς
1127 1555 1276 1597 οἰκείοις
1304 1553 1505 1608 ἐπανήξει.
1533 1557 1667 1596 ταῦτα
1678 1564 1723 1598 20

253 1615 332 1669 μὲν
367 1610 448 1658 οὖν
486 1617 651 1667 ἀπειλεῖ,
695 1616 799 1659 ὅταν
833 1621 1016 1670 πυρώδης
1045 1619 1193 1668 ἀνίσχῃ·
1228 1624 1262 1657 εἰ
1287 1621 1326 1658 δὲ
1355 1619 1507 1674 ὦχρός,
1543 1621 1668 1662 πολέ-

253 1697 362 1734 μους
400 1681 477 1734 μέν
511 1697 649 1730 τινας,
692 1680 788 1723 ἀλλ’
828 1682 880 1724 οὐ
919 1686 1157 1735 Περσικούς,
1206 1686 1406 1738 σημαίνει,
1454 1690 1599 1733 σεισμοὶ
1629 1689 1668 1725 δὲ

252 1746 416 1796 πάντως
441 1746 511 1788 καὶ
541 1746 676 1801 πένθη
705 1748 801 1789 τινὰ
829 1753 918 1798 τοῖς
948 1747 1196 1801 ἀνθρώποις
1220 1749 1473 1805 ἐνσκήψουσι-
1522 1752 1670 1806 λοιμὸς

253 1814 292 1851 δὲ
323 1820 399 1856 τοῖς
427 1812 686 1866 βοσκήμασιν
712 1814 965 1857 ἐπιπεσεῖται
993 1815 1065 1857 καὶ
1092 1815 1211 1868 λιμὸς
1239 1815 1375 1870 κάρτα
1403 1818 1539 1871 βίαιος·

342 1902 364 1935 3
388 1897 522 1942 α’νίσχει
543 1896 615 1932 ἀπὸ
638 1901 679 1933 C.
708 1912 784 1934 corr
805 1902 853 1935 H.
987 1902 1007 1936 5
1031 1902 1090 1945 τε]
1117 1903 1198 1936 fort.
1226 1903 1312 1937 τῶν.
1359 1904 1407 1937 H.
1541 1904 1564 1938 8
1586 1905 1666 1938 sort.

342 1943 437 1987 πρὸς
457 1943 499 1978 τὸ
521 1945 700 1986 πολεμίων
716 1957 748 1978 κ.
794 1946 842 1979 Η.

255 2022 291 2054 in
310 2027 486 2064 angustum
504 2022 667 2065 glomerat
692 2024 828 2065 orbem,
858 2022 1041 2056 velocitate
1065 2027 1166 2068 atque
1188 2024 1314 2068 impetu
1337 2025 1548 2070 incredibili,
1570 2027 1668 2059 modo

253 2067 542 2109 circumspergens
567 2068 663 2099 modo
689 2068 890 2100 contrahens
914 2068 1024 2100 crines
1048 2079 1132 2111 quos
1155 2075 1290 2102 vocant.
1337 2069 1366 2102 is
1389 2073 1521 2113 quando
1547 2073 1670 2104 ardens

253 2111 360 2143 oritur
385 2116 419 2142 et
437 2112 478 2143 ab
500 2111 686 2144 Occidente
709 2113 751 2144 ad
777 2112 938 2145 orientem
961 2112 1123 2146 iaculatur
1146 2114 1254 2155 iubar,
1278 2114 1450 2148 tumultum
1475 2115 1670 2149 Parthicum

252 2154 403 2187 nuntiat:
439 2155 645 2188 exercituum
668 2168 819 2199 magnam
844 2157 911 2189 vim
935 2164 1068 2200 raptum
1091 2158 1135 2190 iri
1155 2158 1190 2190 in
1214 2159 1387 2201 orientem,
1410 2159 1546 2193 militem
1570 2160 1671 2193 undi-

253 2210 318 2243 que
342 2205 506 2232 terrarum
528 2199 663 2232 missum
681 2201 886 2244 repleturum
910 2202 1030 2244 Syrias
1040 2217 1050 2243 ¹,
1085 2208 1120 2235 et
1144 2202 1237 2236 velut
1259 2215 1326 2236 non
1347 2204 1539 2237 sufficiente
1563 2216 1669 2250 appa-

251 2249 328 2276 ratu
358 2243 463 2276 mot-ui
497 2244 640 2276 hostium
664 2256 771 2278 novos
800 2246 968 2278 exercitus
991 2247 1152 2290 scriptum
1181 2247 1237 2281 iri.
1284 2249 1536 2291 antegredietur
1559 2255 1670 2284 autem

251 2287 335 2330 lues,
361 2294 395 2320 et
415 2299 518 2331 equos
542 2289 725 2332 praecipue
748 2290 897 2332 invadet,
922 2302 989 2323 non
1010 2291 1199 2335 Parthicos,
1225 2293 1286 2326 sed
1308 2304 1364 2326 eos
1389 2293 1447 2336 qui
1470 2305 1512 2326 ex
1528 2293 1670 2336 Europa.

250 2332 287 2364 in
319 2334 483 2365 barbaros
517 2333 800 2367 transmittentur.
848 2340 949 2377 atque
982 2336 1044 2368 hoc
1075 2336 1216 2380 primum
1246 2337 1489 2370 incommodum
1519 2337 1586 2370 erit
1612 2338 1670 2371 lue
1730 2374 1734 2376 μ

250 2377 495 2410 laborantibus.
542 2389 606 2410 nec
636 2383 747 2410 tamen
773 2379 891 2411 Parthi
920 2380 1077 2413 diuturna
1103 2392 1176 2414 cum
1197 2382 1331 2414 fortuna
1358 2386 1468 2414 erunt.
1515 2393 1590 2414 nam
1613 2382 1669 2414 in-

252 2422 410 2464 gentibus
434 2421 541 2465 copiis
566 2422 848 2456 convenientibus
874 2425 1038 2457 adversus
1058 2436 1115 2458 eos
1139 2425 1175 2457 iu
1194 2426 1305 2467 sugam
1325 2437 1361 2458 se
1384 2426 1578 2468 conferent,
1605 2439 1668 2470 op-

251 2466 334 2509 pida
355 2466 470 2511 populi
495 2467 638 2500 Romani
661 2479 680 2501 a
703 2479 740 2500 se
764 2473 863 2511 capta
887 2468 1067 2502 dimittent.
1114 2480 1174 2502 rex
1192 2470 1394 2502 Parthorum
1417 2470 1550 2512 fuffl'ens
1574 2471 1670 2514 peri-

250 2511 304 2543 bit
335 2511 473 2554 propria
502 2522 614 2544 manu.
673 2523 758 2554 gaza
787 2512 988 2546 Parthorum
1018 2514 1210 2557 diripietur.
1256 2515 1371 2556 fruges
1406 2520 1525 2548 tenues
1557 2519 1666 2558 erunt,

252 2554 411 2597 agricolis
435 2560 493 2588 aut
515 2555 634 2588 occisis
660 2562 717 2589 aut
744 2557 822 2589 tabe
843 2557 998 2590 sublatis.
1045 2569 1154 2601 neque
1176 2558 1349 2593 instabunt
1369 2559 1506 2592 Parthis
1530 2571 1572 2592 ex
1594 2561 1668 2592 Eu—

251 2610 337 2642 ropa
365 2601 528 2633 adversus
558 2600 633 2632 illos
662 2601 830 2644 profecti,
865 2613 974 2644 neque
1001 2602 1037 2634 in
1064 2603 1187 2635 finibus
1220 2615 1335 2636 eorum
1358 2605 1668 2637 commorabuntur:

251 2644 312 2676 sed
331 2650 472 2687 uterque
496 2645 637 2688 populus
661 2645 757 2688 quasi
781 2645 949 2678 debellato
978 2647 1019 2679 ad
1042 2658 1103 2690 pro
1130 2647 1181 2679 ria
1204 2647 1341 2681 redibit.
1377 2647 1461 2681 haec
1483 2648 1666 2690 minitatur,

251 2690 384 2731 quando
412 2690 534 2721 ardens
563 2689 689 2722 oritur:
724 2690 845 2732 quodsi
876 2690 1025 2733 luridus,
1050 2691 1137 2724 bela
1155 2692 1308 2735 quidem,
1334 2693 1395 2725 sed
1418 2703 1485 2725 non
1507 2692 1668 2726 Parthina

251 2732 437 2774 significat3
467 2738 647 2777 terraeque
677 2739 784 2767 motus
813 2735 902 2768 haud
923 2735 1024 2767 dubie
1043 2740 1079 2768 et
1095 2736 1300 2772 acerbitates
1318 2736 1469 2772 homines
1490 2736 1664 2773 invadent.

250 2775 322 2811 lues
345 2783 379 2812 ct
401 2779 507 2813 fames
531 2779 706 2814 admodum
729 2779 844 2824 gravis
869 2779 1053 2826 pecudibus
1075 2780 1219 2815 accidet.
