1748 3210
222 176 318 225 254
735 181 953 225 IOANNIS
989 182 1119 226 LYDI

218 294 397 334 τελευτᾶν
416 288 733 348 συγχωρούμενος
747 293 860 347 τέχνῃ
876 296 1046 346 μετῆλθε
1066 291 1134 335 τὸν
1150 289 1336 337 θάνατον.
1400 294 1534 350 λαβὼν
1555 289 1625 338 οὗν

219 358 311 407 τοὺς
341 357 614 413 ποινουργούς,
659 360 725 398 καὶ
757 360 891 399 δοῦναι
918 359 1010 408 τοὺς
1041 359 1159 400 εἴκοσι
1188 366 1358 416 χρυσοῦς
1387 362 1427 411 ἓξ
1456 361 1626 416 ἀνάγκης

218 424 560 479 ἐπαγγειλάμενος,
594 425 628 464 εἲ
647 423 762 478 τυχὸν
785 425 946 478 ἕψονται
965 426 1025 467 ἐπὶ
1053 426 1096 468 τὸ
1126 425 1364 480 καταγώγιον
1393 428 1499 486 αὐτῷ
1519 445 1625 483 γινο-

217 492 344 547 μένῳ,
383 489 436 538 ὡς
463 485 585 542 ἦλθεν
611 491 708 542 ἐκεῖ,
745 492 955 548 παρελθὼν
981 497 1059 535 τῶν
1080 491 1265 550 φυλάκων
1284 491 1431 542 ἴξωθεν
1451 510 1624 550 προστη-

218 556 411 612 ρούντων,
445 555 590 611 βρόχον
618 556 769 611 ε’νάψας
797 562 857 615 τῷ
883 558 1064 616 τραχήλῳ
1083 563 1153 613 τῆς
1171 560 1270 612 ζωῆς
1290 558 1507 614 ἀπηλλάγη.
1571 559 1657 611 ὥς5

217 624 263 664 δὲ
282 622 326 664 τὸ
347 623 484 663 λοιπὸν
505 623 551 663 οὗ
571 628 791 678 προῆλθεν,
833 625 1111 681 εἶσφρήσαντες
1133 627 1269 667 ε’κεῖνοι
1290 627 1355 667 καὶ
1373 626 1625 682 ἐξηρτημένον

215 689 335 730 αὐτὸν
361 688 507 738 ἰδόντες
535 689 602 731 τὸν
622 692 692 743 μὲν
721 691 856 748 νεκρὸν
883 693 1003 734 αὐτοῦ
1029 693 1195 748 ἔρριψαν
1215 691 1280 733 ἐπ’
1304 691 1451 747 ἀγορᾶς
1469 708 1628 745 συμπα-

215 760 371 804 τοῦντες
391 753 444 804 ὡς
463 758 584 809 δῆθεν
604 757 854 811 ἠπατημένοι,
888 759 938 800 τὰ
959 759 1001 800 δὲ
1021 758 1114 800 ὄντα
1135 758 1243 815 αὐτῷ
1261 756 1496 815 διήρπασαν,
1527 759 1628 812 μηδὲ

216 822 314 878 πρὸς
337 822 468 878 ταφὴν
489 825 647 879 οἰκτροῦ
662 825 766 874 τινὸς
784 824 1047 879 ἔπιβλήματος
1068 823 1314 875 ἀξιώσαντες.

352 888 428 932 61.
497 889 700 939 Τοιούτοις
719 891 1027 946 κατορθώμασιν
1044 890 1369 944 ἔνασχολυύμενος
1388 888 1628 946 ὃΛαιστρυ-
1640 903 1682 938 10

215 954 295 1010 γῶν
325 953 350 1008 ἢ
379 959 529 1007 μᾶλλον
553 954 574 996 ὃ
600 959 871 1013 τεκνοραίστης
892 958 1043 1011 λυμεὼν
1065 960 1161 1011 ε’μῆς
1181 956 1355 1014 πάτρης,
1389 955 1443 1006 ὥς
1465 973 1583 1013 φησιν
1607 955 1630 998 ὃ

216 1020 449 1078 Λυκόφρων
469 1023 620 1073 ἐκεῖνος,
654 1024 721 1079 ἐφ’
753 1024 843 1065 ὅλον
867 1024 952 1074 ἔτος
971 1024 1042 1077 τὴν
1062 1022 1259 1079 πόρθησιν
1277 1028 1354 1065 τῶν
1374 1024 1529 1065 Λυδῶν
1551 1023 1632 1064 διέ-

215 1106 324 1130 τεινε.
391 1090 573 1143 γλίσχρον
600 1091 642 1130 δὲ
671 1092 734 1130 καὶ
767 1095 917 1145 φαῦλον
940 1089 1150 1144 ἡγούμενος
1171 1092 1204 1131 εἲ
1224 1089 1348 1144 μόνην
1364 1090 1436 1142 τὴν
1455 1089 1632 1144 πρόσθεν

218 1155 431 1206 εὐδαίμονα
450 1156 613 1195 Λυδίαν
629 1153 774 1209 ὖπάγοι
791 1162 871 1204 τοῖς
894 1155 1143 1208 ἀδικήμασιν,
1160 1156 1225 1211 ἐφ’
1243 1156 1336 1210 ὅλην
1358 1153 1456 1208 ὃμοῦ
1471 1156 1543 1208 τὴν
1561 1159 1631 1208 τῆς

209 1221 391 1272 Ἀσιανῆς
409 1219 557 1275 ῥάχεως
580 1222 767 1274 διοίκησιν
789 1224 958 1264 συνεῖδεν
980 1223 1141 1263 ἐκτεῖναι
1161 1221 1231 1274 τὴν
1251 1222 1443 1274 ἀσέβειαν.
1509 1219 1628 1274 νόμος
1641 1234 1683 1269 15

216 1286 371 1329 ἄνωθεν
402 1286 590 1341 ἐκράτησε
615 1288 764 1329 πλατὺν
789 1288 874 1341 ἅμα
901 1290 968 1330 καὶ
992 1288 1082 1338 ὀξὺν
1113 1286 1260 1343 δρόμον
1289 1285 1519 1342 ε’νιδρύσθαι
1544 1294 1630 1337 ταῖς

217 1354 437 1408 ἐπαρχίαις,
472 1347 526 1396 ὧν
548 1352 567 1394 ὃ
587 1354 659 1407 μέν
683 1355 832 1404 πλατὺς
857 1354 1049 1408 ὀχήμασιν
1068 1356 1205 1409 ἐχρῆτο
1216 1385 1230 1404 ,
1272 1352 1293 1394 ὃ
1316 1355 1359 1395 δὲ
1377 1352 1467 1403 ὀξὺς
1485 1350 1632 1404 ὕποζυ-

217 1422 316 1474 γιόις
332 1422 488 1468 ἵπποις·
521 1422 731 1476 βεραίδους
747 1422 888 1471 αὐτοὺς
908 1423 945 1463 οἶ
962 1425 1192 1477 κρατοῦντες
1213 1418 1436 1473 ὠνόμασαν,
1469 1421 1535 1460 καὶ
1561 1419 1632 1473 τὴν

217 1489 345 1528 αἰτίαν
376 1488 415 1527 ἓν
444 1493 525 1535 τοῖς
549 1489 636 1542 περὶ
663 1493 796 1541 μηνῶν
827 1490 936 1542 ἴσμεν
965 1488 1214 1540 ἀποθέμενοι.
1279 1491 1349 1540 τῆς
1374 1485 1450 1541 γὰρ
1471 1486 1632 1542 ἠπείρου

216 1554 355 1606 σχεδὸν
375 1551 530 1606 ἁπάσης
550 1551 621 1594 ὑπ)
648 1554 801 1606 αὐτοῖς,
835 1555 904 1597 οἰκ
925 1550 971 1608 ἦν
994 1555 1144 1609 εὐχερὲς
1163 1554 1212 1595 τὰ
1232 1553 1331 1609 πρὸς
1357 1552 1427 1606 τὴν
1451 1553 1502 1593 ἕω
1529 1558 1687 1605 oppa-20

215 1621 401 1672 βαίνοντα
423 1620 485 1662 ε’πὶ
504 1619 595 1670 τοὺς
613 1623 770 1677 κυρίους
790 1626 858 1667 τοῦ
876 1620 1156 1674 πολιτεύματος
1175 1619 1230 1671 ὥς
1246 1624 1395 1663 θᾶττον
1413 1618 1633 1675 ἀναφέρειν,

305 1758 329 1792 3
349 1754 653 1800 ἐπαγγειλάμενος
674 1758 788 1803 vulgo.
929 1759 951 1793 9
977 1755 1217 1803 ἔπιβλήματος
1243 1758 1294 1801 F,
1328 1747 1567 1800 ἐπιορήματος
1589 1756 1631 1791 C.

308 1803 349 1835 11
369 1800 599 1844 τεκνορέστης
616 1805 755 1836 λυ.εων
779 1803 820 1836 C.
958 1804 1000 1835 12
1021 1813 1140 1835 versus
1162 1807 1216 1835 est
1239 1802 1337 1836 Cass.
1359 1802 1416 1834 38.
1550 1799 1634 1834 ἔπο-

305 1847 369 1878 λον
391 1847 433 1890 C,
458 1851 492 1880 et
509 1858 585 1879 mox
606 1845 750 1890 ἐπολην.
870 1848 912 1880 16
935 1844 1139 1889 ὀξυδρομον
1157 1847 1200 1880 C.
1335 1847 1377 1883 19
1399 1857 1435 1881 v,
1459 1845 1502 1880 de
1520 1845 1632 1879 Mens.

306 1902 343 1935 p.
364 1891 418 1924 12.
552 1892 598 1927 20
617 1889 687 1926 ὑπ’
711 1889 837 1932 αὐτοῖς
852 1890 1047 1934 τελούσης-ἲ)

216 2011 346 2045 stinens
368 2023 478 2055 neque
500 2011 666 2046 moriendi
688 2013 882 2047 facultatem
903 2012 1043 2055 habens,
1069 2015 1143 2045 arte
1159 2014 1299 2045 mortem
1316 2009 1498 2055 quaesivit.
1542 2021 1634 2044 eum-

219 2057 287 2099 ptis
310 2056 426 2099 itaque
448 2057 680 2099 carnificibus,
707 2058 830 2102 viginti
850 2069 970 2091 aureos
992 2069 1030 2090 se
1053 2058 1207 2091 daturum
1227 2056 1431 2091 necessitato
1451 2054 1634 2100 pollicitus,

217 2100 250 2133 si
265 2101 355 2134 forte
376 2111 414 2133 se
437 2100 472 2133 in
496 2102 726 2136 deversorium
750 2108 883 2136 euntem
904 2102 1001 2145 sequi
1024 2101 1150 2144 velint,
1182 2100 1241 2134 ubi
1264 2113 1304 2134 eo
1327 2100 1442 2143 venit,
1474 2111 1634 2152 progres-

218 2155 288 2186 sus,
311 2145 388 2180 dum
411 2146 567 2180 custodes
589 2147 672 2181 foris
696 2147 955 2191 praestolantur,
983 2147 1018 2179 in
1035 2146 1189 2190 laqueum
1205 2145 1333 2178 inserto
1352 2144 1436 2178 collo
1456 2150 1529 2179 Vita
1547 2144 1636 2178 libe-

217 2195 311 2223 ratus
335 2194 399 2223 est.
446 2189 524 2224 inde
548 2202 620 2223 cum
643 2203 710 2224 non
734 2192 905 2237 prodiret,
936 2191 1084 2234 ingressi
1106 2190 1154 2223 illi
1178 2195 1213 2223 et
1232 2201 1431 2235 suspensum
1450 2188 1637 2233 conspicati

219 2235 366 2267 cadaver
387 2233 522 2277 quidem
543 2234 579 2268 in
602 2236 676 2268 foro
703 2237 900 2280 proiectum,
923 2236 1049 2280 quippe
1072 2236 1190 2278 utique
1214 2233 1360 2278 decepti,
1388 2233 1637 2276 conculcarunt,

218 2277 395 2313 facultates
419 2289 501 2311 vero
523 2278 595 2313 eius
619 2279 811 2325 diripuere,
846 2293 890 2315 ne
910 2280 970 2314 vili
992 2286 1186 2324 tegumento
1209 2279 1344 2323 quidem
1369 2279 1414 2314 ad
1431 2278 1637 2323 sepulturam

219 2334 294 2357 eum
307 2323 498 2366 dignantes.

309 2368 364 2402 61.
411 2368 612 2402 Huiusmodi
635 2370 818 2413 praeclaris
840 2370 1048 2404 facinoribus
1071 2370 1220 2405 intentus
1242 2369 1467 2411 Laestrygom
1490 2377 1552 2401 seu
1570 2377 1635 2410 po-

220 2412 289 2446 tius
311 2412 522 2452 infanticida,
545 2414 698 2457 perditor
720 2415 852 2458 patriae
875 2426 979 2457 meae,
1004 2420 1040 2448 ut
1057 2413 1262 2457 Lycopliron
1284 2413 1341 2446 ille
1361 2413 1420 2455 ait,
1441 2422 1562 2447 annum
1581 2411 1637 2444 in-

219 2462 351 2500 tegrum
374 2458 547 2500 Lydorum
568 2459 792 2493 vastationem
815 2459 1040 2493 continuavit.
1086 2469 1227 2503 parvum
1250 2463 1362 2492 autem
1383 2462 1419 2490 et
1441 2455 1510 2489 vile
1530 2467 1635 2500 repu-

219 2506 308 2543 tans,
332 2501 363 2535 si
385 2502 489 2536 solam
512 2502 643 2537 felicem
667 2509 745 2537 ante
768 2504 913 2547 Lydiam
934 2503 1067 2537 iniuriis
1089 2502 1292 2545 subiiceret,
1328 2512 1391 2546 per
1412 2506 1518 2536 totam
1540 2499 1638 2535 simul

220 2546 338 2581 Asiani
361 2547 453 2581 dorsi
481 2547 688 2592 provinciam
709 2548 916 2591 impietatem
940 2549 1123 2583 extendere
1144 2551 1298 2580 noverat.
1343 2546 1526 2580 secundum
1547 2545 1638 2578 anti-

221 2601 320 2634 quam
350 2591 458 2634 legem
486 2592 522 2626 in
550 2592 733 2636 provinciis
759 2593 846 2627 latus
870 2592 967 2625 simul
990 2599 1025 2626 et
1052 2592 1142 2625 celer
1173 2602 1289 2624 cursus
1319 2589 1496 2625 constituti
1526 2594 1638 2632 orant,

222 2647 361 2680 quorum
380 2636 436 2671 ille
458 2637 648 2682 carpentis,
678 2638 733 2670 hic
750 2643 861 2672 autem
883 2637 1082 2680 subiugibus
1103 2635 1199 2680 equis
1225 2635 1386 2676 (veredos
1409 2646 1467 2668 eos
1489 2633 1636 2678 impera-

222 2685 314 2713 tores
336 2693 526 2725 vocavere‚
559 2693 757 2725 causamque
783 2681 819 2715 in
848 2693 952 2726 opere
977 2683 1020 2715 de
1045 2681 1215 2714 mensibus
1239 2692 1259 2715 a
1281 2679 1379 2715 nobis
1399 2679 1539 2715 relatam
1561 2690 1638 2712 esso

222 2724 360 2767 scimus)
384 2727 554 2760 utebatur.
599 2727 726 2770 quippe
760 2731 833 2760 tota
865 2727 939 2760 fere
969 2726 1163 2760 continente
1194 2725 1237 2758 iis
1269 2724 1443 2767 subiecta,
1475 2734 1542 2757 non
1563 2728 1638 2756 erat

221 2768 335 2815 facile,
357 2782 444 2817 quae
466 2771 502 2808 in
525 2771 668 2808 Oriente
689 2771 894 2816 acciderant,
919 2771 963 2807 ad
979 2770 1152 2817 principes
1168 2769 1221 2805 rei
1238 2769 1394 2816 publicae
1411 2778 1512 2815 quam
1528 2766 1635 2804 celer-
