1748 3210
636 171 712 216 DE
746 171 930 217 OSTEN
932 171 1035 217 TIS.
1302 200 1304 202 -
1471 173 1568 219 353

114 282 229 341 λήσει
245 289 393 335 κακοῖς.
462 283 658 340 ἐκλείψεις
674 303 716 329 τε
735 288 964 342 σεληνιακαὶ
985 285 1142 329 ἔσονται
1150 317 1164 338 ,
1199 283 1259 329 ὅτι
1279 283 1447 342 σελήνης
1465 285 1570 338 οἶκος

115 353 137 397 ὃ
167 354 365 411 καρκίνος.
434 355 579 396 πλείων
615 355 659 397 δὲ
684 354 802 412 ὕβρις
829 357 982 411 γυναιξὶ
1008 353 1232 411 γενήσεται,
1266 357 1332 397 καὶ
1354 354 1569 412 διαφερόν-

114 438 194 472 τως
217 427 306 472 ταῖς
325 420 647 478 ἓταιριζομέναις,
682 422 742 466 ὅτι
762 427 870 478 θῆλυ
889 422 1030 483 ζῴδιον
1052 422 1073 466 ὃ
1095 425 1301 481 καρκίνος,
1336 425 1402 466 καὶ
1418 424 1570 481 Ἀφρο-

115 491 247 545 δίτης,
283 487 344 532 ὅτι
367 490 514 533 ταύτὸν
525 490 744 548 Ἀφροδίτη
762 491 921 549 σελήνῃ.

79 565 103 604 5
241 556 336 600 ’Ήλ
352 577 365 600 ι
379 575 400 600 ο
416 576 436 609 ς
469 561 495 603 λ
506 559 528 602 ε’
538 576 560 601 ο
573 578 595 602 ν
607 577 631 602 τ
646 578 672 602 ι.
706 561 776 602 ἐὰν
793 559 917 611 σάλος
933 560 1092 616 γένηται
1102 591 1116 610 ,
1153 557 1225 603 οὐκ
1244 558 1403 615 ἀγαθὸν
1418 559 1480 602 ἐπὶ
1497 560 1572 613 μὲν

109 630 185 682 τῆς
207 625 344 677 Ἀσίας
366 627 533 684 Φοινίκῃ
553 626 663 684 πάσῃ
685 630 753 671 καὶ
766 629 956 688 Ὀρχηνίᾳ
966 661 979 680 ,
1009 629 1072 670 ἐπὶ
1096 628 1139 670 δὲ
1159 632 1229 683 τῆς
1244 626 1444 682 Εὐρώπης
1468 627 1572 670 Ἰτα-

110 698 195 745 λοῖς
210 713 251 738 τε
273 696 340 738 καὶ
364 698 542 746 Σικελοῖς
561 698 630 738 καὶ
648 698 690 737 Γ
686 696 822 747 ἄλλοις
830 729 844 749 ,
873 696 929 740 ἔτι
948 714 991 752 γε
1012 697 1094 752 μὴν
1115 698 1181 738 καὶ
1200 695 1344 752 Λιβύῃ
1369 694 1479 754 πάσῃ
1499 696 1572 738 οὐκ

111 761 291 819 ἀγαθόν·
325 764 377 806 τὰ
399 764 476 821 γὰρ
493 764 736 819 βοσκήματα
755 768 859 823 λιμῷ
880 764 1151 822 φθαρήσεται,
1183 765 1383 821 ε’πομβριά
1403 765 1446 806 δὲ
1463 765 1574 807 ἔσται

111 833 180 874 καὶ
211 831 387 890 ἀκρίδων
419 832 535 889 νέφη.
602 831 624 875 ὃ
651 834 697 878 δὲ
719 832 927 888 λεγόμενος
947 837 1124 889 βροῢχος
1146 839 1230 883 τοῖς
1249 840 1418 889 καρποῖς
1440 836 1574 886 λυμα-

0 912 1 915 ’
56 909 102 945 10
112 907 234 943 νεῖται
244 931 258 952 ,
297 902 456 957 φθοραὶ
489 901 532 943 δὲ
559 899 715 943 ἔσονται
748 901 905 959 ἀνδρῶν
913 933 927 953 ,
964 899 1018 952 ὥς
1047 899 1179 942 πάντα
1203 900 1317 955 ἐγγὺς
1335 905 1574 955 μονωθῆναι

109 968 162 1011 τὰ
183 969 422 1012 συνοικέσια.
490 969 529 1010 οἱ
550 970 595 1010 δὲ
614 970 766 1018 λέοντες
787 971 828 1012 ἐν
850 966 911 1020 οἷς
926 970 1099 1025 γίνονται
1111 970 1278 1026 χωρίοις
1296 970 1573 1026 φονικωτέρως

109 1036 204 1079 κατ’
237 1037 396 1093 ἀνδρῶν
426 1034 671 1093 ὁρμήσουσι·
706 1044 791 1087 τοῖς
819 1038 863 1080 δὲ
893 1039 934 1080 ἐν
961 1035 1022 1088 οἷς
1043 1037 1090 1080 οὗ
1113 1036 1314 1094 πεφύκασι
1339 1039 1572 1094 φαίνεσθαι,

109 1103 279 1162 πυρετὸς
300 1103 392 1155 ὀξὺς
415 1105 667 1148 ἐπιπεσεῖται.
721 1105 759 1147 οἱ
783 1106 826 1148 δὲ
844 1105 1006 1162 ἄρρενες
1024 1109 1160 1148 πλεῖον
1177 1103 1445 1160 αἰσθήσονται
1464 1103 1572 1158 βλά-

107 1177 208 1228 βης,
245 1173 313 1215 καὶ
342 1171 520 1227 μάλιστα
545 1174 582 1216 οἳ
603 1173 706 1231 πρὸς
728 1173 938 1230 ἀνίσχοντα
964 1175 1099 1230 ἥλιον,
1136 1172 1197 1217 ὅτι
1220 1173 1342 1231 ἄρρεν
1363 1175 1430 1216 καὶ
1453 1172 1571 1228 ἡλια-

56 1247 100 1286 1⁵
110 1240 179 1285 κὸν
196 1239 338 1299 ζῴδιον
358 1238 379 1282 ὅ
402 1242 514 1283 λέων.

235 1307 331 1352 ’Ἠλ
346 1327 359 1350 ι
373 1325 394 1350 ο
410 1327 430 1359 ς
462 1327 492 1350 π
506 1326 531 1351 α
547 1326 570 1366 ρ
583 1313 617 1350 θ
631 1308 652 1352 ε’
662 1327 684 1352 ν
697 1325 744 1368 ῳ.
792 1307 906 1364 ἡλίου
940 1311 1004 1352 ε’πὶ
1037 1309 1110 1365 τὴν
1143 1309 1348 1367 παρθένον
1378 1307 1506 1359 ἰόντος
1538 1311 1573 1353 εἰ

109 1375 234 1428 σάλος
273 1378 429 1433 γένηται
439 1410 452 1429 ,
492 1376 638 1428 Ἑλλὰς
671 1377 816 1433 Ἀχαΐα
855 1377 1000 1435 Κρήτη
1034 1378 1239 1431 Βαβυλών
1270 1379 1570 1432 Μεσοποταμία

103 1444 298 1502 Ἀσσυρία
324 1463 366 1490 τε
396 1449 463 1488 καὶ
491 1445 704 1497 Κυκλάὸἐες
732 1451 846 1501 νῆσοι
867 1447 914 1489 οὐ
934 1449 1116 1504 μετρίαις
1140 1451 1443 1503 περιπεσοῧνται
1466 1464 1571 1500 συμ-

110 1521 280 1572 φοραῖς·
299 1513 496 1569 χάσματα
517 1514 594 1571 γὰρ
617 1514 711 1556 κατ’
737 1515 864 1566 αὐτὰς
885 1514 1112 1571 γενήσεται,
1148 1517 1189 1556 οἵ
1209 1533 1250 1557 τε
1267 1522 1394 1570 γονεῖς
1409 1513 1571 1572 θρηνή-

55 1590 250 1627 Ξθσονται
280 1583 376 1633 τοὺς
402 1581 555 1626 ἑαυτῶν
579 1584 747 1633 παῖδας·
794 1583 868 1639 οὐχ
900 1583 1046 1639 ἥκιστα
1077 1585 1120 1626 δὲ
1142 1587 1335 1638 χειμῶνες
1367 1585 1479 1639 ξηροὶ
1505 1584 1573 1625 καὶ

110 1651 324 1709 παρθένων
346 1650 678 1709 ἀνδραποδισμοί.
713 1650 739 1706 ἢ
762 1652 805 1694 δὲ
824 1653 938 1694 ἐλαία
956 1652 1057 1710 πρὸς
1072 1658 1156 1703 τοῖς
1175 1651 1312 1702 ἄλλοις
1331 1656 1401 1694 τοῦ
1420 1656 1571 1709 φθινο-

203 1770 222 1804 1
246 1767 378 1814 σελήνη
402 1765 503 1811 οἶκος
523 1768 700 1814 καρκίνον
721 1769 760 1804 S.
853 1770 877 1805 3
899 1766 1394 1814 Ἀφροδίτης-Ἀφροδίτη]
1411 1764 1573 1812 ’Ἄρης-

191 1810 299 1860 Ἀρης
323 1815 363 1849 S.
500 1816 523 1849 4
544 1813 693 1859 σελήνης
711 1815 758 1849 R.
883 1817 904 1850 8
930 1814 1196 1859 φθαρήσονται
1218 1817 1259 1850 S.
1374 1816 1396 1849 9
1422 1811 1441 1848 ὁ
1468 1813 1510 1848 δέ
1534 1825 1573 1857 γε

201 1860 361 1907 βροῦχος
383 1860 429 1895 S.·
563 1862 607 1895 10
628 1858 785 1894 πάντων
803 1858 1085 1906 ἕγγνμνωθῆναι
1104 1862 1178 1895 Rs.
1319 1860 1361 1895 13
1382 1857 1504 1902 πυρὰς
1526 1860 1571 1894 C.

201 1905 308 1988 ἕνεί
327 1905 636 1988 Ιυἷιὲοοίιινίσχονιτε.ς
653 1903 744 1956 ἡλίῳ
762 1907 804 1941 S.
943 1907 986 1942 18
1004 1906 1165 1952 μετρίοις
1185 1905 1224 1942 S.
1367 1906 1411 1941 19
1428 1903 1572 1950 θρηνή-

112 2053 350 2095 vexabuntur;
383 2054 552 2096 eruntque
576 2051 792 2087 defectiones
824 2052 947 2096 lunae,
982 2052 1065 2098 quia
1087 2052 1188 2087 lunae
1213 2052 1332 2087 domus
1356 2054 1411 2086 est
1432 2062 1569 2086 cancer.

111 2098 222 2133 maior
242 2103 356 2133 autem
379 2098 524 2132 offensio
548 2098 684 2132 accidet
705 2097 925 2142 mulieribus,
959 2104 995 2132 et
1016 2097 1204 2144 praecipue
1231 2097 1276 2132 iis
1298 2109 1388 2142 quae
1409 2097 1569 2133 meretri-

113 2144 203 2178 cium
222 2144 372 2180 faciunt:
397 2144 527 2190 quippe
549 2143 735 2178 femineum
756 2144 893 2189 signum
911 2155 1037 2180 cancer
1056 2149 1092 2179 et
1110 2143 1241 2179 Veneri
1258 2143 1455 2189 proprium:
1479 2143 1572 2178 idem

113 2189 204 2226 enim
230 2194 286 2225 est
305 2190 424 2226 Venus
448 2190 540 2234 quod
562 2189 655 2225 luna.

205 2235 288 2270 Sol
320 2235 471 2271 leone.
520 2234 698 2288 quassatio
726 2234 758 2268 si
786 2234 844 2279 fit,
878 2235 1085 2279 infaustum,
1117 2240 1152 2269 et
1181 2234 1218 2269 in
1247 2234 1332 2271 Asia
1358 2233 1572 2268 Phoeniciae

113 2281 207 2317 omni
230 2286 267 2316 et
289 2281 506 2324 Orchmiae,
528 2292 566 2315 111
588 2280 733 2326 Europa
749 2280 846 2317 Italis
866 2280 992 2316 Siculis
1013 2280 1145 2324 Gallis,
1167 2281 1304 2327 Libyae
1324 2291 1460 2327 quoque
1480 2279 1574 2313 omni

112 2327 251 2363 minime
273 2327 412 2363 bonum.
459 2338 537 2363 nam
560 2337 689 2373 pecora
711 2326 828 2362 inedia
851 2326 1061 2368 interibunt3
1085 2327 1249 2371 ingruent
1271 2326 1398 2361 imbres
1419 2331 1455 2359 et
1474 2325 1572 2359 locu-

111 2378 243 2408 starum
276 2374 398 2408 nubes.
445 2372 595 2407 bruchus
628 2371 688 2416 qui
721 2377 865 2407 vocatur
895 2373 1053 2417 frugibus
1086 2373 1244 2413 nocebit3
1281 2371 1394 2405 clades
1418 2371 1573 2406 virorum

113 2425 233 2463 erunt,
266 2430 306 2453 us
334 2430 376 2452 ue
406 2419 451 2455 ad
482 2418 591 2454 omnis
621 2418 696 2451 fere
726 2417 879 2462 coniugii
915 2418 1173 2454 diiunctionem.
1229 2417 1348 2451 leones
1381 2417 1418 2450 in
1448 2417 1574 2461 quibus

114 2430 429 2508 nascuntur-(locis,
456 2464 595 2500 saevius
618 2462 774 2498 homines
795 2463 980 2500 invadent:
1011 2463 1048 2499 in
1064 2464 1150 2507 ,locis
1175 2463 1236 2497 ubi
1259 2468 1382 2497 natura
1405 2474 1474 2497 non
1498 2461 1573 2497 exi-

115 2515 230 2555 stunt,
265 2510 375 2545 febris
398 2516 499 2545 acuta
522 2509 760 2555 superveniet.
807 2509 917 2554 magis
939 2513 1053 2545 autem
1074 2509 1302 2544 calamitatem
1325 2508 1479 2543 sentient
1501 2519 1573 2541 ma-

116 2566 193 2599 res,
227 2559 264 2590 et
288 2556 433 2590 maxime
457 2555 518 2601 qui
543 2557 588 2593 ad
612 2554 782 2591 orientem
805 2555 911 2590 solem
934 2559 1048 2591 terras
1072 2555 1206 2598 colunt,
1231 2553 1314 2600 quia
1335 2553 1520 2590 masculum
1540 2557 1578 2589 et

117 2599 231 2638 solare
251 2600 384 2646 signum
406 2601 462 2637 leo
489 2607 554 2637 est.

209 2646 287 2681 Sol
318 2646 515 2691 virgine.
564 2647 616 2684 sol
645 2647 782 2693 quando
811 2647 856 2681 ad
877 2646 1050 2691 virginem
1078 2645 1234 2689 accedit,
1267 2645 1299 2679 si
1325 2645 1366 2680 fit
1387 2644 1578 2691 quassatio,

118 2692 292 2736 Graecia,
330 2691 480 2737 Achaia,
521 2693 650 2737 Creta,
684 2692 863 2738 Babylon,
897 2692 1168 2741 Mesopotamia,
1204 2691 1372 2735 Assyria,
1404 2690 1578 2734 Cyclades

118 2736 252 2775 insulae
270 2738 307 2772 in
329 2750 398 2775 non
420 2738 609 2777 mediocria
627 2739 783 2775 incident
801 2739 901 2775 mala.
950 2750 1027 2773 nam
1051 2737 1146 2772 labes
1170 2743 1288 2773 terrae
1312 2737 1363 2772 ibi
1385 2737 1491 2779 fient3
1515 2747 1578 2783 pa-

118 2789 236 2820 rentes
258 2783 353 2819 luctu
370 2792 624 2832 prosequentur
646 2785 759 2828 filios3
783 2797 847 2822 nec
865 2784 1003 2822 minime
1027 2784 1156 2819 hiemes
1179 2784 1294 2818 siccae
1319 2788 1443 2826 erunt,
1467 2787 1504 2817 et
1522 2793 1578 2816 re-

119 2827 283 2874 digentur
302 2830 340 2864 in
362 2830 566 2868 servitutem
599 2830 770 2878 virgines.
819 2836 959 2879 praeter
982 2830 1068 2866 alios
1093 2830 1227 2865 fructus
1251 2828 1465 2865 autumnales
1488 2826 1582 2863 oliva

179 2885 326 2919 loannes
350 2883 482 2928 Lydus.
1252 2880 1308 2919 23
