1748 3210
211 197 308 242 228
721 194 942 238 IOANNIS
988 194 1118 237 LYDl

205 306 439 363 Ἀντιόχειαν
457 307 637 362 (Νίσιβιν
655 305 776 358 αῧτὴν
803 303 953 354 ἑλόντες
977 301 1236 358 mundatum
1253 304 1290 346 οἱ
1310 303 1486 360 Πέρσαι)
1510 319 1633 345 κατα-

213 382 362 432 φυγεῖν,
383 375 431 429 ἣν
449 376 515 416 καὶ
534 373 655 426 αὐτὴν
674 372 861 413 ἀπέλιπον
879 371 923 414 τὸ
943 374 1156 425 τηνικαῦτα
1175 371 1283 424 δίκην
1302 369 1538 428 πρηστήρων
1557 374 1634 412 τῶν

207 441 411 495 Ῥωμαίων
431 441 563 488 αὐτοῖς
583 439 840 492 ἐπικειμένων.

350 507 427 551 35.
494 505 656 559 Ταύτης
682 500 751 546 οὖν
779 509 849 559 τῆς
877 504 1024 553 ἓννοιάς
1053 501 1075 544 ὃ
1101 504 1396 552 Κωνσταντῒνος
1418 499 1634 557 γενόμενος,

216 577 281 617 καὶ
309 574 486 628 ὕπαρχον
516 572 578 612 ἐπὶ
607 576 679 625 τῆς
699 572 749 614 ἕω
766 569 1065 628 χειροτονήσας,
1105 568 1379 624 διαψηφιστὰς
1397 569 1503 625 αὐτῷ
1521 580 1666 613 κατε-5

215 639 388 693 στήσατο
411 642 489 681 τῶν
511 637 646 694 φόρων
674 638 824 695 ἄνδρας
853 639 1078 691 αι’δεσίμους
1103 638 1168 679 καὶ
1187 637 1274 692 περὶ
1296 633 1510 688 λεπτότητα
1529 638 1636 690 λογι-

215 710 327 759 σμῶν
347 706 783 761 παρασκευασαμένους.
849 707 1030 760 ι’διωτικῷ
1058 706 1187 746 τοίνυν
1203 700 1375 756 σχήματι
1394 699 1640 754 στελλόμενοι

213 777 398 828 παρῆσαν
419 774 459 813 ἐν
480 777 535 829 τῷ
559 773 818 829 δικαστηρίῳ,
852 772 974 825 μηδὲν
1009 772 1138 827 ἕτερον
1170 769 1280 825 παρὰ
1308 768 1402 817 τοὺς
1430 766 1641 822 λογισμοὺς

215 839 293 882 ἀνὰ
309 845 445 895 χεῖρας
461 837 625 892 ἔχοντες,
659 837 890 894 σκρινιάριοι
907 839 1210 893 χρηματίζοντες
1228 836 1334 891 (ἀντὶ
1350 838 1422 876 τοῦ
1435 832 1642 890 χαρτοφῦ-

215 906 374 958 λακες),
409 905 468 945 ὅτι
497 907 666 961 σκρινιόν
695 906 766 958 τὴν
800 903 1032 961 δρυφάκτην
1052 903 1231 960 λάρνακα
1250 901 1438 954 Ῥωμαῖοι
1454 904 1640 943 καλοῦσι·
1654 913 1695 947 10

219 974 284 1014 καὶ
305 972 489 1024 διέμεινεν
513 969 539 1024 ἢ
569 972 812 1027 προσηγορία
836 971 939 1027 παρ’
963 971 1099 1019 αὐτοῖς
1117 969 1234 1023 μόνη.
1300 968 1346 1010 οὗ
1365 968 1445 1022 μὴν
1460 969 1501 1009 ἐν
1521 983 1645 1023 στρα-

218 1040 303 1096 τεία
321 1039 526 1088 ἐτέλεσαν,
561 1038 652 1079 οὐδὲ
684 1039 755 1092 τὴν
785 1040 950 1079 ἴδιωτῶν
979 1036 1100 1091 τύχην
1120 1038 1309 1090 ἐξῆλθον,
1343 1033 1398 1084 ὥς
1418 1034 1460 1076 αἱ
1479 1035 1647 1076 παλαιαὶ

221 1103 454 1146 διδάσκουσι
471 1104 675 1159 μάτρικες.
736 1106 802 1145 ἐπὶ
833 1106 875 1145 δὲ
911 1105 1124 1146 Θεοδοσίου
1152 1107 1224 1145 τοῦ
1250 1099 1435 1158 πρώτου,
1469 1098 1523 1150 ὥς
1543 1099 1647 1142 εἶδον

220 1169 386 1219 ἑαυτοὺς
406 1171 478 1223 μὲν
497 1170 767 1223 ἠμελημένους
789 1170 882 1219 τοὺς
911 1171 954 1211 δὲ
975 1175 1044 1223 τῆς
1063 1168 1209 1219 τάξεως
1228 1170 1469 1216 διοικοῦντας
1483 1165 1570 1209 τότε
1595 1166 1647 1208 τὰ

219 1235 456 1291 πράγματα,
496 1234 661 1285 ἑαυτοὺς
684 1235 975 1292 ὁιαγράψαντες
1001 1237 1066 1277 καὶ
1088 1236 1254 1290 χρυσίον
1281 1237 1336 1283 εἷς
1361 1235 1529 1289 φίλτρας
1555 1236 1645 1281 δια-
1658 1245 1700 1279 15

219 1304 454 1358 θροίσαντες
485 1301 708 1356 ἐδεήθησαν
736 1307 808 1356 τῆς
832 1303 1035 1355 βασιλείας
1065 1304 1415 1357 συναριθμηθῆναι
1441 1304 1491 1355 τῇ
1519 1299 1648 1349 τάξει·

223 1370 289 1410 καὶ
311 1368 512 1421 τυχόντες,
555 1371 622 1410 καὶ
647 1370 719 1419 τὰς
745 1370 955 1424 λεγομένας
981 1369 1249 1424 προβατοριάς
1277 1363 1554 1422 πορισάμενοι,
1594 1368 1651 1416 εἰς

221 1436 294 1489 μὲν
316 1434 564 1491 ἀδιούτωρας
583 1436 729 1489 (οἱονεὶ
750 1437 956 1490 βοηθοὺς)
989 1435 1262 1489 ἀνηνέχθησαν
1292 1434 1361 1475 ἴσα
1390 1439 1472 1482 τοῖς
1502 1432 1651 1483 ἄλλοις,

222 1502 268 1544 τὸ
290 1502 333 1542 δὲ
351 1502 665 1556 Αὖγουσταλίων
684 1502 811 1556 ὄνομα
830 1502 1035 1558 πριάμενοι
1051 1503 1189 1554 τιμίως
1199 1532 1211 1551 ,
1246 1500 1338 1556 ἄχρι
1357 1501 1537 1549 Λέοντος
1559 1497 1652 1542 ὡσεὶ

223 1569 326 1621 μηδὲ
347 1567 648 1624 στρατευόμενοι
678 1568 770 1611 ὅσον
792 1569 891 1625 πρὸς
911 1570 1003 1618 τοὺς
1022 1569 1099 1610 ἀπὸ
1119 1572 1190 1621 τῆς
1206 1567 1351 1617 τάξεως
1371 1567 1650 1620 ἐνομίσθησαν.
1659 1576 1705 1610 20

225 1635 319 1675 οὐδὲ
338 1635 415 1688 γὰρ
438 1633 540 1675 οἶδεν
559 1635 704 1685 αὖτοῦς
719 1634 744 1689 ἦ
759 1635 964 1689 Ῥωμαίων
984 1633 1222 1688 παλαιότης·
1256 1633 1352 1676 ὅθεν
1367 1638 1437 1687 τῆς
1455 1633 1581 1690 ἀρχῆς
1597 1632 1654 1674 ἔτι

227 1702 293 1742 καὶ
313 1704 382 1743 νῦν
399 1701 461 1741 ἐπὶ
479 1705 550 1742 τοῦ
563 1700 746 1755 βήματος
766 1701 981 1759 προϊούσης
1001 1700 1207 1752 ἐξόπισθεν
1218 1699 1515 1756 ὑποχωροῦντες
1531 1700 1654 1755 παρέ-

316 1836 338 1871 5
361 1836 590 1880 διαψηφίσας
618 1837 663 1871 C.
845 1839 889 1874 14
915 1849 1000 1872 τατε
1031 1838 1074 1872 C.
1256 1839 1300 1873 16
1322 1834 1586 1880 διαθρύσαντες
1611 1835 1654 1869 C.

316 1883 360 1916 17
378 1881 641 1926 πραιβατορίας
662 1882 706 1916 C.

227 2005 296 2035 tem
325 2000 499 2044 (Nisibim
518 2012 591 2035 eam
607 2001 760 2044 Persae,
793 2005 971 2046 postquam
994 2013 1138 2046 cepere,
1169 2002 1405 2047 appellarunt)
1433 2002 1678 2046 confugeret3·

226 2057 327 2090 quam
349 2051 385 2079 et
406 2046 515 2090 ipsam
531 2045 714 2091 reliquere,
736 2045 910 2080 fulminum
927 2047 1037 2081 instar
1053 2053 1123 2081 tum
1143 2059 1202 2081 eos
1221 2046 1419 2091 urgentibus
1435 2046 1611 2080 Romanis.

315 2111 374 2146 35.
418 2112 496 2145 Hac
517 2111 624 2156 igitur
644 2118 756 2147 mente
774 2124 849 2148 cum
867 2117 960 2146 esset
977 2113 1221 2148 Constantinus
1237 2114 1514 2158 praefectumque
1529 2113 1656 2147 Orien-

227 2155 273 2190 tis
296 2162 468 2198 creasset,
502 2156 687 2191 rationales
709 2157 759 2191 illi
779 2158 983 2191 tributorum
1001 2159 1197 2201 constituit,
1224 2159 1317 2192 viros
1335 2158 1550 2192 venerabiles
1568 2163 1604 2192 et
1622 2158 1658 2192 in

226 2200 395 2235 rationum
418 2200 664 2235 subtilitatibus
693 2202 912 2236 exercitatos.
958 2203 1094 2246 privato
1113 2203 1229 2248 itaque
1248 2203 1367 2237 habitu
1389 2209 1524 2237 utentes
1546 2203 1582 2236 in
1603 2203 1654 2236 iu-

227 2245 319 2279 dicio
344 2245 506 2288 aderant,
530 2243 614 2279 nihil
637 2245 727 2280 aliud
749 2252 889 2291 praeter
910 2247 1062 2281 rationes
1080 2248 1116 2282 in
1137 2248 1290 2282 manibus
1308 2249 1492 2290 habentes,
1516 2254 1552 2281 et
1571 2247 1658 2281 scri-

229 2289 333 2323 niarii
353 2289 407 2332 (id
425 2295 479 2323 est
503 2289 801 2334 chartophylaces)
827 2291 1046 2336 dicebantur,
1082 2293 1163 2337 quia
1183 2293 1342 2326 scrinium
1369 2292 1586 2326 cancellatum
1608 2292 1658 2326 ci-

229 2340 316 2368 stam
345 2334 491 2367 Romani
516 2340 662 2375 vocant3
693 2337 883 2380 mansitque
904 2337 948 2370 iis
971 2349 1092 2371 nomen
1112 2342 1253 2371 tantum.
1301 2349 1412 2382 neque
1434 2349 1518 2371 vero
1541 2336 1661 2370 militia

227 2380 479 2422 fungebantur,
512 2389 624 2423 neque
648 2380 857 2424 privatorum
883 2382 1082 2416 condicione
1115 2388 1352 2425 excesserant,
1384 2382 1660 2426 quemadmodum

229 2423 392 2468 antiquae
418 2423 576 2458 matrices
597 2425 733 2459 docent.
780 2427 844 2460 sub
862 2426 1060 2460 Theodosio
1083 2428 1192 2480 primo
1215 2433 1347 2469 autem,
1382 2437 1456 2460 cum
1482 2438 1520 2460 se
1540 2426 1658 2470 negle-

230 2474 325 2511 ctos,
351 2467 518 2502 officiales
535 2479 619 2502 vero
637 2474 707 2502 tum
727 2481 783 2503 res
801 2471 1040 2506 administrare
1060 2473 1235 2514 vxderent,
1269 2471 1358 2505 datis
1377 2471 1467 2504 inter
1489 2483 1527 2504 se
1551 2471 1658 2505 nomi-

230 2513 332 2546 nibus
356 2518 392 2547 et
414 2512 554 2565 collecto
578 2513 613 2547 in
630 2513 825 2549 illecebram
846 2526 941 2559 auro,
964 2519 1007 2551 ab
1030 2517 1246 2562 imperatore,
1266 2522 1304 2550 ut
1325 2516 1440 2550 officio
1459 2526 1659 2550 annumera-

231 2563 370 2600 rentur,
403 2563 620 2602 petiverunt3
657 2569 725 2603 qua
746 2570 785 2592 re
806 2560 1009 2604 impetrata,
1042 2561 1313 2606 comparatisque
1338 2572 1421 2605 quas
1446 2561 1659 2605 probatorius

232 2607 376 2646 vocant,
408 2603 445 2636 in
463 2602 635 2637 adiutores
664 2603 726 2646 (id
755 2609 808 2638 est
829 2604 1019 2650 βοηθοὺς)
1043 2607 1178 2651 quidem
1201 2607 1325 2640 ceteris
1350 2607 1480 2650 pariter
1502 2605 1657 2650 provecti

230 2652 321 2689 sunt,
343 2647 576 2691 Augustalium
597 2659 680 2682 vero
699 2659 822 2683 nomen
838 2661 959 2693 magno
980 2658 1180 2694 mercantes,
1204 2652 1247 2685 ad
1264 2652 1416 2685 Leonem
1431 2662 1540 2695 usque
1559 2650 1656 2695 quasi

230 2692 366 2725 omnino
388 2703 455 2725 non
479 2691 671 2735 militantes,
695 2698 855 2738 quantum
876 2696 919 2729 ad
937 2695 1115 2739 officiales,
1136 2696 1286 2741 reputati
1303 2702 1394 2730 sunt.
1440 2707 1551 2740 neque
1568 2694 1655 2728 enim

229 2736 329 2770 novit
352 2747 412 2770 eos
439 2737 592 2771 Romana
619 2738 825 2783 antiquitas3
856 2741 946 2774 unde
977 2741 1173 2784 etiamnum,
1206 2742 1422 2787 praefectura
1450 2741 1486 2774 in
1507 2739 1655 2774 tribunal

228 2781 487 2826 progrediente,
516 2788 610 2818 retro
635 2783 836 2818 recedentes
866 2784 962 2821 iuxta
989 2792 1193 2832 sequuntur,
1226 2786 1299 2821 solo
1321 2785 1436 2822 officio
1459 2783 1655 2830 compositis
