1748 3210
232 186 327 232 230
523 210 530 231 -1
747 185 966 228 IOANNIS
994 185 1124 227 LYDI

229 297 389 355 ηγορίας
406 292 494 341 ὧδε.
560 295 681 353 (37)
716 295 760 338 τὸ
783 297 872 351 πρὶν
900 293 1000 336 καθ’
1030 293 1182 348 ὁμαλοῦ
1207 295 1247 339 ἓν
1270 302 1349 348 τοῖς
1367 298 1641 354 δικαστηρίοις,

225 365 358 421 ὥσπερ
379 365 433 408 ἔτι
455 367 518 407 καὶ
537 369 605 406 νῦν
625 365 664 404 ἓν
683 369 764 411 τοῖς
792 364 1010 416 ἐπιχωρίοις
1029 363 1152 414 ἐστίν,
1190 362 1315 418 ἔρυμα
1341 367 1404 406 καὶ
1432 364 1485 414 (ὃς
1513 365 1560 407 ἄν
1585 382 1643 415 τις

223 433 321 474 εἴποι
341 431 574 487 διάφραγμα
592 429 812 484 ξυλουργές,
846 428 923 469 ἀπὸ
947 428 1144 481 σχιδάκων
1163 434 1325 483 μακρῶν
1346 431 1640 486 ἄντιπλαγιαζο-

221 500 349 552 με’νων
375 498 441 552 ἐφ’
476 495 618 545 αὖτοὺς
647 498 712 537 καὶ
736 495 922 550 διόπτρας
942 495 1131 545 ὀξυτελεῖς
1153 494 1335 552 καθάπερ
1360 497 1517 541 δικτύου
1541 498 1645 547 τινὸς

164 573 167 575 ’
221 562 514 606 ἀποτελούντων
523 594 535 613 ,
571 564 631 603 ἐπὶ
657 563 779 616 μέσου
812 563 964 604 διέτεινε
990 567 1062 604 τοῦ
1090 565 1363 618 δικαστηρίου,
1390 566 1556 620 χωρίζον
1575 565 1676 609 τὸνό

223 629 395 685 ἄρχοντα
418 634 495 670 τῶν
513 628 588 670 ὖπ.
601 659 611 670 .
623 660 634 670 .
652 628 862 684 κάγκελλον
882 630 977 672 αὐτὸ
997 630 1034 671 οἳ
1048 629 1234 683 Ῥωμαῖοι
1259 633 1444 671 καλοῦσιν
1459 628 1644 686 ὑποκορι-

220 700 363 745 στικῶς
385 695 468 737 ἀντὶ
489 701 560 738 τοῦ
580 695 796 747 δικτύδιον,
831 695 891 738 ὅτι
919 695 1185 751 πρωτοτύπως
1213 695 1496 750 κάσσηςαῧτοὶ
1513 696 1564 740 τὰ
1583 699 1645 738 δί-

219 780 319 805 κτυα
339 763 536 817 λέγουσιν,
580 762 889 820 ὑποκοριστικῶς
919 765 961 804 δὲ
992 764 1239 818 καγκέλλους.
1307 764 1370 804 ἐπὶ
1398 760 1539 806 τούτου
1573 767 1646 807 τοῦ

219 828 491 882 διατμήματος
514 831 675 872 ἵσταντο
697 829 767 872 δύο
791 829 1062 885 καγκελλάριοι
1089 832 1131 872 ἐκ
1160 834 1232 872 τοῦ
1252 827 1482 886 πράγματος
1503 831 1646 885 ἐπιφη-

217 895 441 950 μιζόμενοι,
477 897 531 937 δι’
559 891 636 947 ὧν,
669 898 748 938 ἐπεὶ
781 899 926 950 μηδεὶς
948 897 1110 954 ἔθ’ᾴρρει
1145 897 1235 938 ἀλλ’
1269 897 1361 938 οὐδὲ
1392 903 1699 951 συνεχωρεῖτοιο

217 967 478 1018 προσψαῧσαι
499 967 555 1019 τῷ
572 962 743 1016 βήματι,
779 966 819 1004 οἵ
842 981 881 1004 τε
915 964 1013 1018 πρὸς
1037 962 1274 1019 ὑπογραφὴν
1291 962 1439 1018 χάρται
1466 966 1516 1017 τῇ
1544 963 1647 1018 ἀρχῇ

216 1030 505 1085 προσεφέροντο
537 1029 562 1082 ἢ
592 1047 631 1071 τε
658 1034 735 1072 τῶν
764 1030 983 1084 ἀναγκαίων
1015 1031 1179 1085 ἐγίγνετο
1201 1029 1380 1083 μήνυσις.
1447 1029 1539 1070 ἀλλ’
1569 1028 1646 1083 ἤδη

216 1094 407 1152 πρότερον
428 1098 482 1144 εἷς
502 1100 658 1149 πλῆθος
679 1101 750 1138 τοῦ
769 1095 992 1149 ἀξιώματος
1010 1096 1282 1152 ὑβρισθέντος,
1303 1097 1348 1137 τὸ
1367 1096 1438 1148 μὲν
1457 1094 1646 1148 δημόσιον

217 1161 410 1216 ἀνήρτησε
431 1163 502 1214 τὴν
523 1163 709 1211 ἐπίδοσιν,
741 1161 881 1210 πάντες
911 1163 953 1203 δὲ
978 1163 1118 1214 σχεδὸν
1139 1163 1176 1203 οἶ
1198 1161 1378 1204 ὁπωσοῦν
1397 1191 1430 1202 ..
1443 1191 1454 1202 .
1479 1163 1645 1216 περικεί-

215 1244 326 1282 μενοι
345 1226 616 1282 καγκελλάριοι
636 1229 734 1269 καθ’
759 1226 864 1281 ἡμᾶς
881 1230 1186 1283 χρηματίζουσι·
1208 1230 1272 1269 καὶ
1290 1228 1360 1270 οὐκ
1382 1227 1492 1268 αὐτοὶ
1509 1227 1643 1280 μόνον,
1657 1245 1698 1280 15

215 1294 321 1335 ἀλλὰ
352 1295 425 1338 καὶ,
448 1294 484 1335 οἱ
513 1296 553 1335 ἐν
585 1301 671 1343 ταῖς
703 1296 908 1349 ἐπαρχίαις
935 1298 1267 1348 χαλκολογοῦντες
1289 1295 1333 1335 τὸ
1361 1296 1645 1349 καγκελλαρίων

215 1358 497 1416 περιάπτουσιν
511 1359 664 1410 ἑαυτοῖς
678 1362 843 1414 ἀξιίομα,
875 1360 980 1410 ὅπως
999 1362 1133 1410 αὐτοῖς
1146 1361 1194 1402 τὰ
1208 1365 1285 1402 τῶν
1305 1360 1502 1416 εὖηφενῶν
1523 1360 1625 1402 ἀδεεῖ
1627 1378 1646 1409 ς

217 1426 470 1482 προσάγοιτο.
537 1432 700 1471 τοιαῦτα
731 1429 802 1480 μὲν
832 1428 882 1470 τὰ
910 1429 997 1484 περὶ
1016 1432 1086 1482 τῆς
1110 1426 1334 1483 συγχύσεως
1353 1429 1419 1470 καὶ
1441 1420 1558 1468 τοῦδε
1576 1430 1648 1469 τοῦ

214 1492 432 1548 σχήματος.

348 1561 426 1604 38.
495 1565 592 1610 Τοῖς
610 1562 653 1602 δὲ
671 1563 927 1618 σκρινιαριόις
941 1561 1237 1618 προστέθεινται
1257 1562 1321 1603 καὶ
1338 1561 1375 1602 οἶ
1396 1561 1504 1603 σίτου
1522 1574 1700 1616 arpa-20

213 1632 395 1669 τιωτικοῢ
425 1627 541 1668 οἱονεὶ
574 1627 812 1670 ἀννωνιακοῦ
847 1627 1127 1683 προεστηκότες
1147 1630 1458 1684 φροντίσματος,
1493 1628 1565 1682 οὐχ
1586 1627 1645 1670 ὅτι

300 1721 324 1754 3
345 1719 575 1763 διαφραγμου
594 1721 638 1754 C.
774 1722 795 1754 6
817 1721 894 1765 lego
915 1718 986 1754 ὑπ’
1005 1719 1130 1755 αὐτόν.
1155 1723 1200 1756 F.
1322 1721 1358 1754 in
1382 1721 1507 1765 Gangii
1529 1720 1644 1754 Gloss.

299 1765 390 1799 med.
414 1766 540 1798 Graec.
564 1776 600 1798 v.
623 1763 872 1808 καγκελλάριος
895 1766 980 1799 hanc
1001 1767 1147 1810 glossam
1169 1765 1326 1810 repperi:
1351 1764 1540 1808 κάγκελλον
1564 1763 1646 1798 οἷν-εὶ

300 1809 368 1842 τοῦ
389 1809 604 1852 δικτυΐσκον,
628 1807 914 1852 ’ὑποκοριστικῶς
926 1835 935 1850 ‚
961 1807 1018 1844 ὅτι
1035 1811 1176 1849 ucionens-
1190 1808 1363 1853 Ῥωμαῖοι
1379 1808 1425 1843 τὰ
1443 1810 1570 1843 δίκτυα
1590 1808 1644 1842 λέ-

298 1853 498 1907 γουσι,’καὶ
511 1852 793 1896 ὑποκοριστικῶς
809 1853 1017 1897 κάγκελλον·
1043 1854 1151 1890 ἔνθεν
1166 1852 1413 1898 καγκελλάριοι
1431 1854 1468 1888 οἱ
1484 1851 1522 1887 ἐν
1541 1851 1645 1899 αὐτῷ

300 1897 497 1941 ἑστηκοτες.
547 1899 617 1933 δυό
640 1898 678 1932 δὲ
698 1894 803 1932 οὗτοι
820 1898 938 1942 μόνοι.
962 1901 1006 1934 F.
1143 1901 1165 1935 7
1185 1899 1367 1932 δικτυδίου
1387 1900 1428 1932 C.
1533 1900 1552 1932 8
1575 1899 1646 1931 τοῦ

300 1943 404 1985 vulgo
421 1955 487 1976 om.
625 1945 667 1977 10
688 1945 823 1986 θαρρεῖ
844 1945 885 1977 C.
1023 1945 1066 1978 14
1086 1950 1165 1988 post
1181 1941 1354 1977 ὁπωσοῦν
1375 1943 1503 1988 aliquot
1524 1943 1644 1976 literae

303 1987 504 2021 exstinctae.
529 1988 574 2022 F.
667 1989 709 2023 17
732 1986 935 2032 εὖηφενῶν]
952 1989 1146 2022 coniectura
1163 2001 1206 2022 ex
1220 1988 1374 2033 reliquiis
1389 1988 1574 2022 literarum.
1598 1989 1643 2021 F.

212 2065 371 2098 dabatur.
418 2076 520 2098 causa
543 2068 653 2098 autem
678 2066 821 2099 nominis
843 2066 941 2100 haec.
990 2067 1080 2110 (37)
1105 2065 1206 2100 sicuti
1225 2066 1402 2099 etiamnum
1423 2069 1561 2106 nostra,
1594 2064 1644 2098 ita

212 2109 291 2142 olim
315 2109 351 2142 in
372 2109 566 2142 universum
587 2110 757 2144 auditoria
777 2116 910 2154 septum
933 2116 1046 2154 atque,
1071 2117 1109 2144 ut
1132 2110 1252 2155 aliquis
1277 2111 1378 2152 dicat,
1402 2110 1515 2154 paries
1534 2109 1644 2142 inter-

213 2154 352 2196 gerinus
375 2153 528 2196 ligneus,
565 2166 584 2187 e
616 2156 756 2198 perticis
785 2155 895 2198 longis
928 2156 1065 2200 oblique
1091 2156 1182 2189 inter
1204 2167 1242 2188 se
1265 2155 1387 2199 positis
1411 2154 1644 2198 foraminaque

213 2204 315 2231 acuta
336 2198 434 2241 quasi
452 2197 536 2230 retis
555 2199 798 2242 efficientibus,
822 2200 933 2233 media
958 2202 1145 2243 dividebat,
1170 2200 1359 2244 principem
1381 2201 1424 2233 ab
1445 2198 1644 2243 apparenti-

212 2243 276 2276 bus
295 2242 488 2285 seiungens.
514 2244 695 2277 cancellum
718 2244 753 2278 id
766 2245 909 2278 Romani
931 2245 1131 2279 diminutive
1156 2251 1290 2287 vocant,
1314 2245 1351 2278 id
1374 2250 1428 2278 est
1448 2243 1644 2277 reticulum:

211 2287 303 2320 retia
324 2287 411 2319 enim
435 2287 607 2330 primitiva
628 2300 712 2321 voce
739 2301 853 2322 casses
876 2294 912 2323 et
935 2290 1138 2323 diminutiva
1158 2289 1323 2323 cancellos
1343 2290 1489 2323 dicunt.¹
1518 2289 1562 2322 ad
1579 2287 1644 2320 hoc

213 2337 347 2376 septum
371 2333 507 2364 stabant
533 2333 598 2364 duo
626 2333 840 2377 cancellarii,
874 2346 915 2367 ex
945 2347 982 2368 re
1013 2347 1134 2368 nomen
1154 2334 1336 2374 habentes;
1370 2333 1452 2377 qui,
1485 2332 1643 2376 quoniam

214 2387 312 2410 nemo
335 2377 483 2409 audebat
504 2388 614 2420 neque
634 2389 717 2410 vero
739 2378 866 2412 licebat
886 2379 1036 2413 tribunal
1059 2380 1249 2422 attingere,
1285 2389 1358 2412 cum
1380 2377 1645 2411 subscribendas

214 2421 351 2454 chartas
370 2422 607 2464 praefecturae
625 2423 828 2465 afferebant,
852 2428 922 2457 tum
941 2435 1028 2468 quae
1047 2435 1130 2468 opus
1153 2428 1250 2457 erant
1269 2423 1478 2456 indicabant.
1525 2432 1643 2454 verum

211 2466 279 2499 iam
305 2466 398 2509 prius
417 2465 454 2498 in
477 2471 702 2510 contemptum
723 2467 824 2510 vulgo
850 2469 996 2502 adducta
1012 2469 1190 2512 dignitate,
1215 2469 1305 2511 quod
1328 2468 1371 2500 de
1391 2465 1525 2511 publico
1544 2465 1642 2499 addi-

212 2516 283 2543 tum
307 2511 439 2552 fuerat,
463 2511 629 2544 cessavit:
663 2523 778 2545 omnes
800 2518 911 2546 autem
933 2515 1007 2546 fere
1020 2540 1029 2555 ‚
1050 2523 1188 2546 munere
1206 2511 1431 2556 qualicunque
1449 2512 1643 2554 fungentes,

210 2566 301 2588 nunc
329 2555 522 2588 cancellarii
549 2555 780 2600 appellantur3
811 2568 922 2600 neque
953 2558 1022 2601 ipsi
1044 2563 1193 2599 tantum,
1226 2558 1289 2590 sed
1316 2557 1342 2589 ii
1369 2566 1503 2600 quoque
1551 2554 1586 2588 ui
1607 2554 1644 2587 in

210 2599 403 2643 provinciis
424 2599 602 2643 pecuniam
625 2601 787 2644 exigunt,
812 2602 1086 2636 cancellariorum
1111 2601 1178 2635 sibi
1201 2613 1343 2644 nomen,
1373 2611 1440 2644 quo
1465 2611 1532 2644 opu
1545 2602 1643 2632 ento-

210 2655 286 2677 rum
309 2645 411 2677 rebus
433 2645 567 2678 abunde
588 2645 781 2691 potiantur,
816 2646 1016 2690 adiungunt.
1064 2647 1148 2680 haec
1178 2647 1222 2680 de
1253 2645 1512 2690 perturbatione
1543 2643 1641 2678 huius

212 2699 352 2733 quoque
369 2689 531 2722 instituti.

302 2734 360 2766 38.
407 2733 605 2767 scriniariis
626 2746 710 2769 vero
728 2733 880 2770 adiuncti
897 2740 976 2771 suut
993 2737 1163 2770 frumento
1184 2734 1342 2778 militari,
1364 2735 1401 2768 id
1421 2737 1475 2768 est
1493 2742 1642 2766 annona—

211 2787 286 2811 rum
305 2778 456 2822 muneri,
480 2779 688 2825 praepositi,
713 2791 780 2814 non
805 2781 896 2826 quod
922 2786 958 2815 et
985 2781 1053 2826 ipsi
1082 2782 1124 2816 ad
1154 2781 1326 2826 antiquam
1349 2778 1468 2814 iudicii
1494 2776 1643 2822 speciem
