1748 3210
649 175 724 218 DE
758 175 942 219 OSTEN
944 175 1044 218 TIS.
1298 175 1300 177 ’
1473 175 1571 221 277

231 283 270 326 4.
326 282 513 337 Σπουδὴ
554 282 600 326 δὲ
634 281 741 339 ἡμῖν
767 281 884 327 ἐστὶν
914 284 1049 326 εἰπεῖν
1076 282 1175 336 περί
1201 296 1247 325 τε
1273 278 1467 336 ἡλιακῶν
1495 282 1571 325 καὶ

121 353 386 406 σεληνιακῶν
414 348 764 406 ἐπισκιασμάτων
802 349 946 404 (οὕτω
976 350 1060 406 γὰρ
1088 349 1165 401 τὰς
1192 349 1456 400 ἐκλειπτικὰς
1483 352 1570 392 τῶν

119 416 278 474 φώτων
314 415 562 474 ὀλισθήσεις
600 418 759 461 ἐκεῖνοι
793 422 1024 472 καλοῦσι),
1063 421 1264 474 κομητῶν
1303 432 1348 460 τε
1384 416 1458 460 καὶ
1493 420 1571 474 τῆς

117 483 215 529 κατ’
253 482 416 536 αὐτούς
467 487 712 541 διαφορᾶς,
761 484 1043 543 αὐλακισμῶν
1089 502 1134 530 τε
1177 485 1252 529 καὶ
1295 482 1573 536 διαττόντων,

83 551 352 608 ὄᾶστραπῶν
386 568 430 596 τε
465 553 540 596 καὶ
578 555 781 608 βροντῶν
820 554 892 597 καὶ
928 556 1158 609 κεραυνῶν
1195 552 1281 600 καὶ,
1302 554 1390 595 τῶν
1425 551 1571 595 ἄλλων

115 617 272 674 ἀερίων
305 623 595 676 τερατισμῶν,
632 622 705 665 καὶ
731 621 780 666 τὸ
810 621 863 679 δὴ
891 620 1025 677 πέρας
1052 621 1151 675 περὶ
1182 623 1369 676 σεισμῶν
1395 619 1470 663 καὶ
1498 618 1572 675 ἐμ-

113 690 327 744 πρησμῶν
354 688 427 732 καὶ
454 692 529 746 τῆς
557 689 604 733 ἐκ
629 689 799 733 τούτων
827 691 1050 744 μαντείας,
1080 687 1160 744 οὐχ
1194 687 1303 731 ὥστε
1332 686 1411 738 τοὶς
1440 698 1571 743 φυσι-

113 755 194 807 mig
221 756 359 807 αἰτίας
385 754 414 811 ἢ
441 755 494 799 τὰ
521 757 617 812 περὶ
646 756 814 801 τούτων
842 758 978 801 εἰπεῖν
999 755 1261 811 θεωρήματα
1290 754 1573 810 (φιλοσόφοις

114 822 198 878 γὰρ
228 822 282 878 δὴ
311 822 364 867 τοὶ
392 824 491 879 περὶ
518 823 690 868 τούτων
717 823 950 880 ἀνείσθω),
981 822 1078 867 ἀλλ’
1105 825 1146 867 εἴ
1161 838 1254 874 πως
1278 819 1376 865 οἷόν
1391 821 1437 865 τέ
1456 821 1574 865 ἐστιν

62 897 105 931 10
117 890 164 934 ἐκ
191 890 366 946 τούτων,
387 891 441 947 δὴ
470 895 560 935 τῶν
588 895 847 948 διοσημειῶν
873 891 955 946 τήν
983 894 1073 934 τῶν
1095 890 1314 945 ἐσομένων
1335 891 1440 940 ἴσως
1462 904 1572 943 προ-

111 956 356 1014 μανθάνειν
383 957 611 1015 α’πόβασιν.
671 960 760 1003 ἔστι
783 958 867 1014 γοὶρ
889 958 936 1001 ἐκ
956 960 1032 1013 τῆς
1052 955 1437 1013 πολυμαθεστάτης
1456 958 1573 1000 ἱστο-

113 1027 210 1080 ρίας
245 1029 394 1082 λαβεῖν
429 1025 490 1077 ῶς
526 1027 643 1083 ἥλιοί
677 1043 723 1071 τε
761 1027 938 1076 πλείους
965 1025 1078 1069 κατὰ
1104 1023 1266 1068 ταύτὸν
1294 1023 1368 1068 καὶ
1398 1027 1573 1080 σελῆναι

110 1092 346 1148 πεφήνασι,
375 1094 610 1149 γινομένου
637 1095 718 1150 μὲν
739 1094 782 1146 ἐξ
804 1092 1078 1144 ἀνακλάσεως
1098 1091 1273 1136 τούτου.
1331 1093 1573 1146 τοιγαροῦν

111 1158 194 1217 οὐχ
229 1160 341 1216 ’ὑπὲρ
376 1160 454 1204 τὸν
491 1160 618 1217 ἥλιον
655 1159 683 1216 ἢ
720 1159 801 1217 τῆν
831 1158 1030 1216 σελήνην,
1071 1157 1170 1203 ἀλλ’
1199 1159 1246 1203 ἐκ
1274 1159 1462 1214 πλαγίου
1490 1156 1571 1213 τὴν

60 1237 100 1272 15
112 1227 346 1284 λεγομένην
373 1227 678 1272 ἄντιδίσκωσιν
707 1232 976 1282 θεωρεῖσθαι
1005 1229 1244 1284 συμβαίνει,
1273 1227 1346 1270 καὶ
1372 1223 1572 1281 ἄνισχόν-

110 1311 200 1338 των
228 1293 374 1338 αὐτῶν
402 1294 431 1352 ἢ
458 1295 696 1351 δυομένων.
754 1295 967 1351 βασιλέων
994 1296 1041 1338 δὲ
1070 1298 1201 1338 τοῦτο
1238 1295 1440 1337 δυνατῶν
1471 1290 1570 1336 κατ’

112 1360 310 1418 ἀλλήλων
338 1361 648 1414 ἐπαναστάσεις
677 1363 896 1420 σημαίνει,
937 1359 996 1413 ὦς
1023 1361 1070 1406 ἐκ
1096 1366 1172 1418 τῆς
1200 1360 1443 1418 Καμβύσου
1472 1358 1568 1404 κατ’

112 1431 361 1486 Αἰγυπτίων
388 1429 555 1487 ἐφόδου
583 1433 734 1486 λαβεῖν
763 1430 851 1475 ἐστὶ
881 1430 1094 1484 δυνατόν,
1130 1430 1204 1474 καὶ
1233 1429 1300 1472 ἐπὶ
1328 1432 1381 1485 τῇ
1415 1428 1567 1482 Νέρω-

110 1514 188 1549 νος
223 1501 532 1555 καταστροφῇ,
578 1499 685 1542 καθ’
726 1496 784 1554 ἣν
826 1498 894 1541 ἐπὶ
938 1499 1017 1554 μὲν
1051 1501 1128 1554 τῆς
1161 1495 1375 1547 Ἰουδαίας
1404 1494 1568 1550 διάγων

55 1564 442 1616 ἳοῡῦεσπασιανὸς
479 1565 588 1619 πρὸς
623 1564 702 1621 τὴν
734 1565 957 1622 Ῥωμαίων
996 1564 1134 1621 ἀρχὴν
1163 1561 1421 1619 ἀνεφέρετο,
1457 1560 1567 1606 navo}

110 1632 156 1676 δὲ
183 1632 262 1688 τὴν
289 1631 476 1688 ἑσπέραν
503 1632 747 1686 Βιτέλλιος,
794 1632 969 1689 Γάλβας
999 1633 1045 1676 δὲ
1072 1633 1146 1676 καὶ
1173 1630 1327 1674 ’Όθων
1355 1630 1568 1685 ἑτέρωθεν

108 1697 434 1744 ἀντανίσταντο.
487 1698 744 1755 Ἀπουλήῖος
783 1701 829 1744 δὲ
867 1700 965 1756 περὶ
1002 1703 1092 1744 τῶν
1132 1698 1348 1760 τοιούτων
1382 1697 1568 1754 γράφων

107 1767 182 1810 καὶ
215 1764 303 1810 ὑπό
343 1769 548 1826 Κλαυδίῳ
587 1769 778 1822 Καίσαρι
816 1772 930 1820 τρεῖς
974 1765 1128 1824 ἡλίους
1174 1765 1374 1822 ὀφθῆναί
1418 1776 1566 1823 φησιν,

108 1833 268 1890 ὁμοίως
305 1835 352 1878 δὲ
388 1836 462 1879 καὶ
499 1834 680 1892 σελήνας
708 1834 924 1887 τοσαύτας
952 1834 1021 1878 ἐπὶ
1051 1835 1219 1878 Γναίου
1247 1833 1321 1878 καὶ
1349 1833 1567 1889 Δομιτίου

197 1924 222 1958 4
245 1922 516 1974 διαταττόντων
533 1926 575 1958 C.
669 1926 692 1959 9
715 1921 818 1964 ὅπως
833 1926 876 1958 C.
973 1924 1014 1959 15
1039 1923 1121 1968 καὶ]
1142 1934 1220 1957 num
1239 1923 1421 1967 legendum
1439 1918 1491 1966 ἢῖ
1516 1922 1563 1955 Η.

199 1971 246 2004 22
267 1971 543 2004 ανθανίστοιντο
568 1972 611 2004 C.
749 1971 795 2003 23
818 1970 932 2012 φασίν
953 1970 996 2003 C.

198 2049 233 2083 4.
280 2048 500 2093 Propositum
523 2049 624 2081 nobis
648 2052 702 2081 est
728 2047 846 2081 dicere
872 2048 916 2081 de
942 2046 1024 2080 solis
1052 2045 1223 2091 lunaeque
1248 2044 1568 2080 obumbrationibus

111 2094 190 2138 (sic
211 2093 372 2139 ecliptica
394 2094 554 2126 luminum
577 2095 795 2126 decrementa
819 2092 868 2125 illi
886 2094 1062 2136 vocant),
1086 2093 1129 2126 de
1149 2092 1291 2126 comet-is
1311 2093 1423 2136 deque
1441 2091 1566 2125 discri-

110 2140 201 2174 mine
225 2140 317 2173 inter
338 2140 454 2184 ipsos,
481 2141 524 2172 de
548 2139 651 2172 sulcis
675 2144 709 2172 et
730 2138 993 2172 traiectionibus
1019 2137 1212 2182 stellarum,
1237 2138 1280 2172 de
1302 2137 1484 2181 fulgetris,
1508 2143 1564 2170 to-

112 2185 280 2227 nitribus,
304 2185 522 2227 fulminibus,
550 2185 593 2218 de
614 2177 765 2229 reliquisl
779 2196 844 2230 per
867 2186 980 2217 acrem
1003 2183 1194 2228 prodigiis,
1227 2189 1402 2228 postremo
1427 2183 1470 2216 de
1492 2188 1565 2216 ter-

111 2230 341 2274 raemot-ibus,
373 2230 563 2272 incendiis,
600 2235 636 2263 et
658 2231 700 2263 de
724 2230 940 2264 divinatione
962 2241 1051 2274 quae
1074 2229 1155 2262 inde
1178 2229 1252 2262 fiat.
1300 2240 1413 2272 neque
1434 2228 1492 2271 id,
1527 2231 1567 2260 ut

111 2275 283 2310 naturales
319 2281 529 2310 ostentorum
559 2287 680 2308 causas
709 2276 1082 2319 commentationesque
1114 2286 1220 2319 super
1242 2274 1311 2308 illis
1335 2284 1567 2318 exponamus;

111 2321 325 2368 philosophis
358 2321 394 2355 id
428 2321 550 2355 liceat:
586 2323 648 2354 sed
673 2321 703 2354 si
728 2322 811 2367 quid
839 2322 912 2354 eius
935 2321 1011 2354 fieri
1038 2321 1166 2366 possit,
1198 2326 1236 2354 ut
1253 2332 1301 2365 *ex
1326 2319 1380 2352 his
1402 2320 1445 2352 de
1469 2317 1565 2352 caelo

109 2367 219 2412 signis
243 2379 357 2401 rerum
378 2368 568 2400 futurarum
596 2368 688 2400 forte
711 2378 976 2412 praenoscamus
1002 2372 1176 2399 eventum.
1236 2375 1416 2410 possumus
1439 2376 1483 2397 ex
1508 2362 1565 2396 hi-

109 2413 236 2455 storia,
274 2412 478 2447 eruditionis
510 2413 619 2446 omnis
647 2413 764 2456 fonte,
798 2412 1059 2457 deprehendere
1083 2411 1171 2444 soles
1195 2411 1312 2455 plures
1335 2410 1455 2443 eodem
1476 2414 1566 2442 tem-

109 2470 195 2504 pore
226 2458 393 2503 lunasque
427 2458 578 2493 fulsisse.
625 2459 659 2491 id
697 2469 902 2504 repercussu
932 2457 1071 2492 accidit.
1118 2457 1338 2500 quamobrem
1368 2467 1432 2488 nec
1462 2464 1567 2498 supra

109 2504 214 2538 solem
244 2504 423 2547 lunamve,
456 2506 518 2538 sed
543 2516 586 2538 ex
609 2504 768 2549 obliquo,
801 2503 1065 2548 geminationem
1089 2502 1183 2535 orbis
1207 2512 1307 2545 quam
1332 2500 1430 2533 aiunt
1450 2499 1565 2533 cerni—

110 2560 184 2583 mus
201 2549 299 2594 fieri,
323 2551 457 2585 oriente
481 2550 596 2584 sidere
618 2558 764 2594 utroque
787 2555 847 2583 aut
871 2551 1034 2582 obeunte.
1082 2546 1274 2592 principum
1298 2545 1489 2590 potentium
1510 2543 1565 2577 in-

110 2595 221 2629 festos
243 2600 355 2630 motus
373 2597 439 2630 hoc
456 2596 630 2640 significat
642 2623 650 2638 ,
676 2603 714 2629 ut
732 2608 775 2629 ex
793 2594 976 2638 Cambysis
995 2594 1032 2627 in
1049 2593 1242 2637 Aegyptios
1263 2591 1393 2636 impetu
1411 2590 1566 2624 animad-

111 2639 203 2674 verti
233 2646 371 2686 potest3
403 2642 486 2676 item
510 2643 546 2675 in
570 2642 722 2675 Neronis
745 2641 908 2674 Caesaris
934 2640 1050 2682 exitu,
1081 2649 1157 2671 cum
1181 2643 1217 2672 et
1241 2636 1476 2682 Vespasianus
1504 2636 1563 2669 Iu-

110 2687 232 2719 daeam
254 2692 377 2720 tenens
401 2689 446 2722 ad
468 2687 649 2732 imperium
668 2694 722 2721 est
743 2692 904 2728 evectus,
930 2691 965 2719 et
988 2690 1106 2718 contra
1126 2695 1189 2728 per
1208 2682 1433 2716 Occidentem
1454 2680 1569 2715 Vitel-

112 2731 178 2764 lius
199 2731 314 2766 Galba
333 2733 447 2777 Oth0,
472 2733 691 2767 exstiterunt..
741 2733 783 2765 de
801 2731 903 2765 simili
925 2736 1125 2775 argumento
1144 2729 1299 2763 scribens
1318 2726 1514 2773 LApuleius
1534 2729 1570 2760 et

111 2776 251 2810 Claudii
287 2778 448 2812 Caesaris
481 2779 679 2825 principatu
705 2778 795 2812 soles
806 2783 892 2819 ‚tres
924 2776 1020 2810 visos
1047 2787 1124 2809 esse
1149 2780 1269 2809 auctor
1293 2779 1367 2817 est,
1403 2784 1443 2806 ac
1470 2771 1569 2806 lunas

110 2822 256 2857 totidem
285 2823 493 2859 CnDomitio
524 2825 692 2861 CFannio
725 2835 837 2864 coss.;
875 2822 999 2867 quibus
1030 2822 1120 2856 haud
1149 2822 1296 2855 obscure
1329 2818 1568 2854 declarabatur
