1748 3210
368 173 444 216 DE
476 170 923 216 MAGISTRATIBUS
951 169 999 213 P.
1030 169 1084 213 R.
1118 167 1224 212 LIB.
1249 167 1303 212 11.
1479 169 1574 215 185

114 289 274 346 κοπρίων
300 291 372 342 τῆς
401 286 525 342 ου’)’σης
553 286 658 344 αὐτῇ
683 286 729 329 τὸ
749 287 842 343 πρὶν
863 289 982 341 τιμῆς
1004 260 1240 340 ἐζημίωσεν,
1276 282 1380 325 ἀλλὰ
1399 283 1481 338 μὴν
1508 286 1576 326 καὶ

119 358 194 413 τὴν
226 357 442 413 πολίαρχον
472 357 654 406 ἐξουσίαν
683 354 729 398 τό
757 372 800 410 γε
833 357 888 405 εἷς
917 354 1038 397 αὐτὸν
1069 347 1166 408 ἧκον
1190 350 1464 407 διεσπάθησε,
1499 351 1573 394 δύο

121 426 223 483 πρὸς
237 433 322 475 τοῖς
340 427 438 468 δέκα
457 423 664 482 ὑπάρχους
684 421 837 473 πόλεως
861 423 963 465 ἄνθ’
987 421 1095 475 ἑνός,
1129 419 1186 472 ὥς
1206 420 1256 476 δὴ
1276 421 1380 464 καθ’
1405 421 1572 464 ἕκαστον

118 497 258 550 ’τμῆμα
279 499 351 548 τῆς
365 492 547 548 Ῥώμης,
581 489 944 549 προχειρισάμενος.

23 596 35 598 --
83 571 109 608 5
256 563 334 606 20.
408 562 494 604 Οὔκ
515 556 565 616 ἦν
590 562 634 603 δὲ
653 558 902 615 καταγώγιον
927 558 1148 616 ὡρισμένον
1179 557 1376 600 ἀνέκαθεν
1404 555 1574 617 οὖδεμιᾷ

117 627 271 673 τούτων
291 634 372 673 τῶν
395 630 543 686 ἀρχῶν,
581 629 653 672 οὐκ
674 629 738 671 ἐπὶ
759 633 830 683 τῆς
847 626 1031 685 πρώτης,
1068 627 1141 669 οὗκ
1163 628 1225 670 ε’πὶ
1246 631 1318 681 τῆς
1337 626 1442 668 καθ’
1465 623 1574 680 ἡμᾶς

114 699 351 752 βασιλίδος,
392 697 447 749 ὡς
474 699 536 740 ἐπὶ
567 701 639 740 τοῦ
663 694 883 754 παρόντος,
919 696 1014 738 ἀλλ’
1039 695 1103 737 ἐπὶ
1126 700 1206 738 τῶν
1228 697 1382 737 οἰκείων
1401 692 1530 752 ἕδριῦν
1550 691 1571 736 ὅ

114 766 190 821 τὴν
218 767 347 823 ἀρχὴν
366 765 470 810 ἴπων
489 766 670 822 ἴπραττε.
737 767 804 807 καὶ
824 770 941 808 τοῦτο
967 764 1063 822 ἄχρι
1082 768 1153 807 τοῦ
1182 764 1286 805 καθ’
1307 761 1416 818 ἡμᾶς
1434 763 1574 805 Λέον-

115 851 186 885 τος
205 836 408 889 διέμεινεν,
429 835 492 893 ἐφ’
517 829 565 878 οὗ
574 836 875 884 Κωνσταντῖνος
891 833 964 888 τὴν
982 831 1164 890 ὕπαρχον
1184 831 1285 886 ἔχων
1307 831 1440 886 τιμήν,
1471 831 1573 888 ἀνὴρ

61 914 108 949 10
119 903 359 961 εὐπατρίδης
366 936 380 956 ,
427 904 470 946 ἐκ
490 905 697 957 Μαζακῆς
716 903 789 956 μὲν
810 903 877 943 καὶ
911 901 1033 950 αὐτὸς
1059 898 1257 957 ὁρμηθείς
1265 931 1279 951 ,
1315 899 1510 955 ἀνάλογον
1529 900 1574 942 δὲ

115 972 190 1026 τὴν
210 972 356 1029 ἀρετὴν
383 976 432 1029 τῇ
466 972 585 1031 κακίᾳ
612 975 684 1013 τοῦ
708 974 885 1028 πονηροῦ
906 967 1187 1012 Καππαδόκου
1209 970 1446 1023 κεκτημένος
1453 1001 1467 1021 ,
1505 969 1572 1011 διὰ

115 1038 246 1096 λόγων
262 1058 304 1083 τε
326 1039 476 1098 ἄριστα
497 1042 564 1082 καὶ
585 1038 859 1097 διαφερόντως
876 1043 956 1082 τῶν
978 1038 1080 1094 παρ’
1099 1037 1267 1087 Ἰταλοῖς
1284 1036 1373 1079 τότε
1395 1035 1574 1092 μάλιστα

112 1109 344 1162 τιμωμένων
370 1108 556 1164 ἠγμένος,
593 1108 745 1165 ἀγορὰν
774 1109 958 1162 ἕδεᾲιατο
989 1104 1356 1163 διαπρεπεστάτην,
1389 1107 1574 1156 Λέοντος

111 1175 239 1230 αὐτὴν
265 1175 619 1235 προσαγορεύσας,
655 1177 696 1218 ἓν
720 1170 748 1233 ᾗ
771 1178 838 1218 καὶ
868 1177 943 1231 τὴν
974 1175 1215 1233 προαγωγὴν
1243 1176 1390 1217 ἐκείνου
1418 1177 1575 1232 ψηφῖδι

59 1254 102 1291 15
113 1243 415 1302 κατεγράψατο.
480 1243 643 1299 ταύτην,
680 1243 734 1294 ὥς
757 1243 878 1297 εἶπον,
914 1244 1036 1294 αὐτὸς
1058 1245 1216 1292 οἷκειόις
1236 1242 1472 1297 ἀναλώμασι
1495 1261 1570 1285 κα-

110 1311 384 1364 τασκευάσας,
419 1310 487 1354 οἷα
512 1317 688 1368 γειτνιῶν
714 1317 770 1371 τῷ
794 1314 933 1370 χωρίῳ
960 1314 1027 1355 καὶ
1049 1310 1211 1370 Ῥούφῳ
1239 1317 1296 1368 τῷ
1323 1311 1426 1354 καθ’
1462 1309 1572 1365 ἡμᾶς

111 1378 275 1431 πάππος
290 1380 522 1437 γενόμενος,
555 1380 814 1438 παρεχώρησε
838 1386 886 1438 τῇ
911 1381 1039 1438 ἀρχῇ,
1068 1382 1225 1423 δίαιταν
1245 1381 1382 1434 εὐτελῆ
1401 1382 1467 1421 καὶ
1489 1378 1572 1423 σώ-

110 1466 247 1506 φρονα
276 1450 379 1507 πρὸς
403 1451 627 1507 θεραπείαν
655 1454 726 1492 τοῦ
758 1451 863 1492 κατὰ
892 1450 1033 1506 καιρὸν
1059 1449 1131 1503 τὴν
1160 1449 1288 1505 ἀρχὴν
1310 1449 1569 1502 ἐκδεχομένου

109 1517 436 1569 κατασκευάσας,
483 1523 651 1574 πρᾶγμα
681 1515 814 1572 πάσης
844 1518 1050 1572 ἀποδοχῆς
1081 1517 1205 1568 ἄξιον.
1274 1515 1299 1571 ἦ
1332 1515 1470 1573 πρώτη
1503 1518 1571 1558 καὶ

53 1584 309 1640 Θᾶνέχουσα
337 1590 418 1629 τῶν
441 1585 598 1642 ἀρχῶν,
641 1584 667 1639 ἦ
695 1584 806 1643 μόνῳ
836 1590 894 1643 τῷ
923 1585 1112 1643 σκήπτρῳ
1143 1590 1470 1642 παραχωροῦσα,
1506 1587 1570 1627 έπὶ

107 1658 314 1711 μικρᾶς...
341 1654 469 1705 οὕτως
486 1649 536 1709 ἦν
554 1655 665 1712 παρὰ
684 1661 767 1705 τοῖς
784 1655 1064 1712 παλαιοτέροις
1081 1654 1132 1696 τὰ
1149 1659 1221 1708 τῆς
1240 1659 1398 1711 τρυφῆς
1416 1654 1570 1709 ἠμελη-

108 1722 224 1776 μένα,
258 1722 304 1766 οἳ
313 1722 440 1779 μόνης
458 1723 657 1766 ἀπέλαυον
674 1727 746 1779 τῆς
763 1728 843 1767 τῶν
862 1722 1064 1768 ὑποτελῶν
1084 1723 1295 1778 εὐθυμίας.

197 1872 222 1907 8
239 1873 320 1919 lego
341 1872 492 1911 διέπων.
510 1875 557 1910 F.
604 1887 649 1910 an
671 1873 790 1920 ἔχωνΐ
930 1875 973 1912 17
994 1872 1034 1911 ἐν
1054 1874 1101 1920 τῇ
1125 1874 1169 1910 C.
1308 1873 1353 1910 21
1372 1877 1472 1920 patet
1488 1877 1571 1910 ante

197 1915 317 1961 οὗτος
338 1920 470 1968 aliquid
492 1921 678 1957 excidisse.
725 1923 772 1958 F.

107 2059 146 2090 et
165 2056 423 2101 praefecturam
440 2057 549 2101 urbis,
573 2060 737 2102 quantum
761 2054 900 2101 quidem
921 2055 958 2089 in
980 2054 1057 2100 ipso
1082 2054 1162 2098 fuit,
1187 2053 1412 2099 dilaceravit,
1436 2055 1569 2090 duode-

106 2101 173 2136 cim
193 2114 258 2147 pro
276 2113 344 2136 uuo
370 2103 568 2148 praefectos
592 2102 701 2147 urbis,
727 2101 883 2147 singulos
904 2100 1071 2136 videlicet
1087 2100 1232 2146 singulis
1247 2101 1380 2135 Romae
1397 2101 1570 2146 partibus,

105 2147 336 2182 constituens.

197 2194 257 2227 20.
303 2193 401 2227 Nulli
423 2205 509 2229 vero
534 2193 655 2228 horum
676 2193 937 2239 magistratuum
955 2192 1077 2236 initio,
1108 2196 1148 2227 ut
1168 2203 1279 2236 nunc,
1302 2196 1433 2228 certum
1457 2192 1570 2228 domi-

107 2237 224 2273 cilium
246 2238 334 2281 fuit,
370 2250 484 2284 neque
511 2239 548 2273 in
578 2240 689 2285 prima
712 2251 825 2285 neque
848 2239 886 2273 in
909 2244 1029 2273 nostra
1054 2238 1279 2283 imperatoria
1301 2240 1408 2280 urbe;
1446 2240 1509 2274 sed
1532 2239 1570 2274 in

106 2283 181 2318 suis
202 2283 359 2328 sedibus,
382 2286 443 2330 qui
464 2286 700 2330 magistratum
719 2287 900 2330 gerebant,
923 2296 1067 2318 munere
1084 2285 1330 2329 fungebantur.
1378 2290 1484 2329 atque
1503 2285 1571 2319 hoc

107 2340 219 2375 usque
241 2330 287 2364 ad
307 2330 461 2365 Leonem
483 2337 637 2366 nostrum
662 2331 807 2375 mansit,
829 2333 892 2366 sub
915 2342 982 2376 quo
1007 2330 1255 2365 Constantinus
1268 2357 1278 2374 ,
1314 2330 1370 2365 vir
1388 2330 1480 2364 claro
1503 2343 1566 2376 ge·

105 2386 192 2410 nere
204 2402 215 2420 ,
238 2387 259 2410 e
276 2375 422 2410 Mazaca
438 2377 577 2422 quidem
595 2382 632 2412 et
652 2378 729 2423 ipse
752 2377 917 2412 oriundus
929 2403 939 2421 ,
975 2376 1106 2411 virtute
1125 2382 1238 2411 autem
1256 2375 1406 2421 improbi
1426 2376 1567 2422 Cappa-

105 2420 203 2456 docis
226 2421 434 2466 pravitatem
456 2425 698 2469 aequiparans,
725 2423 835 2458 literis
861 2434 1019 2468 quoque,
1043 2435 1084 2456 ac
1106 2423 1297 2467 praecipue
1318 2422 1362 2456 iis
1387 2433 1472 2466 quas
1494 2428 1567 2456 tum

104 2465 186 2501 Itali
203 2467 349 2502 maxime
367 2468 549 2513 colebant,
574 2469 703 2515 optime
727 2470 902 2512 eruditus,
938 2480 1013 2503 cum
1032 2470 1287 2513 praefecturam
1310 2467 1480 2512 praetorii
1503 2480 1566 2512 ge-

105 2517 213 2556 reret,
237 2513 366 2548 curiam
382 2515 578 2550 iudicialem
601 2515 913 2562 splendidissimam
936 2515 1111 2559 condidit,
1146 2514 1347 2559 Leonisque
1367 2512 1567 2559 appellavit,

104 2557 144 2592 in
167 2569 238 2603 qua
261 2564 298 2593 et
319 2559 522 2596 electionem
545 2561 636 2595 illius
666 2561 817 2595 tessellis
844 2560 1044 2605 descripsit.
1091 2561 1180 2594 hanc
1205 2572 1291 2604 suo,
1328 2559 1380 2593 uti
1406 2559 1566 2605 diximus,

104 2610 244 2648 sumptu
265 2610 493 2652 exstructam,
515 2612 639 2652 utpote
660 2607 796 2641 wicinus
818 2606 894 2640 loco
907 2633 916 2649 ‚
945 2612 981 2640 et
998 2607 1080 2641 Rufi
1101 2612 1242 2640 nostrae
1259 2605 1445 2640 memoriae
1466 2618 1566 2651 avus,

103 2649 274 2684 modicum
290 2651 507 2694 magistratui
523 2655 783 2698 modestumque
803 2652 1012 2687 domicilium
1030 2652 1214 2696 concessit,
1236 2653 1477 2686 succedentem
1495 2658 1567 2686 tum

103 2694 142 2728 in
159 2695 364 2740 magistratu
384 2697 522 2743 colens,
554 2711 696 2744 remque
724 2698 812 2733 fecit
844 2710 976 2732 summa
997 2698 1099 2733 laude
1124 2699 1276 2743 dignam.
1322 2697 1453 2744 primus
1473 2709 1565 2732 surn—

102 2751 248 2786 musque
268 2741 540 2790 magistratuum,
562 2745 624 2791 qui
641 2745 708 2779 soli
730 2750 870 2790 sceptro
897 2745 1055 2789 cedebat,
1079 2745 1116 2778 in
1139 2757 1261 2791 parva.
1277 2769 1287 2778 .
1301 2769 1310 2778 .
1326 2769 1336 2778 .
1364 2744 1452 2778 adeo
1502 2755 1566 2778 uae

103 2787 158 2840 ¹¹5¹.
172 2786 287 2820 luxum
305 2787 548 2837 pertinebant,
575 2791 736 2838 neglecta
757 2792 850 2838 apud
872 2796 1012 2827 veteres
1034 2795 1146 2837 erant,
1169 2791 1230 2838 qui
1248 2789 1322 2827 sola
1343 2789 1470 2825 civium
1526 2802 1565 2825 e-

103 2837 184 2868 tma
205 2833 483 2879 perfruerentur.
