1748 3210
257 185 351 230 398
616 186 686 229 HA
691 187 760 230 ΞΠ
794 184 1303 231 ANIMADVERSIONES

254 288 532 345 διισχυριζεσθε
567 291 754 344 Io'sephus
792 291 1160 344 Antiquit.1u‹laic.
1191 292 1242 334 45
1271 295 1318 332 F.
1371 295 1451 336 δυσ
1451 294 1665 347 χυρίζονται

252 350 442 387 Eusebius
468 352 689 399 Praeparat.
717 361 855 398 evang
881 348 960 389 724
983 349 1032 396 C,
1064 350 1144 390 725
1163 349 1206 385 C
1262 349 1562 403 διισχυρίζεσθαι
1583 353 1666 387 Ha—

254 404 410 441 drianus
432 406 532 452 Aug.
550 405 592 439 in
610 406 792 454 rescripto
812 402 916 454 apud
931 404 1073 441 Euseb.
1093 405 1192 440 Hist.
1205 405 1340 442 eccles.
1352 406 1486 453 12303
1516 407 1557 442 S.
1568 407 1666 442 Gre-

253 462 382 510 gorius
410 461 607 508 Nyssenus
638 459 709 495 lib.
741 462 760 498 1
795 465 924 495 contra
949 460 1187 496 Eunomium
1213 462 1237 500 3
1267 461 1319 500 90
1345 461 1403 506 A,
1441 460 1483 498 S.
1501 462 1665 498 Ioannes

251 514 548 564 Chrysostomus
578 521 674 551 orat.
700 517 721 554 1
751 515 793 550 in
813 516 1002 551 Lazarmn
1022 514 1046 554 5
1076 513 1155 554 224
1185 515 1257 561 13,
1287 512 1448 550 homilia
1470 517 1522 555 23
1553 517 1595 552 iu
1621 515 1665 553 S.

249 573 435 606 Ioannem
459 571 485 607 2
522 567 601 610 646
639 570 705 610 12.
766 566 1088 621 διισχυριζόμενος
1113 569 1154 606 S.
1181 571 1344 606 Ioannes
1372 567 1665 619 Chrysostomus

251 630 346 661 orat.
368 627 394 663 2
421 621 468 659 de
486 623 868 674 incomprehensibili
891 627 914 665 6
943 627 1023 666 397
1053 627 1117 664 12.
1175 623 1502 675 διισχυριζομένου
1530 625 1666 662 Helio-

250 679 365 715 dorus
387 677 567 728 Aethiop.
590 682 670 720 270
685 680 728 716 C.
786 675 1113 731 διισχυριζόμενον
1133 678 1175 716 S.
1193 681 1356 716 Ioauues
1374 677 1666 730 chrysostomus

249 733 412 770 homilia
439 735 490 774 63
519 735 560 770 iu
589 735 631 771 S.
659 733 900 771 Matthaeum
927 734 1008 775 674
1034 735 1077 771 C·
1134 734 1380 785 διισχυρίζετο
1401 735 1442 772 S.
1462 735 1668 784 Gregorius

248 791 447 839 Nyssenus
480 787 528 825 de
558 791 637 826 vita
667 791 924 827 S.Macri11ae
948 792 972 829 3
1004 791 1081 829 180
1107 790 1163 835 D,
1193 790 1236 826 S.
1253 788 1487 826 Athanasius
1514 790 1594 827 vita
1624 789 1668 826 S.

248 845 408 881 Antonii
427 845 608 880 eremitae
628 847 677 886 81
697 847 743 881 Β.
801 851 916 896 atque
943 843 1041 883 haec
1069 843 1117 881 de
1143 845 1278 882 formis
1303 845 1515 895 praesentis
1537 851 1575 881 et
1589 845 1669 883 im-

250 899 434 950 perfecti:
463 906 570 936 taceo
593 898 640 936 de
659 900 805 937 aoristi.

360 967 399 1019 Ρ.
423 955 499 994 301
521 967 556 991 v.
576 954 614 994 5.
673 956 735 994 δεῖ
751 953 823 1006 γὰρ
842 950 979 1004 ἥλιον]
1009 955 1136 1004 priore
1161 955 1298 991 itinere
1324 966 1412 991 meo
1436 953 1569 991 Italico
1596 951 1668 990 de-

252 1010 388 1059 scripsi
421 1022 472 1045 ex
503 1008 634 1046 codice
665 1009 875 1047 admodum
902 1016 1052 1046 vetusto
1082 1016 1286 1046 tractatum
1314 1008 1504 1046 ineditum
1531 1010 1668 1045 incerti

252 1065 417 1100 auctoris
451 1063 498 1100 de
532 1067 786 1112 astronomia,
825 1065 1064 1101 luculentum
1090 1077 1181 1101 saue
1211 1077 1255 1100 ac
1281 1065 1588 1129 perelegantem,
1626 1069 1669 1100 ut

251 1132 374 1169 paene
402 1120 528 1156 Attico
556 1121 656 1170 stylo
686 1127 889 1156 exaratum
917 1118 1034 1156 dicas.
1092 1118 1193 1155 unde
1223 1118 1372 1170 (donec
1395 1126 1520 1156 totum
1540 1121 1581 1155 in
1604 1119 1669 1154 lu-
1698 1111 1701 1115 ’

253 1187 339 1210 cem
367 1180 500 1224 potero
535 1174 729 1225 asserere)
767 1173 959 1210 exhibebo
989 1175 1118 1210 locum
1145 1175 1281 1221 illum,
1319 1173 1367 1210 de
1402 1175 1515 1212 Sole:
1555 1168 1670 1219 οὗτος

252 1226 326 1282 γαρ
355 1225 513 1279 [ἥλιος]
545 1228 618 1279 ε’χει
641 1227 712 1280 μὲν
742 1228 783 1268 ἐν
809 1229 934 1280 ἑαυτῷ
960 1226 1034 1279 τὴν
1063 1243 1143 1267 των
1174 1225 1276 1268 ὅλων
1309 1223 1468 1277 ου’σίαν,
1505 1227 1571 1267 καὶ
1603 1225 1668 1267 διὰ

253 1281 368 1323 τοῦτό
393 1298 494 1329 τινες
521 1284 587 1323 καὶ
615 1287 664 1337 τῇ
693 1299 772 1323 των
782 1282 995 1351 τεσσάρων
1020 1285 1216 1333 στοιχείων
1245 1278 1360 1332 φύσει
1380 1285 1519 1323 τοῦτον
1537 1285 1670 1348 κεκρᾶ-

255 1343 351 1377 σθαι
380 1336 516 1378 ὤοντο.
573 1337 731 1390 ’ἡγεμών
755 1335 792 1378 δ’
817 1338 896 1378 ἐστὶ
919 1341 992 1378 τοῦ
1009 1336 1231 1387 σύμπαντος
1257 1334 1424 1407 κόσμου
1426 1337 1493 1378 καὶ
1513 1353 1671 1377 παντων

253 1391 492 1457 γεννητικός·
521 1397 670 1444 γεννῶν
695 1392 737 1433 δὲ
758 1389 878 1440 αὐθις
895 1393 960 1433 καὶ
980 1391 1146 1441 διαλύει,
1175 1393 1242 1432 καὶ
1266 1391 1362 1461 πρὸς
1381 1390 1451 1432 τόν
1470 1404 1670 1444 σπερματι-

252 1447 326 1488 κὸν
351 1445 469 1515 λόγον
499 1445 784 1500 αναλαμβανει,
825 1446 960 1494 διδους
987 1447 1057 1500 μὲν
1081 1451 1131 1500 τῇ
1157 1445 1232 1515 ὕλῃ
1263 1445 1403 1488 ου’σίαν
1435 1445 1570 1500 σχεδὸν
1601 1447 1670 1487 καὶ

254 1500 379 1554 ζωην,
417 1500 778 1571 οἷνταπολαμβανων
816 1502 859 1543 δὲ
892 1518 966 1554 την
1003 1501 1160 1543 ἀνωθεν
1196 1501 1376 1554 υπαρξιν.
1438 1503 1554 1554 μέσος
1587 1500 1669 1570 γάρ

252 1559 427 1609 ἵδρυται,
465 1574 511 1598 τα
551 1556 651 1611 ἄκρα
685 1558 881 1607 συνδέων,
922 1555 975 1605 ὡς
1001 1571 1122 1609 φησιν
1138 1556 1358 1609 ’Όλυμπος,
1393 1557 1460 1598 καὶ
1487 1555 1668 1608 καθάπερ

252 1612 413 1664 ἠνίοχος
431 1610 581 1665 αγαθὸς
598 1612 639 1654 τὸ
657 1617 729 1654 τοῦ
745 1613 896 1664 κόσμου
917 1629 1022 1664 αρμα
1041 1610 1225 1662 ἀσφαλῶς
1242 1610 1427 1654 ἔλαυνων.
1482 1615 1516 1651 is
1540 1620 1670 1650 autem

253 1669 442 1718 Olympus
473 1676 530 1706 est
557 1670 719 1706 fortasse
751 1668 1006 1719 philosophus
1041 1670 1312 1718 peripateticus
1342 1667 1457 1706 huius
1487 1669 1670 1716 nominis,

255 1722 466 1772 discipulus
493 1725 691 1760 Ammonii
718 1724 884 1770 Saccae,
911 1723 1222 1772 Alexandrinus,
1252 1723 1300 1760 de
1329 1736 1405 1775 quo
1433 1722 1671 1773 Porphyrius

254 1779 333 1816 vita
361 1779 506 1814 Plotini
523 1782 548 1818 7
569 1780 603 1814 D
622 1780 678 1826 E,
703 1779 772 1814 ubi
795 1786 926 1815 tamen
946 1791 1049 1815 nuuc
1069 1779 1210 1827 legitur
1229 1776 1448 1828 Ὀλύμπιος.
1505 1777 1672 1815 eundem

254 1839 366 1870 vocat
386 1834 595 1884 Olympum
611 1835 806 1870 Marsilius
825 1835 979 1870 Ficiuus
996 1834 1252 1870 Commentar.
1272 1835 1314 1870 in
1328 1833 1451 1874 libr.3
1472 1831 1671 1872 ennead.2

253 1889 399 1925 Plotini
426 1891 503 1929 126
530 1890 580 1925 A.
623 1887 849 1938 ’Όλυμττος,
886 1887 1059 1925 medicus
1089 1889 1331 1938 Cleopatrae,
1369 1889 1437 1939 qui
1468 1886 1671 1925 historiam

256 1943 399 1990 edidit,
428 1950 663 1980 memoratur
684 1956 706 1979 a
727 1942 934 1980 Plutarcho
953 1945 1021 1980 vit.
1041 1947 1182 1979 Auton.
1203 1943 1281 1983 953
1301 1944 1350 1979 D.

364 2011 404 2048 p-
432 2001 510 2039 303
543 2013 581 2037 v.
612 2001 675 2038 18.
735 1997 979 2050 Καρτᾶπων]
1023 1999 1079 2035 sic
1113 2011 1262 2035 omues.
1316 2010 1413 2034 num
1449 1996 1672 2036 Carteiam?

262 2054 524 2092 Cartennam?
579 2055 711 2090 confer
731 2061 862 2090 tamen
883 2067 921 2104 p.
942 2053 1021 2094 382
1050 2055 1089 2092 7.

365 2122 405 2158 p.
430 2111 521 2148 306.
579 2111 893 2148 ΕΦΗΜΕΡΟΣ
915 2108 1362 2157 ΒΡΟΝΤΟΣΚΟΠΙΑ]
1391 2105 1510 2154 haec,
1547 2118 1671 2158 usque

257 2162 308 2200 ad
334 2177 374 2213 Ρ.
405 2163 503 2209 331,
541 2164 620 2199 iam
651 2178 741 2201 cusa
772 2170 879 2200 erant
906 2164 947 2199 in
972 2164 1166 2212 Rutgersii
1190 2164 1278 2200 Var.
1306 2164 1429 2199 Lectt.
1453 2175 1494 2212 p.
1519 2160 1599 2204 247
1615 2183 1673 2190 —-

257 2220 358 2264 260,
399 2217 501 2254 uude
545 2221 721 2269 excerpsi
758 2219 941 2254 lectiones
978 2219 1167 2254 variantes
1203 2230 1302 2269 quae
1340 2224 1544 2256 cernuntur
1584 2229 1673 2253 cum

257 2273 352 2310 hie
342 2286 382 2309 ln
401 2275 502 2309 notis
521 2279 604 2309 tum
623 2275 797 2324 superius
818 2272 868 2309 ad
888 2285 994 2310 oram
1010 2274 1264 2323 pagellarum.

367 2341 406 2378 Ρ-
429 2330 507 2368 808
531 2341 570 2364 v-
594 2330 632 2367 6-
691 2327 823 2377 εὔροια
841 2326 953 2367 *τῶν
973 2328 1198 2379 ποταμίων]
1227 2329 1410 2375 fortasse,
1441 2323 1574 2378 εὔροια
1593 2327 1674 2364 τῶν

258 2385 468 2432 ποταμοῖν,
504 2384 681 2434 sequenti
711 2383 892 2430 diastole,
932 2383 1260 2434 quemadmodum
1287 2381 1403 2419 habet
1427 2381 1674 2431 Rutgersiu83

256 2445 299 2474 ut
318 2437 577 2488 supplendum
594 2441 643 2475 sit
662 2438 835 2490 aliquid
824 2452 864 2474 ιιι
880 2438 1011 2488 phrasi
1026 2441 1214 2490 sequenti.
1271 2437 1519 2486 scaturigines
1535 2436 1674 2472 fluvia-

257 2494 387 2530 tilium
421 2506 607 2544 aquarum
633 2495 734 2531 infra
766 2506 919 2546 quoque
951 2501 1200 2532 numerantur
1230 2495 1273 2530 in
1305 2493 1420 2530 rebus
1443 2491 1674 2528 salutaribus

256 2562 296 2599 p.
318 2551 397 2589 310
427 2552 472 2594 7,
507 2550 580 2586 Iul.
607 2552 670 2589 10.

366 2617 406 2654 p.
427 2606 504 2643 309
525 2618 562 2641 v-
583 2607 649 2644 22.
705 2605 900 2650 δουλικαῖς
918 2600 1077 2654 τύχαις]
1107 2603 1156 2640 cf.
1174 2617 1212 2653 p.
1226 2601 1305 2643 314
1333 2601 1371 2650 5,
1400 2599 1616 2652 Septembr.
1632 2601 1675 2639 7.

257 2671 309 2694 ex
339 2660 533 2708 Rutgersii
555 2661 657 2696 notis
676 2662 756 2700 290
773 2661 802 2696 C
828 2658 940 2696 video
965 2661 1178 2696 Meursium
1208 2671 1277 2708 pro
1301 2655 1432 2708 τύχαις
1454 2657 1583 2705 legere
1603 2667 1675 2692 vo-

255 2714 373 2750 luisse
405 2718 561 2764 ψυχαῖς.
618 2714 687 2753 sed
712 2715 902 2766 ιΙὸνίιιηαε
932 2714 1088 2751 serviles
1113 2726 1182 2764 pro
1214 2715 1308 2764 ipsis
1332 2713 1453 2751 servis
1477 2711 1596 2758 bene,
1632 2715 1676 2746 ut

257 2771 412 2819 opinor,
443 2767 594 2807 dicitur.
