1748 3210
422 181 499 222 DE
532 175 982 222 MAGISTRATIBUS
1014 176 1060 220 P.
1092 176 1146 219 R.
1180 175 1298 220 LIB.
1318 174 1394 218 III.
1531 176 1628 221 213

169 294 397 348 κινουμένης
414 294 456 336 ἐν
481 296 539 350 τῷ·
563 292 831 351 δικαστηρίῳ,
867 295 954 342 πῶς
973 289 1022 334 ἂν
1044 289 1165 341 αὐτὸς
1186 288 1401 346 ἀναγκαῖος
1423 286 1521 332 εἶναι
1543 297 1627 341 τοῖς

166 361 371 421 πράγμασι
390 363 627 415 νομισθείη,-

302 430 381 474 20.
441 430 515 484 Ἀβ
550 429 663 480 ἄκτις
694 429 768 483 μὲν
800 426 930 481 ὄνομα
957 430 1016 486 τῷ
1047 426 1337 486 φροντίσματι,
1370 426 1554 483 σημαίνει
1581 427 1627 470 δὲ

164 498 266 542 καθ’
291 496 501 555 ἑρμηνείαν
520 498 590 541 τὸν
609 504 693 548 τοῖς
714 498 777 540 ἐπὶ
794 494 980 554 χρήμασι
1002 496 1291 555 πραττομένοις
1310 497 1539 554 ἐφεστῶτα,
1567 525 1628 539 ...

129 566 365 623 ᾶπιγμέντις
381 568 477 618 τοὺς
496 568 560 609 ε’πὶ
576 571 657 610 τῶν
674 563 902 623 ἀρωμάτων
923 566 990 606 καὶ
1006 563 1226 622 ἆσηκρήτις
1243 564 1339 616 τοὺς
1362 566 1426 607 ἐπὶ
1446 569 1528 607 τῶν
1548 580 1627 620 ση-

161 635 320 693 κρήτων
354 636 480 691 (οὐδὲ
507 635 585 693 γὰρ
619 633 865 691 ἀδσηκρήτις
894 634 996 676 κατὰ
1027 633 1124 684 τοὺς
1153 632 1343 686 ἰδιώτας,
1385 635 1428 685 ἐξ
1462 633 1625 689 ἀγνοίας

160 704 264 758 μετὰ
279 708 354 747 τοῦ
370 705 490 748 δέλτα
509 705 702 759 στοιχείου
723 707 796 757 τῆς
813 702 1048 759 προθέσεως
1066 703 1410 758 ἔπιβαλλομένης)
1434 703 1502 744 καὶ
1521 701 1627 744 ἆσα-

159 770 278 827 βάνις
295 772 392 824 τοὺς
413 774 474 814 ἐπὶ
495 778 576 816 τῶν
599 772 823 827 βαλανείων
841 775 914 825 τῆς
934 771 1074 826 αὐλῆς.
1142 770 1217 813 δύο
1243 772 1290 813 δὲ
1309 773 1377 813 καὶ
1400 770 1534 814 αὐτῶν
1558 769 1628 813 ὅν·-

160 858 242 884 των
260 845 340 884 τῶν
364 843 420 896 ἀβ
443 840 576 894 ἄκτις,
613 840 684 891 οὓς
701 840 803 883 κατὰ
826 839 996 893 βαθμὸν
1015 837 1036 880 ὅ
1050 838 1200 895 χρόνος
1220 838 1298 880 ἀπὸ
1320 843 1402 882 τῶν
1421 836 1628 896 ταχυγρᾶ-

106 916 272 967 ῙΟφων,
307 909 496 967 καθάπερ
522 910 618 960 τοὺς
645 909 724 966 πρὸ
755 909 913 959 αὐτῶν,
947 910 1065 948 καλεῖ
1069 938 1083 958 ,
1113 905 1158 957 (ἐξ
1191 906 1335 963 ἄνδρες
1363 908 1527 964 ἓραστοὶ
1559 909 1629 950 καὶ

160 979 458 1032 νουνεχέστατοι
480 981 547 1020 καὶ
568 981 813 1035 σφριγῶντες
830 975 886 1018 ἔτι
894 1007 907 1027 ,
943 974 1023 1018 ἀπὸ
1043 978 1116 1018 τοῦ
1131 972 1339 1030 τάγματος
1358 980 1440 1017 τῶν
1456 976 1628 1031 Αὐγου-

154 1048 356 1098 .σταλι’ων,
388 1050 592 1101 βοηθοῦσι
612 1049 739 1098 δῆθεν
760 1043 817 1086 ἔτι
839 1046 907 1086 καὶ
925 1048 997 1086 νῦν
1016 1048 1074 1102 τῷ
1098 1042 1279 1097 ὀνόματι.
1348 1043 1464 1100 ἔργον
1484 1045 1530 1086 δὲ
1549 1043 1627 1086 αὖ·

157 1121 244 1165 τοῖς
260 1115 335 1164 τὰς
347 1114 602 1172 χρηματικὰς
616 1113 833 1163 ὑποθέσεις
849 1110 1078 1169 τρακτεύειν
1104 1112 1221 1168 (ἀντὶ
1238 1115 1311 1154 τοῦ
1327 1113 1627 1169 διαψηλαφᾶν)

158 1185 227 1226 καὶ
245 1184 443 1239 εἲσφέρειν
458 1182 758 1238 κριθησομένας
777 1185 835 1238 τῷ
852 1179 1031 1235 βήματι,
1059 1178 1369 1237 ὑπουργούντων
1388 1180 1526 1231 αὐτοῖς
1545 1184 1628 1223 τῶν

104 1258 148 1295 15
159 1248 541 1308 νομενκολατώρων,
571 1250 643 1300 οὓς
666 1247 935 1307 ἀναφωνήτας
953 1250 1020 1291 καὶ
1041 1255 1282 1304 συναγωγεῖς
1303 1247 1429 1291 πάλαι
1450 1249 1525 1303 μὲν
1544 1253 1626 1292 τῶν

156 1323 429 1375 συγκλητικῶν
456 1324 528 1361 νῦν
558 1320 602 1361 δὲ
631 1322 711 1361 τῶν
744 1320 957 1360 δικανικῶν
985 1315 1167 1374 ρητόρων
1197 1315 1296 1359 εἶναι
1316 1316 1625 1375 προειρήκαμεν.

155 1386 280 1442 νόμος
309 1389 352 1430 δὲ
383 1383 432 1441 ἦν
467 1388 566 1442 (καὶ
586 1387 665 1444 γὰρ
693 1387 766 1429 οὗκ
790 1385 919 1438 ἔστιν,
956 1385 1048 1443 ἄρτι
1072 1388 1305 1443 παροφθεὶς
1325 1387 1368 1436 ἐξ
1389 1386 1626 1444 ἀβελτερίας

155 1455 184 1512 ἢ
203 1457 378 1512 τάληθὲς
399 1457 519 1499 εἰπεῖν
539 1456 879 1510 κακοδαιμονίας)
907 1452 1039 1498 πάντα
1063 1455 1131 1496 διὰ
1153 1459 1234 1497 τῶν
1254 1452 1467 1512 παρόντων
1487 1455 1628 1505 αὐτοῖς

152 1525 483 1582 χαρτουλαρίων,
517 1526 585 1566 καὶ
615 1525 747 1566 αὐτῶν
779 1523 858 1565 ἀπὸ
886 1527 967 1565 τῶν
990 1521 1288 1580 ταχυγράφων,
1324 1523 1627 1580 ἀναφαίνεσθαι

100 1595 221 1636 mgni
242 1597 321 1636 τῶν
345 1593 565 1647 λεγομένων
591 1592 784 1650 ῥεγέστων
807 1590 833 1645 ἢ
853 1592 1114 1633 κοττιδιανῶν
1150 1592 1264 1645 (ἀντὶ
1287 1595 1362 1634 τοῦ
1387 1592 1627 1648 ἐφημέρων·

156 1661 321 1720 ῥέγεστα
355 1661 399 1703 δὲ
423 1659 615 1715 Ῥωμαῖοι
645 1660 718 1711 τὰς
749 1661 919 1715 βίβλους
953 1657 1020 1710 αἷς
1047 1659 1265 1716 ἐνέγραφον
1290 1660 1343 1701 τὰ
1365 1659 1625 1716 πραττόμενα

157 1731 338 1773 συνεῖδον
370 1727 578 1784 ὀνομάζειν
586 1762 600 1781 ,
635 1727 696 1772 ὅτι
729 1727 901 1786 ῥήγεστα
929 1727 1004 1778 τὰς
1027 1726 1192 1785 πράξεις
1226 1731 1300 1771 τοῦ
1332 1726 1626 1783 πολιτεύματος

248 1837 268 1873 1
289 1834 509 1881 κινουμένου
526 1838 573 1872 F.
727 1835 751 1871 4
774 1835 852 1880 lego
875 1832 928 1875 αἷς
949 1831 987 1873 οἳ.
1009 1836 1056 1872 F.
1194 1835 1217 1870 6
1239 1832 1277 1878 ἐξ
1299 1832 1475 1881 ἀγνοίας]
1500 1835 1622 1870 conie-

246 1887 347 1918 ctura
383 1895 428 1917 ex
462 1882 622 1928 reliquiis
658 1882 850 1917 literarum.
890 1883 935 1916 1⁴¹.
1121 1882 1143 1916 8
1181 1878 1299 1926 αὐλῆς
1320 1884 1372 1925 F,
1415 1882 1553 1925 ...λῆς
1577 1883 1622 1917 C.

248 1930 292 1964 10
315 1929 394 1973 lego
419 1928 601 1973 σεβαστοὶ.
650 1930 697 1963 cf.
723 1927 935 1971 αἰδεσίμους
957 1928 980 1962 3
1003 1926 1061 1962 35.
1087 1927 1133 1961 F.
1286 1929 1330 1963 16
1352 1928 1555 1962 &suavium
1577 1928 1621 1962 C.

247 1975 290 2009 19
314 1971 599 2018 ἀναφέρεσθαιῖ
737 1974 782 2008 22
802 1973 880 2017 lego
903 1971 972 2017 ῥῆς
992 1971 1133 2018 γε’στας.
1157 1974 1204 2008 F.
1616 1989 1619 1993 ·

155 2065 249 2100 tibus
271 2065 454 2110 permissa.
502 2064 629 2098 etenim
660 2075 734 2097 cum
762 2062 915 2106 cognitio
937 2061 1031 2096 nulla
1055 2062 1102 2096 sit
1125 2074 1239 2108 neque
1261 2063 1354 2098 aliud
1378 2062 1563 2109 quicquam
1585 2062 1623 2099 in

156 2110 286 2145 iudicio
306 2115 448 2154 agatur,
473 2110 644 2153 quomodo
663 2109 720 2142 ille
740 2108 958 2142 necessarius
980 2110 1087 2142 rebus
1110 2109 1355 2144 existimetur?

247 2157 304 2191 20.
351 2156 406 2190 Ab
438 2155 525 2189 actis
558 2167 683 2188 nomen
711 2155 867 2196 muneri3
903 2155 1078 2199 significat
1110 2159 1243 2200 autem,
1277 2155 1375 2189 iuxta
1407 2154 1621 2200 versionem,

157 2201 369 2247 pecuniariis
387 2201 474 2234 actis
494 2201 748 2246 praepositum,
768 2200 871 2234 sicuti
895 2212 916 2234 a
940 2200 1126 2246 pigmentis
1138 2228 1146 2241 ‚
1172 2201 1232 2246 qui
1251 2200 1415 2235 aromatis
1429 2227 1438 2245 ‚
1462 2212 1483 2234 a
1501 2213 1621 2235 secre-

155 2248 203 2282 tis
235 2248 374 2291 (neque
405 2246 495 2280 enim
519 2246 563 2280 ad
583 2247 730 2281 secretis
760 2248 948 2281 secundum
970 2247 1098 2280 idiotas
1121 2247 1324 2292 dicendum,
1357 2247 1623 2292 praepositione

156 2304 234 2328 cum
259 2292 362 2326 litera
384 2291 407 2326 δ
429 2302 493 2337 per
512 2292 743 2337 ignorantiam
766 2293 944 2336 adiecta),
979 2292 1040 2337 qui
1064 2293 1230 2337 secretis,
1261 2298 1296 2328 et
1320 2305 1341 2327 a
1367 2292 1529 2336 sabanis,
1557 2292 1619 2337 qui

154 2338 291 2373 balneis
319 2337 419 2372 aulae
449 2338 620 2383 praefecti
647 2342 740 2372 sunt.
788 2350 864 2372 cum
888 2344 1002 2372 autem
1027 2342 1062 2371 et
1085 2338 1156 2384 ipsi
1178 2344 1333 2374 actorum
1356 2339 1528 2383 praefecti
1551 2340 1621 2373 duo

156 2384 248 2428 sint,
277 2395 364 2428 quos
387 2384 561 2428 gradatim
590 2396 611 2418 a
640 2383 806 2428 notariis,
839 2384 943 2419 sicuti
970 2384 1126 2429 priores,
1161 2390 1296 2430 tempus
1322 2389 1446 2429 vocat,
1471 2395 1534 2418 sex
1558 2395 1621 2418 eos

157 2429 228 2464 viri
255 2429 474 2464 venerabiles
505 2437 542 2464 et
570 2429 852 2475 prudentissimi,
885 2442 926 2464 ac
953 2430 1115 2474 vigentes
1148 2431 1273 2475 etiam,
1307 2443 1350 2466 ex
1378 2430 1622 2474 Augustalium

157 2475 301 2520 ordine,
322 2476 524 2520 etiamnum,
549 2476 688 2511 nomine
710 2476 863 2520 scilicet,
887 2476 1067 2510 adiuvant.
1114 2487 1235 2510 munus
1260 2488 1346 2510 vero
1370 2487 1488 2510 eorum
1511 2486 1620 2520 pecu-

158 2521 286 2556 niurias
310 2533 431 2556 causas
453 2526 608 2557 tractare
627 2528 732 2567 atque
756 2523 800 2556 ad
824 2522 976 2556 tribunal
1004 2521 1206 2556 iudicandas
1229 2523 1390 2567 defen-e,
1416 2521 1620 2566 apparenti—

158 2569 224 2601 bus
245 2567 290 2601 iis
315 2567 650 2613 nomenclatoribus,
682 2579 768 2613 quos
801 2567 1004 2602 clamatores
1038 2573 1397 2612 congregatoresqne‚
1423 2572 1621 2602 senatorum

158 2613 298 2658 quidem
318 2613 396 2647 olim
409 2639 419 2656 ,
443 2625 532 2649 nunc
555 2626 640 2649 vero
662 2613 854 2649 forensium
873 2620 1068 2658 oratorum,
1090 2626 1167 2647 esse
1185 2614 1431 2660 praediximus.
1479 2613 1536 2647 lex
1557 2624 1620 2647 au-

160 2666 230 2693 tem
260 2662 336 2692 erat
359 2659 493 2704 (neque
516 2660 607 2695 enim
632 2666 707 2704 est,
738 2671 850 2706 nuper
871 2662 915 2694 ob
940 2659 1164 2694 stoliditatem
1185 2660 1283 2703 sive,
1318 2665 1356 2694 ut
1378 2670 1498 2693 verum
1522 2658 1620 2693 dica-

160 2715 235 2738 mus
248 2731 258 2748 ‚
280 2703 450 2739 insaniam
467 2707 670 2751 neglecta),
705 2707 819 2741 omnia
841 2718 905 2752 per
927 2711 1134 2752 apparentes
1158 2706 1202 2740 iis
1227 2705 1470 2750 chartularios,
1502 2705 1563 2759 qui
1584 2708 1621 2738 et

159 2750 231 2795 ipsi
250 2762 270 2784 e
291 2749 436 2785 notariis
455 2751 680 2797 legebantur,
701 2753 739 2786 in
758 2753 930 2797 regestis,
955 2757 994 2786 ut
1015 2756 1163 2796 vocant,
1191 2752 1250 2787 vel
1273 2751 1478 2795 cotidianis,
1508 2751 1547 2785 1d
1565 2754 1619 2785 est

159 2793 376 2839 ἐφημέροις,
400 2797 536 2841 notari,
560 2799 724 2844 (regesta
745 2804 861 2833 autem
877 2798 1044 2832 Romanis
1065 2798 1194 2842 libros,
1217 2798 1256 2832 in
1274 2798 1400 2843 quibus
1421 2802 1500 2832 acta
1517 2801 1620 2831 nota-

161 2843 268 2888 bant,
301 2842 478 2889 appellare
506 2844 655 2890 placuit,
690 2844 774 2890 quia
801 2857 858 2879 res
879 2850 998 2890 gestas
1017 2849 1147 2879 vocant
1168 2848 1247 2880 acta
1269 2844 1323 2880 rei
1342 2843 1552 2891 publicae),
1582 2842 1620 2877 in
