1748 3210
403 215 478 258 DE
511 214 788 259 MENSIBUS
821 215 1027 259 FRAGM.
1062 215 1284 259 CASEOL.
1472 215 1569 262 117

109 323 241 367 ἑκοῦσιν
277 321 362 367 ἀπὸ
399 325 476 380 τῆς
515 322 720 380 ἰδιότητος
755 327 824 362 τοῦ
853 326 956 366 θεοῦ
985 327 1143 380 λαβεῖν.
1203 322 1348 380 ἐπειδὴ
1378 320 1461 379 γὰρ
1491 325 1568 379 τῆς

111 394 327 440 Τιτανικῆς
353 389 520 447 ἡγεῖται
549 392 839 439 διακοσμήσεως
865 390 984 445 παροὶ
1013 391 1061 435 τό
1095 391 1357 447 διαιρετικὸν
1381 390 1565 434 καὶτῶν

109 463 260 507 περῶν
287 460 330 497 τὰ
355 458 608 514 ἀκρότατον,
638 460 685 504 ἒν
706 456 773 510 οἷς
791 457 987 515 ἑτερότης
1008 459 1212 516 ἐξέλαμψε
1225 473 1234 483 ·
1265 458 1339 503 διὰ
1361 459 1407 503 δὲ
1427 462 1565 503 ταῦτα

109 525 199 571 καὶ-
217 524 443 582 λαμβάνειν
479 526 595 566 αὐτόν
633 540 725 575 φασι
762 524 836 568 καὶ
877 526 1052 579 διδόναι
1087 527 1167 584 τὴν
1204 528 1426 584 βασιλείαν
1466 524 1566 572 οἷον

74 598 341 651 ῠμιιχητικῶς
369 598 432 633 καὶ
459 600 610 645 βιαίως,
653 595 810 641 δύναμίν
845 597 889 633 τε
919 594 1000 649 τὴν
1038 595 1264 649 ἐρίζουσαν
1298 594 1351 638 τοὶ
1383 594 1566 648 δεύτερα

105 667 199 714 τοῖς
225 660 400 717 πρώτοις
427 666 634 711 καθίστησι.
702 662 872 709 δυσμενὲς
907 660 991 718 γάρ
1022 662 1158 716 ὅντως
1187 666 1262 703 ἐστὶ
1290 666 1354 702 καὶ
1382 665 1565 707 δυσκοι-

104 728 302 786 νώνητον
327 729 376 774 τὸ
405 735 471 779 τῆς
500 731 709 779 ἑτερότητος
733 731 860 778 γένος,
892 730 942 774 οἷς
964 729 990 773 ὁ
1012 729 1248 783 Πλάτωνος
1269 734 1398 783 λόγος.
1455 729 1565 775 ὅθεν

105 795 160 854 δὴ
199 798 274 841 καὶ
313 799 543 852 διακρίνειν
580 802 639 837 δεῖ
674 799 820 843 πάντως
861 798 980 837 αὐτὸν
1017 799 1091 837 ἀπὸ
1130 802 1213 842 τοῦ
1250 798 1438 854 πατρός,
1490 799 1566 843 καὶ

105 864 447 922 καταλαμβάνειν
475 864 592 910 οὕτως
621 867 689 914 τήν
717 866 793 904 ΰπὸ
821 871 890 904 τοῦ
910 868 1003 911 Διὸς
1030 868 1099 915 τήν
1118 868 1211 915 πρὸς
1234 865 1441 920 ἑκάτερον
1461 865 1566 922 ὁμό-
1614 879 1616 881 ’

51 940 256 985 Ῑθνοιαν,
299 932 371 977 διὰ
398 933 477 990 τήν
505 932 694 988 ἰδιότητα
721 935 790 981 τήν
826 936 1023 982 Τιτανικὴν
1046 960 1182 973 ......
1196 933 1422 988 ασάμενος.
1478 950 1565 978 τοι·

105 1004 221 1044 αὕτα
247 1001 326 1055 μὲν
353 1001 426 1044 καὶ
456 999 586 1051 αὐτὸς
615 999 683 1042 ἐπὶ
712 1004 786 1056 τῆς
815 1004 904 1044 τῶν
934 1003 1065 1056 ἱερῶν
1093 1005 1231 1057 μύθων
1258 1001 1534 1054 ἅναπτύξεως.

200 1068 338 1111 ’Κατᾰ
379 1067 424 1112 ὸὲ
460 1066 781 1123 τ’ἡν-νεομηυίαν
818 1072 894 1112 τοῦ
933 1067 1091 1125 μηνός,
1139 1067 1349 1117 ἀπέχοντες
1374 1072 1566 1125 κράμβης,

103 1135 280 1190 ηὔχοντο
313 1138 558 1180 Ποσειδῶνι
588 1135 662 1178 καὶ
689 1135 895 1193 Ἀφροδίτῃ
925 1137 996 1180 καὶ
1024 1136 1300 1194 Ἀμφιτρίτῃ,
1341 1139 1496 1186 προσέτι
1524 1139 1566 1177 δὲ

104 1206 145 1241 αἶ
173 1203 377 1257 δυνάμεις
403 1206 463 1260 τῷ
482 1201 657 1262 Κρόνῳ,
686 1202 790 1251 ὑπὲρ
821 1210 887 1243 τοῦ
919 1205 1132 1260 ἐσομένου
1160 1209 1396 1261 χειμῶνος·
1427 1203 1566 1252 ὁμοίως

52 1283 93 1317 15
107 1272 147 1310 δὲ
173 1271 247 1315 καὶ
280 1270 398 1328 Τύχῃ
428 1269 588 1327 ἐφόρῳ,
618 1269 901 1328 Σωφροσύνη
931 1288 969 1310 τε
997 1276 1059 1310 καὶ
1076 1271 1249 1326 Ἔρωτι,
1278 1271 1331 1316 ὃν
1359 1273 1404 1315 οἱ
1431 1277 1566 1327 μυθι-

103 1338 177 1381 κοὶ
207 1341 384 1388 Ζεφύρου
422 1344 490 1377 τοῦ
527 1343 725 1394 γίγαντος
761 1336 874 1382 εἶναι
911 1341 1048 1383 παῖδα
1086 1338 1294 1391 ἀξιοῦσιν,
1338 1338 1396 1390 ὥς
1428 1350 1566 1394 φησιν

103 1405 309 1460 Εὔρυτος
346 1404 371 1450 ὁ
410 1408 733 1455 Λακεδαιμόνιος,
784 1406 803 1445 ὁ
838 1405 1085 1458 μελοποιός·
1128 1405 1300 1462 ἄρχεται
1339 1407 1386 1451 δὲ
1425 1405 1566 1459 οὕτως

97 1471 403 1530 “α’γαλμοειδὲς
426 1473 604 1529 ’‘anm'’
661 1471 686 1518 ὁ
715 1474 757 1513 δὲ
788 1477 945 1512 Πλάτων
983 1474 1030 1518 ἐν
1058 1475 1299 1530 Συμποσίῳ
1339 1474 1449 1530 φησὶ
1477 1478 1568 1525 τοῖς

102 1545 180 1599 τῆς
205 1542 438 1598 Ἀφροδίτης
465 1543 708 1597 γενεθλίοις
737 1543 808 1590 τήν
831 1545 978 1584 Πενίαν
1006 1546 1332 1596 προσαιτοῦσαν
1352 1541 1567 1593 ἀνελθεῖν,

49 1610 176 1655 sonat
205 1609 346 1666 λάθρᾳ
374 1616 422 1662 τῷ
447 1611 570 1669 Πόρῳ
599 1608 868 1666 μεθυσθέντι
896 1612 974 1653 τοῦ
1004 1609 1212 1664 νέκταρος
1242 1609 1567 1665 ἐπιβουλεῦσαι,

102 1678 178 1722 καὶ
207 1677 345 1729 οὕτως
372 1681 584 1734 κυηθῆναι
611 1677 689 1721 τὸν
708 1675 898 1733 Ἔρωτα·
931 1675 1025 1721 ὅθεν
1042 1680 1238 1733 Μωϋσῆς
1262 1674 1286 1721 ὁ
1309 1677 1447 1728 πολύς
1467 1676 1569 1730 περὶ

103 1749 179 1801 τῆς
216 1744 579 1801 ἀνθρωπογονίας
622 1742 867 1801 ἀλληγορεῖ.
933 1747 1039 1789 κατὰ
1077 1743 1242 1801 ταύτην
1281 1743 1362 1801 τὴν
1400 1742 1569 1800 ἡμέραν

105 1812 290 1859 δύεσθαι
317 1813 393 1866 τὰς
421 1812 560 1866 ὑάδας
587 1814 661 1859 καὶ
690 1812 740 1858 τὸ
768 1811 922 1858 λοιπὸν
950 1818 1119 1869 χειμῶνα
1150 1812 1173 1858 ὁ
1197 1811 1385 1869 Βάρρων
1413 1811 1536 1869 λέγει.

194 1962 218 1996 3
241 1963 324 1997 fort.
350 1960 410 2007 δή.
456 1962 614 1998 ΗΛεωε.
755 1964 799 1999 23
815 1960 962 2008 βόρρων
984 1963 1026 1997 C.

105 2099 217 2133 tiisse.
265 2111 343 2134 nam
378 2111 454 2135 cum
483 2099 617 2144 praesit
644 2098 759 2133 ordini
780 2097 926 2133 Titanio
950 2099 994 2132 ob
1022 2097 1092 2132 vim
1119 2097 1342 2133 discretivam
1373 2103 1409 2132 et
1431 2097 1569 2132 intelle-

105 2145 267 2179 ctualium
289 2146 538 2189 summitatem,
563 2146 600 2179 in
619 2145 744 2189 quibus
769 2144 878 2178 eluxit
901 2144 1107 2187 diversitas,
1131 2143 1262 2178 idcirco
1286 2156 1363 2179 eum
1382 2144 1481 2189 quasi
1500 2156 1566 2189 pu-

104 2196 268 2234 gnantem
288 2203 329 2225 ac
349 2191 386 2224 vi
409 2191 567 2226 adhibita
590 2203 665 2225 cum
687 2191 847 2235 accipere
871 2191 990 2224 ferunt
1012 2196 1084 2223 tum
1103 2191 1242 2226 tradere
1260 2202 1416 2235 regnum,
1441 2195 1568 2235 poten-

105 2236 257 2281 tiamque
281 2238 434 2271 secunda
463 2249 539 2271 cum
570 2237 691 2282 primis
715 2238 981 2271 contendentem
1006 2235 1232 2270 constituunt.
1278 2236 1454 2270 inimicum
1478 2235 1568 2269 enim

104 2282 265 2326 profect-o
299 2289 333 2316 et
360 2283 565 2318 insociabile
595 2289 650 2317 est
672 2282 888 2317 diversitatis
910 2293 1020 2326 genus
1044 2289 1184 2316 auctore
1208 2281 1368 2316 Platone.
1415 2293 1568 2326 quapro-

104 2332 187 2372 pter
213 2333 250 2362 et
274 2328 442 2373 distingui
470 2340 547 2363 eum
581 2334 721 2375 oportet
753 2328 889 2362 omnino
923 2340 943 2361 a
966 2334 1087 2372 patre,
1124 2334 1160 2361 et
1182 2328 1233 2361 sic
1254 2327 1450 2371 intelligere
1472 2326 1569 2360 lovis

105 2384 182 2407 cum
204 2379 353 2419 utroque
376 2375 607 2419 concordiam,
631 2377 675 2410 ob
694 2374 945 2421 proprietatem
968 2373 1159 2408 Titaniam.
1180 2398 1190 2408 .
1207 2398 1218 2407 .
1266 2374 1353 2407 haec
1374 2373 1433 2407 ille
1454 2372 1492 2406 in
1510 2383 1567 2407 sa—

105 2430 241 2453 crarum
263 2420 486 2455 traditionum
507 2421 752 2466 explicatione.

198 2465 303 2500 Nova
323 2465 405 2500 luna
427 2467 527 2502 huius
552 2467 692 2511 mensis,
717 2466 806 2501 cauli
830 2466 1058 2508 abstinentes,
1083 2465 1250 2509 Neptuno
1271 2463 1404 2498 Veneri
1422 2461 1568 2507 Amphi-

106 2510 213 2544 tritae
227 2511 480 2556 supplicabant,
500 2514 712 2559 insuperque
732 2518 926 2558 potestates
946 2513 1111 2553 Saturno,
1136 2521 1199 2555 pro
1220 2510 1332 2543 hieme
1352 2508 1571 2550 imminente3

109 2563 147 2590 et
163 2556 267 2590 simili
289 2558 389 2591 modo
411 2559 589 2594 Fortunae
612 2559 778 2604 praesidi,
803 2557 999 2592 Pudicitiae
1023 2563 1128 2601 atque
1146 2556 1285 2599 Amori,
1309 2566 1410 2600 quem
1433 2553 1570 2588 fabula-

108 2613 183 2635 rum
202 2602 390 2647 scriptores
414 2604 572 2650 Zephyri
590 2605 740 2650 gigantis
764 2604 873 2638 filium
897 2615 974 2637 esse
994 2603 1124 2645 volunt,
1148 2602 1431 2658 quemadmodum
1450 2600 1570 2643 Eury-

108 2653 164 2681 tus
185 2647 480 2684 Lacedaemonius
503 2651 633 2695 lyricus
657 2651 768 2686 canit:
794 2650 929 2684 orditur
953 2655 1065 2682 autem
1085 2649 1136 2681 sic
1171 2645 1263 2682 ‘visu
1284 2648 1411 2681 decore
1430 2642 1572 2679 Amor.''

108 2693 210 2726 Plato
235 2700 357 2728 contra
378 2695 414 2727 in
433 2696 605 2731 Convivio
630 2704 750 2731 auctor
770 2702 825 2731 est
842 2694 1014 2730 nataliciis
1038 2694 1186 2727 Veneris
1207 2694 1454 2738 Paupertatem
1473 2702 1570 2725 men-

108 2739 280 2772 dicantem
305 2741 525 2787 ascendisse,
558 2750 662 2788 atque
677 2743 783 2776 ·Por0
817 2755 860 2776 ex
892 2747 1032 2775 nectare
1067 2740 1164 2774 ebrio
1189 2739 1274 2774 clam
1299 2738 1498 2772 insidiatam
1519 2737 1570 2771 ita

109 2786 312 2830 concepisse
333 2786 514 2828 Amorem3
539 2790 630 2823 unde
648 2788 792 2832 Moyses
812 2798 950 2833 quoque
972 2786 1027 2818 vir
1046 2797 1188 2830 magnus
1211 2786 1254 2819 de
1273 2784 1446 2818 hominum
1468 2794 1568 2817 crea—

109 2829 207 2864 tione
225 2830 423 2875 allegoriam
446 2833 558 2868 duxit.
605 2836 726 2871 eodem
747 2835 805 2869 die
829 2833 989 2869 occidere
1012 2831 1148 2867 suculas
1174 2837 1211 2866 et
1232 2831 1269 2865 in
1292 2836 1470 2876 posterum
1492 2827 1569 2865 hie-

112 2886 198 2910 mem
220 2888 299 2911 esse
317 2877 430 2912 Varro
450 2878 512 2913 ait.
