1748 3210
198 199 292 244 166
625 228 627 232 -
709 200 928 243 IOANNIS
962 199 1095 241 LYDI

191 313 258 353 καὶ
288 312 389 364 δῆλα
420 311 470 352 τὰ
501 309 632 353 λοιπά.
700 311 793 364 (2)
829 316 967 366 κρατεῖ
989 311 1032 351 δὲ
1064 314 1141 352 τῶν
1164 309 1263 354 ὅλων
1284 311 1304 354 ὃ
1326 315 1507 369 Καῖσαρ,
1539 316 1604 357 καὶ

191 379 254 420 ἐπὶ
283 380 519 434 τριακοσίοις
549 375 812 431 αἰχμαλώτοις
835 375 1093 433 θριαμβεύων
1118 382 1343 430 βασιλεῦσιν
1368 381 1519 434 ἀναβὰς
1546 385 1603 435 εἰς

189 446 262 500 τὴν
276 443 430 498 Ῥώμην
457 444 501 486 οὗ
530 443 724 497 βασιλέως
757 445 828 498 (τί
869 444 881 459 ²
904 443 952 486 ἂν
973 443 1030 498 εἴη
1047 445 1230 499 μεῖζον,·)
1264 443 1382 500 ἤγουν
1403 447 1603 504 μονάρχου

186 512 292 561 τινὸς
311 510 510 564 ὖπέμεινεν
528 509 713 552 ὑπελθεῖν
728 512 993 568 προσηγορίαν
1001 543 1015 562 ,
1049 511 1171 566 ἄλλην
1194 513 1240 553 δέ
1255 519 1341 554 τινα
1360 511 1488 569 καῖῗτῇ
1506 513 1603 570 τύχῃ

187 579 427 633 ἠγνοημένην
451 573 574 631 ε’ζῆτει
601 577 731 631 τιμήν.
799 577 853 627 ὥς
881 579 958 635 γὰρ
990 580 1032 620 ἔκ
1057 583 1130 620 τοῦ
1156 573 1405 622 Καπιτωλίου
1423 581 1521 632 μετὰ
1537 579 1636 626 τόνό

186 646 390 701 θρίαμβον
407 645 467 685 ἐπὶ
485 645 556 698 τὴν
572 646 722 698 βουλὴν
737 645 896 701 ἐφέρετο
906 677 918 696 ,
953 645 1216 703 ἐκδραμόντος
1234 646 1339 695 τινὸς
1355 641 1432 688 ’τῶν
1450 644 1490 687 ἐν
1507 647 1607 697 τέλει

186 717 259 765 τῆς
292 715 480 767 στρατιᾶς
509 713 574 752 καὶ
599 712 791 768 στέφανον
818 704 1019 767 ἀγνοοῦντι
1047 714 1304 770 περιθεμένου
1333 712 1466 766 λαβὼν
1491 713 1608 762 αὐτὸς
1644 711 1645 714 “

184 777 348 834 ἔρριψεν
376 779 605 833 ἀγανακτῶν
613 811 625 830 ,
660 777 715 828 ὥς
739 778 856 835 ὕβριν
883 778 1087 833 ὑπομένειν
1105 778 1319 833 ὑπολαβών
1326 811 1340 830 ,
1374 781 1408 821 εἲ
1423 779 1610 832 βασιλεῦς

180 847 419 901 χρηματίσοι
448 843 469 887 ὃ
503 845 715 894 τοσούτους
739 847 929 898 βασιλέας
950 850 1004 896 εἷς
1022 849 1200 888 δουλείαν
1217 845 1431 902 ὗπαγαγιὺν
1453 848 1518 887 καὶ
1537 844 1610 888 αὖ·

182 913 254 966 τὴν
275 913 318 953 δὲ
337 913 410 966 τὴν
427 910 549 966 τύχην
569 911 679 954 ἑλών.
721 913 847 962 οὕτως
862 915 1107 971 ἐμφορηθεὶς
1124 921 1210 964 ταῖς
1229 914 1454 970 εὐπραγίαις
1469 913 1609 967 ἠξίωσε
1621 924 1664 959 10

182 978 298 1032 μόλις
325 978 422 1028 θεός
447 996 489 1020 τε
519 977 603 1033 ἅμα
623 981 689 1021 καὶ
706 979 910 1037 ἀρχιερεὺς
929 983 994 1021 καὶ
1012 980 1160 1030 ὕπατος
1180 983 1246 1022 καὶ
1265 980 1463 1036 μόναρχος
1493 974 1620 1031 ἔσαείζ

183 1047 250 1087 καὶ
273 1044 485 1099 ιΡωμαίων
504 1047 577 1100 μὲν
596 1051 751 1102 πρῶτος
771 1048 977 1104 ἐπίτροπος
995 1049 1038 1089 δὲ
1054 1052 1132 1090 τῶν
1151 1046 1377 1101 ἁπανταχοῦ
1402 1043 1615 1100 βασιλέων)
1664 1036 1670 1042 ¹

182 1114 250 1154 καὶ
265 1113 466 1169 ἵππαρχος
483 1114 549 1154 καὶ
567 1114 697 1169 πατὴρ
715 1116 905 1170 πατρίδος
920 1117 985 1156 καὶ
1003 1115 1220 1171 στρατηγὸς
1235 1117 1300 1156 καὶ
1317 1113 1447 1171 φύλαξ
1463 1112 1613 1163 πόλεως

181 1181 248 1220 καὶ
275 1185 430 1235 πρῶτος
459 1179 675 1235 δημάρχων
699 1183 967 1236 χρηματίσαι,
1003 1182 1146 1235 στολὴν
1175 1186 1300 1223 ταῦτα
1319 1178 1447 1222 πάντα
1466 1181 1612 1234 σημαί-

180 1262 326 1288 νουσαν
354 1244 517 1294 ὑποδύς.
585 1248 650 1287 καὶ
671 1245 797 1299 ὄνομα
813 1248 885 1300 μὲν
902 1247 1000 1303 αὐτῇ
1019 1247 1288 1304 τριουμφάλια
1318 1247 1438 1300 (οὐδὲ
1459 1247 1535 1303 γὰρ
1563 1241 1612 1300 ἦν
1625 1258 1666 1293 15

181 1311 348 1367 εὔπορον
389 1311 492 1354 οὕτω
529 1312 830 1366 πολυσήμαντον
866 1314 1032 1370 ἐξευρεῖν
1063 1319 1110 1369 τῇ
1146 1318 1266 1370 στολῇ
1307 1314 1612 1370 προσηγορίαν),

175 1379 299 1433 χιτὼν
327 1379 371 1420 δὲ
397 1374 446 1433 ἦν
479 1377 590 1421 ἔνδον
617 1381 689 1433 μὲν
714 1382 756 1422 ἐκ
783 1379 1014 1437 πορφύρας,
1055 1379 1211 1426 ἄνωθεν
1249 1381 1292 1421 δὲ
1318 1380 1469 1435 χρυσὸς
1499 1378 1613 1431 ὅλως,

180 1444 314 1502 ὥσπερ
354 1446 590 1495 ἓλασθέντος
626 1449 837 1501 διεστηκώς
867 1452 936 1489 τοῦ
964 1452 1144 1504 χρυσοῦ,
1187 1452 1252 1489 καὶ
1283 1450 1410 1503 λῶρος
1432 1446 1614 1488 ἄνωθεν·

181 1511 285 1554 οὕτω
307 1514 349 1554 δὲ
369 1513 439 1566 τὴν
455 1512 707 1569 χρυσήλατον
724 1517 903 1567 ἐπωμίδα
917 1512 1134 1567 ςΡωμαίοις
1155 1514 1310 1570 ἀρέσκει
1329 1517 1472 1555 καλεῖ-ν.
1516 1511 1614 1555 ταύ-

180 1596 252 1632 την
267 1580 340 1633 τὴν
357 1580 502 1632 στολὴν
523 1578 617 1629 ἔθος
633 1579 844 1636 ἐκράτησεν
863 1583 903 1630 ἐξ
920 1581 1063 1622 ἐκείνου
1081 1581 1174 1630 τοὺς
1186 1579 1398 1634 εΡωμαίων
1417 1578 1614 1636 αὖτοκρά-
1623 1591 1669 1625 20

180 1662 302 1702 τορας
329 1645 600 1700 ἀμπέχεσθαι,
629 1645 723 1688 ὅταν
756 1649 818 1688 ἐπὶ
847 1652 1075 1700 βασιλεῦσιν
1105 1647 1371 1700 αἰχμαλώτοις
1388 1643 1616 1702 θριαμβεύ-

181 1729 294 1755 σωσι.
359 1714 425 1754 καὶ
457 1717 573 1756 τοῦτο
606 1715 726 1767 δῆλον
754 1716 795 1756 ἓν
823 1713 918 1768 ἡμῖν
949 1714 1188 1769 ἀπεδείχθη,
1227 1713 1290 1757 ὅτε
1319 1716 1359 1755 Γ
1356 1714 1515 1770 ελίμερα
1547 1713 1616 1756 τὸν

274 1841 317 1874 17
338 1840 492 1883 χρυσοῦς
512 1835 624 1880 ἔλας’.)
757 1842 801 1876 21
825 1852 938 1876 nonne
958 1839 1237 1886 θριαμβεύωσιῖ
1371 1841 1418 1875 22
1439 1840 1616 1884 Γελίμερα

268 1882 337 1918 τὸν
359 1887 411 1930 F,
436 1885 658 1930 Γελίμερτῶν
675 1886 718 1921 C.

179 2007 258 2030 sare
278 1996 461 2031 stantibus.
507 1997 641 2042 reliqua
662 1999 754 2032 nota.
802 1998 871 2042 (2)
894 2009 1008 2032 rerum
1027 2009 1111 2032 vero
1134 1997 1266 2042 potitur
1288 1998 1435 2039 Caesar3
1461 1996 1519 2040 qui
1543 2008 1616 2030 cum

180 2043 223 2075 de
253 2042 416 2075 trecentis
443 2043 552 2086 captis
581 2043 719 2086 regibus
748 2042 960 2087 triumphans
985 2045 1125 2077 Romam
1149 2042 1325 2086 rediisset,
1362 2054 1429 2075 non
1451 2042 1617 2086 principis

181 2086 290 2130 (quid
313 2090 426 2119 autem
448 2087 554 2120 maius
577 2089 722 2131 foret2)
759 2093 817 2122 aut
838 2088 958 2122 summi
982 2088 1127 2122 rectoris
1149 2099 1272 2120 nomen
1300 2087 1414 2121 subire
1441 2086 1616 2128 sustinuit,

180 2142 299 2164 verum
327 2131 428 2164 alium
456 2133 623 2175 quendam
653 2138 688 2166 et
714 2133 873 2166 fortunae
895 2132 1048 2176 ignotum
1076 2134 1237 2166 honorem
1269 2132 1453 2176 quaesivit.
1498 2143 1574 2165 nam
1597 2143 1618 2164 e

180 2174 353 2219 Capitolio
382 2181 461 2220 post
483 2176 688 2222 triumphum
710 2177 746 2210 in
769 2178 897 2211 curiam
919 2178 1065 2221 vehens,
1100 2189 1174 2211 cum
1196 2189 1215 2210 e
1239 2177 1450 2221 principibus
1482 2175 1615 2210 exerci-

178 2225 234 2253 tus
260 2219 396 2263 quidam
420 2221 650 2263 procurrisset
671 2233 897 2266 coronamque
914 2222 1034 2265 ignaro
1058 2221 1295 2266 imposuisset,
1320 2222 1396 2266 ipse
1416 2221 1618 2265 prehensam

177 2264 284 2298 iratus
309 2265 476 2309 proiecit,
503 2267 601 2309 quasi
623 2267 883 2310 ignominiosum
906 2267 973 2300 sibi
993 2273 1108 2310 ratus,
1131 2267 1183 2311 si,
1208 2266 1267 2310 qui
1289 2273 1342 2300 tot
1361 2277 1462 2310 reges
1481 2265 1518 2299 in
1541 2276 1615 2299 ser-

177 2309 321 2343 vitutem
338 2310 532 2353 redegisset
550 2311 728 2356 ipsamque
749 2313 918 2345 fortunam
943 2317 1162 2356 superasset,
1196 2323 1258 2344 rex
1281 2310 1521 2355 appellaretur.
1566 2309 1618 2343 ita

181 2354 348 2388 felicitate
378 2355 549 2399 repletus,
582 2356 642 2389 vix
671 2357 754 2390 deus
786 2356 884 2390 simul
911 2360 947 2390 et
977 2357 1134 2402 pontifex
1161 2361 1195 2389 et
1226 2356 1342 2389 consul
1370 2361 1406 2389 et
1433 2358 1618 2398 perpetuus

180 2405 314 2442 rector,
350 2400 644 2445 Romanorumque
675 2401 824 2445 primus,
856 2405 949 2434 tutor
978 2414 1060 2436 vero
1084 2401 1227 2436 omnium
1251 2401 1343 2434 orbis
1366 2405 1532 2433 terrarum
1556 2410 1614 2432 re-

180 2456 280 2488 gum,
316 2448 351 2478 et
374 2444 535 2488 magister
558 2446 708 2490 equitum
731 2451 766 2480 et
785 2450 884 2490 pater
901 2447 1035 2489 patriae
1057 2452 1093 2480 et
1112 2447 1295 2490 imperator
1324 2449 1359 2478 et
1389 2449 1503 2478 custos
1522 2443 1617 2476 urbis

183 2495 219 2522 et
251 2489 380 2533 primus
404 2491 615 2524 tribunorum
646 2491 754 2535 plebis
785 2491 949 2535 appellari
974 2491 1103 2535 voluit,
1136 2495 1267 2525 vestem
1290 2489 1374 2522 haec
1398 2489 1510 2522 omnia
1526 2487 1617 2522 indi-

183 2539 315 2567 cantem
341 2534 499 2576 indutus;
535 2546 621 2579 quae
647 2536 782 2579 quidem
803 2536 1014 2580 triumphalis
1044 2537 1137 2570 dicta
1161 2540 1230 2569 est:
1266 2546 1377 2578 neque
1402 2534 1491 2567 enim
1517 2532 1620 2567 facile

183 2584 257 2612 erat
277 2583 346 2613 tam
363 2579 468 2612 multa
485 2579 680 2623 significans
700 2592 822 2614 nomen
840 2581 930 2615 vesti
946 2582 1114 2626 reperire.
1176 2583 1250 2613 erat
1279 2585 1389 2613 autem
1422 2578 1538 2612 tunica
1560 2577 1616 2610 in-

184 2623 291 2656 terius
309 2635 499 2668 purpurea,
526 2625 676 2659 exterius
697 2637 780 2659 vero
799 2630 872 2659 tota
890 2637 1011 2669 aurea,
1043 2625 1141 2669 qnasi
1165 2626 1265 2658 ducto
1290 2635 1372 2657 auro
1394 2623 1525 2667 rigida,
1555 2632 1619 2656 nec

183 2679 251 2700 non
270 2668 343 2701 loro
365 2680 520 2713 superne*
532 2676 666 2704 ornata:
690 2671 740 2703 ita
759 2676 870 2704 autem
889 2683 931 2704 ex
949 2683 1030 2704 auro
1050 2673 1174 2704 factum
1194 2669 1364 2702 humerale
1388 2672 1618 2701 ornamentum

182 2712 327 2746 Romani
354 2726 479 2748 vocare
515 2715 639 2749 solent.
686 2716 774 2749 hanc
802 2720 932 2749 vestem
956 2716 1099 2749 induere
1129 2716 1355 2748 Romanorum
1381 2713 1616 2757 imperatores,

184 2768 262 2790 cum
279 2759 321 2790 de
344 2759 492 2803 captivis
515 2761 655 2804 regibus
679 2761 944 2805 triumpharent,
967 2772 1009 2794 ex
1032 2761 1089 2794 illo
1111 2760 1213 2792 moris
1232 2759 1317 2800 fuit3
1339 2759 1429 2802 quod
1450 2757 1539 2801 apud
1555 2766 1618 2789 nos

186 2802 367 2837 manifeste
397 2805 530 2851 patuit,
567 2817 634 2850 quo
657 2811 811 2850 tempore
834 2805 1060 2850 Gelimerem,
1094 2804 1321 2839 Vandalorum
1344 2810 1380 2837 et
1400 2803 1533 2846 Libyae
1559 2811 1616 2834 re-
