1748 3210
563 173 1022 220 COMMENTARIUS.
1336 194 1338 196 >
1411 184 1518 215 xxix

171 312 362 363 impresso
381 315 515 348 nostro
538 306 719 347 codicum
737 309 1004 356 Gnaeoorum,
1032 320 1072 359 p.
1090 306 1193 355 429,
1222 305 1291 343 ubi
1310 302 1423 358 Lydo
1441 318 1518 343 no-

171 387 251 420 stro
284 390 494 431 perperam
525 377 708 415 tribuitur
739 377 933 429 anonymi
966 377 1130 414 alicuius
1167 376 1435 426 fragmentum
1468 372 1518 410 de

171 454 298 486 terrae
315 445 509 494 motibus,
537 444 730 496 incipiens
749 439 949 484 Καθόλου
962 443 1100 485 τοίνυν
1120 441 1212 495 περὶ
1232 445 1314 482 τῶν
1334 440 1376 482 ἐν
1397 444 1448 498 τῇ
1467 443 1522 497 γῇ

171 513 393 571 γινομένων
413 514 596 564 σεισμῶν.
652 510 762 564 quod
781 519 922 549 autem
940 524 1077 563 supra,
1105 524 1147 563 p.
1167 523 1294 559 xmu,
1326 509 1413 547 dixi
1435 510 1520 547 fra-

173 589 381 636 gmentum
406 580 510 634 Lydi
539 579 588 618 de
617 580 767 618 Terrae
791 579 991 627 motibus,
1020 581 1144 619 ταῦτα
1171 576 1243 631 μὲν
1272 576 1322 619 ἅν
1343 595 1403 628 τις
1419 576 1523 631 πρός

172 650 244 701 τοὶς
270 646 445 702 φυσικὰς
472 647 650 696 ἐννοίας,
687 645 731 684 id
755 647 833 684 fflo
859 660 912 684 ex
939 645 1072 684 codice
1100 649 1262 685 omnino
1286 648 1417 686 abest:
1459 647 1520 684 Cl.

173 731 268 759 vero
286 718 411 756 Tusci
425 714 700 754 kalendarium
716 715 838 763 inest,
869 716 990 767 inque
1010 715 1197 766 catalogo
1214 717 1406 767 impresso
1421 713 1519 752 ibid.
1545 725 1580 759 p.
1602 722 1693 746 var

174 801 216 839 Ρ.
245 784 328 827 429
353 786 454 834 ima,
482 796 548 822 no.
579 781 629 832 4,
667 781 731 821 his
766 783 902 820 veerbis
936 791 1286 821 commemoratur:
1315 782 1525 833 Anonymi

175 853 452 892 kalendarium
482 853 563 890 sive
593 850 878 902 ephemerides,
906 851 962 887 in.
976 850 1121 903 quihus
1145 859 1340 889 astrorum
1361 858 1468 888 ortus
1487 858 1524 888 et

172 935 335 961 occasus
356 927 432 960 etc.

117 989 172 1042 4)
202 991 247 1027 in
272 987 405 1028 codice
431 987 645 1026 Parisiensi
670 999 735 1024 no.
762 983 900 1034 3084,
930 986 1027 1024 olim
1055 986 1201 1037 Regio,
1232 999 1255 1023 a
1276 987 1417 1038 Bigoto
1440 989 1524 1025 Ita-

173 1058 272 1105 liam
295 1057 487 1095 lustrante
518 1055 584 1109 (v.
601 1067 719 1106 supra
741 1067 782 1105 Ρ.
809 1053 987 1106 xxxvn)
1018 1056 1072 1093 ita
1098 1062 1302 1107 per-arato,
1331 1062 1376 1093 ut
1395 1057 1525 1107 epito-

174 1138 269 1164 men
286 1126 479 1162 maiorem
496 1124 610 1161 illam
629 1123 721 1160 libri
746 1121 798 1160 de
826 1123 1029 1162 Mensibus
1046 1122 1278 1162 kalendario
1296 1122 1374 1162 hoo
1390 1131 1525 1162 nostro

174 1193 350 1237 subiecto
369 1193 611 1230 terminaret.

119 1260 177 1315 6)
219 1262 262 1300 in
305 1260 528 1311 exemplari
567 1258 794 1296 Mariniano
835 1259 1015 1310 superius
1053 1265 1271 1298 memorato
1304 1272 1346 1311 p.
1374 1270 1526 1309 xxxlx,

175 1330 332 1369 Harles.
354 1330 441 1366 looo
465 1328 531 1364 cit.
551 1328 631 1362 vol.
649 1323 676 1363 4
695 1338 736 1375 Ρ.
758 1324 842 1367 157
862 1326 934 1362 lin.
954 1329 1024 1367 22.

232 1396 382 1446 Quibus
404 1406 458 1431 ex
477 1394 652 1445 quinque
671 1390 876 1429 codicibus
895 1394 1077 1444 quamvis
1100 1391 1199 1430 duos
1218 1391 1424 1432 schowius
1444 1395 1530 1433 Ro-

66 1479 156 1506 mae
183 1465 227 1503 in
252 1462 437 1502 manibus
463 1459 622 1508 habuit,
664 1460 931 1497 Barberinum
962 1459 1149 1498 videlicet
1180 1468 1219 1499 et
1250 1462 1528 1512 Marinianum,

65 1542 200 1574 tamen
242 1530 293 1570 ad
330 1541 446 1568 suam
480 1526 696 1565 editionem
726 1525 1011 1565 kalendarium
1048 1528 1174 1565 zrusci
1211 1541 1293 1566 non
1332 1527 1529 1580 adiunxit,

67 1600 183 1640 credo
202 1597 309 1653 quod
326 1596 479 1636 videret
500 1594 551 1633 ad
569 1595 716 1632 librum
738 1594 787 1632 de
808 1595 1011 1633 Mensibus
1032 1593 1133 1632 nihil
1154 1597 1366 1646 pertinere.
1410 1610 1532 1650 quar-

66 1676 153 1708 tum
175 1669 445 1719 fragmentum
470 1664 563 1701 libri
590 1662 639 1701 de
667 1664 861 1711 Ostentis‚
893 1663 941 1700 de
964 1662 1173 1700 tonitribus
1188 1666 1428 1715 generatim,
1461 1679 1531 1703 ae-

67 1751 145 1790 que
175 1734 371 1774 ineditum
398 1731 502 1770 illud
525 1730 709 1785 quidem,
739 1733 783 1769 in
815 1730 1017 1769 codicibus
1044 1733 1278 1783 inscriptum
1303 1747 1388 1772 esse
1409 1735 1530 1773 solet:

66 1800 254 1846 Ἰωάννου
285 1801 538 1855 Λαυρεντίου
567 1801 733 1850 Λυδοῦ,
781 1799 1083 1851 Φιλαδελφέως,
1125 1799 1191 1841 ἐπὶ
1227 1803 1300 1854 τῆς
1331 1802 1533 1854 βασιλείας

67 1869 180 1921 ’ὄντος
205 1867 490 1913 Ἰουστινιανοῦ
513 1871 586 1909 τοῦ
616 1864 790 1923 μεγάλου
820 1868 888 1909 καὶ
914 1865 1193 1917 Ἀναστασίου,
1221 1868 1313 1923 περὶ
1338 1870 1531 1922 βροντῶν.

67 1942 148 1980 inc·
168 1941 329 1982 πολλῶν
345 1937 415 1979 καὶ
432 1935 533 1990 ὑπὲρ
554 1933 732 1990 ἄριθμᾶν
751 1933 882 1978 ὄντων
898 1932 972 1978 ’ὅσα
991 1941 1074 1985 τοῖς
1091 1941 1278 1988 φυσικοῖς
1293 1937 1385 1991 περὶ
1406 1938 1533 1991 βρον-

68 2011 150 2050 τῶν
176 2003 318 2050 ἐδόκει.
377 2005 462 2044 des.
496 2001 601 2058 οἷνήρ
633 2002 802 2052 δυνατός
824 2003 892 2044 καὶ
918 2003 1048 2059 βαρύς
1064 2009 1148 2054 τοῖς
1167 2001 1409 2059 πράγμασιν.
1467 2007 1532 2044 iu-

70 2076 226 2115 venitur
256 2076 300 2114 in
333 2072 448 2112 codd.
481 2072 656 2122 duobus,
716 2072 765 2123 1)
803 2073 845 2109 in
877 2080 1012 2110 nostro
1045 2075 1169 2124 Regio
1201 2075 1334 2121 2381,
1365 2073 1439 2111 fol.
1479 2076 1533 2115 70

69 2145 255 2184 verso-71
286 2149 409 2188 recto,
466 2140 518 2193 2)
547 2142 591 2178 in
623 2141 774 2179 Veneto
806 2138 908 2188 324,
937 2141 1010 2178 fol.
1053 2143 1135 2182 282
1163 2139 1378 2183 verso-284
1405 2155 1531 2179 verso.-

71 2222 212 2249 verum
226 2209 284 2247 ibi
301 2211 417 2248 titulo
436 2211 491 2247 ita
509 2207 675 2247 evanido
687 2238 697 2257 ,
727 2215 771 2246 ut
793 2208 1037 2246 confectores
1058 2208 1238 2260 Catalogi
1255 2208 1370 2247 codd.
1392 2211 1533 2248 Graec.

71 2275 257 2315 biblioth.
287 2277 338 2314 l).
370 2277 494 2314 Marci
522 2277 608 2314 loco
636 2288 754 2327 supra
786 2276 892 2313 citat.
922 2290 962 2327 p.
985 2274 1067 2317 149
1090 2276 1161 2314 lin.
1184 2279 1235 2319 31
1273 2279 1377 2316 ultra
1400 2279 1531 2330 priora
1557 2299 1593 2333 p,
1619 2299 1724 2325 nv„

3 2366 5 2369 ·
73 2352 227 2397 septem
258 2345 378 2383 verba
404 2342 508 2381 nihil
525 2345 725 2395 potuerint
742 2346 957 2394 extricare3
986 2346 1102 2398 isque
1122 2346 1260 2384 titulus
1281 2347 1337 2384 sic
1355 2347 1532 2395 mutilus,

71 2408 260 2454 Ἰωάννου
277 2412 531 2465 Λαυρεντίου
553 2411 831 2462 Φιλαδελφέως
851 2414 1018 2462 Λυδοῦ,
1049 2413 1115 2455 ἐπὶ
1136 2417 1208 2466 τῆς
1226 2415 1426 2467 βασιλείας
1446 2443 1534 2460 ....,

76 2481 124 2518 ab
144 2482 325 2520 Hal-lesio
347 2481 467 2517 etiam
485 2477 675 2517 Biblioth.
698 2480 835 2519 Graec.
855 2482 936 2519 vol.
956 2479 984 2522 4
1005 2495 1046 2534 Ρ.
1064 2482 1143 2523 158
1163 2483 1235 2520 lin.
1257 2486 1311 2524 29
1332 2483 1534 2533 repetitus,

77 2558 156 2600 quo
180 2547 266 2586 dixi
283 2546 404 2587 modo
427 2560 480 2584 ex
499 2545 586 2585 cod.
604 2548 728 2598 Regio
749 2550 858 2590 2381
880 2548 1126 2601 supplendus
1145 2557 1218 2588 est.

186 2616 233 2651 In
249 2615 351 2653 libro
372 2614 544 2667 denique
560 2613 609 2651 de
627 2616 922 2666 Magistratibus
939 2618 1140 2669 praeclare
1162 2614 1423 2654 animadverti
1439 2623 1530 2667 pot·
1560 2621 1610 2661 21

79 2687 138 2719 est
153 2682 244 2733 plus
261 2684 525 2720 temeritatem
542 2689 582 2720 et
599 2695 735 2721 casum
755 2697 876 2737 quam
895 2687 1022 2724 ullam
1043 2687 1165 2723 aliam
1186 2697 1347 2722 causam
1366 2683 1419 2722 ad
1435 2686 1535 2723 scri·-

77 2754 147 2800 pta
174 2756 355 2787 veterum
381 2750 645 2790 conservanda
672 2753 857 2791 valuisse.
915 2767 1010 2791 nam
1041 2754 1133 2790 libri
1161 2751 1211 2789 de
1234 2753 1461 2802 Mensibus,
1492 2760 1534 2790 ut

77 2814 198 2856 modo
230 2818 509 2870 exposuimus,
558 2821 754 2871 epitomae
784 2820 886 2859 duae
918 2827 1098 2870 exstant,
1152 2820 1245 2858 libri
1278 2819 1327 2858 de
1362 2821 1536 2860 Ostentis
