1748 3210
255 219 354 250 xnu
635 206 780 249 HASH
811 206 885 249 DE
917 205 1120 249 IOANNE
1153 205 1304 250 LYDO

255 339 299 375 in
319 337 492 388 Catalog.
519 336 652 375 libror.
682 338 860 389 impress.
886 334 1065 373 biblioth.
1095 338 1192 387 Reg.
1217 344 1316 388 part.
1337 339 1360 378 1
1384 350 1424 388 p.
1444 347 1559 375 tam.
1621 350 1674 375 ex

257 402 396 441 eadem
413 403 750 441 Maurocordatina
766 403 943 442 codicum
969 404 1079 454 copia
1100 404 1350 442 IAFabricius
1367 404 1609 455 prooemium
1628 417 1676 441 ac

255 472 386 520 priora
405 472 530 521 capita
540 471 886 508 Demonstrationis
897 471 1154 521 Evangelicae
1175 470 1417 508 Eusebianae
1436 471 1676 507 literatorum

257 537 391 574 usibus
411 543 562 587 praeter
578 549 688 587 spem
705 537 883 584 restituit,
903 542 948 572 ut
961 537 1044 586 ipse
1063 543 1196 574 auctor
1212 542 1270 574 est
1287 537 1485 587 praefatus
1498 537 1676 574 Delectui

257 604 450 653 scriptorr.
481 617 551 654 pro
577 604 688 640 verit.
715 603 827 652 relig.
859 601 1000 640 Christ.
1028 603 1241 652 Hamburg.
1264 601 1383 651 1725,
1413 601 1454 644 4.
1511 601 1677 640 eandem

255 667 532 704 bibIIothecam
557 675 596 705 et
624 669 740 705 multi
771 669 839 706 alii
868 669 991 707 literis
1022 682 1066 706 ac
1098 669 1360 706 monumentis
1388 669 1679 706 celebraverunt

254 740 294 770 et
328 735 538 771 novissime
576 733 744 772 editores
767 736 955 772 Actorum
986 736 1243 773 literariorum
1273 735 1420 772 Graece
1446 735 1679 786 scriptorum

255 798 415 851 (Ἑρμῆς
434 799 458 840 ὅ
475 797 604 852 λόγιος
621 797 650 852 ἢ
669 800 914 853 φιλολογικαὶ
932 797 1122 855 α’γγελίαι)
1138 800 1411 850 Vindobonae‘,
1449 805 1574 839 mens.
1593 803 1680 838 Ian.

259 867 379 914 1811,
409 868 448 914 8,
479 880 520 917 p.
540 868 604 906 19.
661 866 732 905 sed
761 868 920 905 Nicolao
951 867 1245 906 Maurocordato
1274 881 1310 905 a.
1337 869 1443 909 1730
1473 868 1678 915 exstincto,

89 941 125 972 P·
147 939 236 963 LXXI
257 939 415 984 totaque
431 934 582 970 familia
600 933 683 970 eius
699 947 882 984 perversa
899 935 1016 985 paulo
1038 942 1127 986 post
1146 943 1185 973 et
1202 935 1367 986 spoliata
1384 933 1504 985 (conf.
1525 933 1682 970 δαῖτας

262 999 493 1036 Geschichte
511 999 577 1036 des
597 1000 968 1050 Transalpini-§chen
976 1002 1164 1038 Daciens.
1187 1001 1266 1038 vol.
1281 1004 1306 1041 3
1317 998 1485 1038 Vindob.
1500 1001 1553 1040 17
1553 1001 1618 1047 82,
1639 998 1680 1047 8,

255 1078 297 1116 p.
318 1063 412 1116 37),
452 1067 579 1103 omnis
597 1067 667 1103 illa
689 1080 833 1117 magno
853 1066 981 1105 studio
1000 1068 1212 1119 multisque
1234 1067 1410 1117 imperiis
1427 1067 1683 1102 Buearestum

257 1138 439 1181 congesta
458 1131 636 1169 codicum
653 1135 763 1184 copia
781 1146 862 1171 non
879 1135 958 1171 levi
975 1135 1175 1171 literarum
1194 1134 1429 1170 Graecarum
1450 1131 1682 1168 detrimento
1710 1160 1712 1163 .

257 1199 435 1235 celeriter
451 1200 626 1246 evanuit,
665 1206 820 1250 praeter
841 1212 908 1237 eos
930 1200 1051 1238 libros
1076 1201 1144 1251 qui
1161 1206 1246 1237 tum
1261 1198 1367 1250 apud
1383 1199 1579 1237 Slutzarin
1602 1198 1683 1235 Cu·-

257 1265 447 1301 rucismae
469 1264 778 1302 asservabantur.
1511 1274 1513 1276 “

180 1328 234 1368 33
367 1333 472 1367 Inter
487 1330 577 1366 illos
598 1331 722 1379 igitur
737 1332 918 1367 iuventus
940 1336 999 1366 est
1021 1328 1148 1366 codex
1165 1331 1404 1378 Caseolinus‚
1431 1331 1622 1381 principio
1645 1335 1686 1366 et

256 1396 334 1432 fine
352 1396 514 1433 mutilus
527 1423 537 1442 ,
567 1396 733 1444 scriptus
751 1396 793 1430 in
811 1388 1037 1432 membrana
1047 1412 1063 1442 ,·
1087 1396 1183 1432 solio
1203 1398 1344 1433 minori
1368 1396 1431 1446 (ut
1446 1396 1566 1445 vulgo
1587 1394 1686 1432 dici·-

255 1465 375 1510 mus),
406 1467 509 1498 nono
527 1461 682 1499 saeculo
703 1461 766 1497 vel
785 1459 936 1498 decimo
954 1462 1132 1508 ineunte,
1161 1461 1276 1498 lineis
1299 1463 1350 1501 31
1371 1462 1413 1497 in
1430 1462 1595 1511 singulis
1611 1474 1686 1512 pa·—

254 1530 382 1578 ginis3
411 1529 523 1564 litera
541 1526 691 1577 grandi,
719 1526 867 1575 nitida,
898 1527 949 1563 ad
967 1529 1163 1565 sinistram
1182 1528 1388 1576 reclinata,
1414 1539 1495 1565 non
1514 1528 1686 1565 absimili

255 1596 363 1630 illius
383 1606 502 1644 quam
520 1593 804 1644 Palaeograph.
831 1594 969 1630 Graec.
993 1595 1102 1630 Paris
1129 1594 1258 1641 1708,
1285 1594 1378 1641 fol.,
1408 1607 1449 1644 p.
1469 1594 1550 1634 274
1573 1607 1638 1631 no.
1661 1595 1684 1633 1

257 1673 310 1697 ex
330 1660 416 1697 cod.
443 1662 541 1710 Reg.
569 1661 677 1699 1962
711 1660 840 1710 (nunc
863 1658 972 1709 654)
1006 1661 1047 1695 iu
1082 1672 1148 1696 aes
1178 1658 1317 1696 incidit
1345 1660 1687 1697 Montefalconius.

256 1726 396 1763 eadem
419 1728 532 1764 litera
559 1728 693 1777 scripti
722 1733 812 1764 sunt
843 1726 993 1763 codices
1016 1724 1274 1762 bibliothecae
1293 1733 1451 1763 nostrae
1468 1727 1687 1776 complures

255 1795 509 1845 maximeque
538 1793 711 1840 nobiles,
753 1794 866 1830 Plato
891 1794 1062 1843 optimae
1088 1799 1203 1828 notae
1229 1805 1294 1829 no.
1318 1793 1451 1840 1807,
1494 1793 1688 1831 Eusebius

255 1873 322 1896 no.
340 1859 459 1908 1430,
488 1860 717 1897 Aristoteles
730 1872 796 1896 no.
818 1859 934 1908 1853,
954 1857 1240 1895 Demosthenes
1255 1871 1321 1895 no·
1342 1857 1464 1906 2934,
1479 1859 1582 1896 item
1600 1859 1688 1897 cod.

252 1938 319 1962 no.
349 1923 455 1966 1470
486 1932 709 1964 sanctorum
745 1927 846 1963 vitas
874 1927 1101 1972 continens;
1151 1934 1270 1975 quem
1295 1923 1384 1961 ideo
1411 1938 1687 1975 commemoro,

256 1990 363 2043 quod
381 2003 482 2029 unus
503 2005 555 2029 ex
571 1991 634 2030 his
651 1993 760 2030 libris
781 2000 936 2044 tempus
961 2005 1038 2044 quo
1057 1998 1257 2042 peraratus
1274 1992 1324 2028 sit
1345 1989 1540 2029 adiectum
1556 1990 1688 2041 hebet,

256 2055 354 2108 μηνὶ
362 2053 563 2112 Ἀπριλλίῳ
575 2056 810 2107 ἰνδικτιόνος
821 2059 911 2110 (sic)
923 2060 950 2111 ἦ
965 2059 1073 2105 ἔτους
1083 2052 1195 2118 ςιτῇή
1205 2068 1215 2078 ·
1229 2056 1272 2095 id
1281 2058 1363 2094 exit
1371 2058 1688 2096 in-annumChri-

258 2125 308 2161 sti
329 2125 408 2165 890
426 2126 648 2176 Leonisque
678 2124 903 2176 philosophi
929 2126 1202 2175 principatum.
1258 2125 1413 2162 tametsi
1441 2127 1483 2163 in
1502 2127 1688 2177 Catalogo

72 2199 110 2232 p,
132 2198 237 2222 nxxn
261 2189 424 2243 quidem
450 2192 640 2241 impresso
667 2199 767 2242 part.
787 2195 815 2232 2
848 2205 888 2242 p.
915 2194 996 2231 330
1022 2190 1228 2229 undecimo
1259 2193 1416 2230 saeculo
1442 2194 1687 2242 assignatur:

259 2255 331 2294 sed
362 2269 580 2307 perperam.
647 2260 792 2296 Leonis
821 2265 952 2295 autem
982 2256 1208 2309 philosophi
1235 2260 1455 2310 principatu
1483 2259 1592 2296 velut
1622 2258 1689 2295 hic

260 2324 455 2375 multique
486 2324 575 2372 alii,
618 2325 673 2361 sic
697 2325 862 2362 fortasse
887 2325 1006 2360 etiam
1024 2325 1248 2361 Caseoliuus
1275 2326 1441 2375 scriptus
1467 2323 1594 2361 codex
1614 2331 1688 2361 est.

260 2392 304 2426 in
322 2402 399 2440 quo
418 2388 494 2426 duo
510 2391 758 2440 potissimum
776 2391 1010 2440 singularia,
1047 2391 1211 2427 alterum
1223 2418 1234 2438 ,
1271 2404 1360 2428 cum
1371 2391 1553 2441 ‘plerique
1570 2388 1688 2427 huius

261 2457 399 2493 aetatis
419 2455 569 2494 codices
596 2458 698 2495 binis
722 2457 914 2495 columnis
937 2456 1069 2506 scripti
1091 2458 1188 2505 sint,
1234 2458 1275 2493 in
1295 2463 1426 2493 nostro
1449 2469 1528 2493 uno
1552 2462 1687 2493 tenore

261 2523 385 2560 lineas
406 2524 507 2573 legi,
546 2524 731 2572 alterum,
760 2537 830 2574 pro
850 2530 1025 2573 tempore
1045 2524 1113 2560 illo
1131 2524 1274 2560 Leonis
1294 2520 1540 2573 philosophi,
1570 2520 1688 2559 scho—

262 2590 400 2626 lastico
428 2603 520 2626 sane
551 2589 807 2642 codicumque
838 2590 1197 2637 conficientissi1n0‚
1236 2590 1407 2638 insignes
1442 2601 1526 2626 esse
1551 2589 1594 2624 in
1615 2588 1687 2624 illo

265 2669 355 2692 cum
373 2657 569 2694 itacismos
587 2663 671 2694 tum
691 2655 898 2694 aliusmodi
922 2669 1081 2693 errores.
1139 2662 1255 2706 atque
1273 2668 1352 2692 non
1368 2656 1504 2705 ignoro
1521 2655 1686 2691 Graecos

265 2722 428 2772 Syllano
450 2730 624 2774 tempore
644 2738 662 2763 ε
684 2730 722 2760 et
744 2739 806 2772 αι,
846 2724 940 2759 item
968 2738 982 2763 ι
1008 2729 1046 2759 et
1074 2737 1107 2762 ει
1128 2722 1169 2757 iu
1195 2734 1372 2758 sermone
1392 2733 1529 2772 pressu
1549 2720 1626 2757 oris
1646 2726 1687 2755 et

265 2800 362 2826 sono
381 2803 495 2841 aegre
513 2789 740 2830 distinxisse
753 2818 764 2840 ,
809 2790 1045 2829 Iustinianeo
1065 2803 1114 2826 ne
1137 2803 1152 2828 ι
1173 2787 1333 2841 quidem
1359 2794 1398 2825 et
1422 2799 1472 2840 ηε
1505 2784 1551 2826 id
1570 2783 1685 2823 credo
