1748 3210
693 178 1016 225 PRAEFATIO.
1342 196 1344 198 ’
1526 195 1586 226 ιν

132 307 330 362 explenda
344 334 423 360 ...,
454 307 623 348 arduum
643 322 761 364 saepe
785 310 891 350 dictu
913 318 1047 350 utrum
1069 313 1174 352 ΚΑΙ
1185 310 1402 364 legendum
1422 310 1485 363 sit,
1516 326 1581 364 au,

129 387 239 444 quod
271 390 443 442 spatium
473 403 554 428 non
586 390 716 430 maius
746 398 931 446 occupat,
962 392 1087 441 SEN,
1115 389 1192 431 hoc
1225 399 1303 443 est,
1333 392 1372 448 ιζ,
1403 393 1503 445 (per
1521 393 1579 432 si-
1601 409 1637 444 p.
1662 409 1701 433 lx

129 468 266 522 glum)
295 469 350 511 ἐν.
407 469 465 508 sic
486 470 648 509 centies.

237 549 503 601 Quapropter,
533 549 723 603 quoniam
748 548 791 586 in
816 555 1070 600 argumento,
1100 547 1209 602 quod
1224 556 1353 588 totum
1373 549 1575 589 coniectu-
1603 555 1631 598 5

126 626 209 665 rale
237 633 316 677 est,
346 629 415 666 alii
445 629 562 666 aliter
593 635 712 681 atque
745 641 819 679 ego
850 629 995 666 sentire
1026 636 1214 678 possunt,
1243 630 1476 681 praesertim
1507 629 1578 667 ubi

124 706 414 758 propemodum
443 707 648 759 desperata
674 714 783 744 erant
810 707 928 755 folia,
958 719 1095 743 eorum
1119 707 1243 744 instar
1263 708 1305 745 in
1325 714 1436 759 parte
1455 720 1578 758 supe-

123 785 225 823 riore
245 787 480 838 paginarum
502 785 621 824 huius
641 785 824 825 editionis
847 786 1004 837 saepius
1028 783 1312 823 excudendum
1327 787 1480 835 curavi,
1510 799 1577 824 se-

123 870 237 903 cutus
259 866 489 917 exemplum
510 866 584 904 viri
605 865 752 904 summi
773 865 937 902 Gustavi
958 864 1139 914 Hugonis
1153 893 1163 913 ‚
1193 866 1367 902 lotorum
1388 865 1576 902 nomina-

121 924 289 992 tissimi,
318 944 360 980 in
391 945 613 996 fragmento
645 944 810 983 Domitii
837 944 998 995 Ulpiani
1018 945 1096 980 Iur.
1117 944 1223 981 civil.
1243 943 1575 981 anteiustinianeo

119 1024 149 1058 t.
169 1023 214 1071 1,
243 1023 438 1072 Berolini‚
472 1022 597 1072 1815,
627 1026 674 1072 8,
704 1037 745 1075 Ρ.
765 1022 855 1064 5—
870 1023 973 1072 1013
1003 1023 1160 1061 omissis
1183 1021 1347 1075 quidem
1372 1022 1574 1073 spiritibus

116 1113 164 1138 ac
185 1079 342 1152 cdvozg,
374 1102 442 1154 qui
459 1101 696 1155 plerumque
714 1104 755 1140 in
778 1101 864 1141 cod.
885 1109 1035 1139 temere
1060 1108 1153 1140 sunt
1173 1102 1313 1153 positi,
1342 1100 1415 1140 sed
1437 1114 1573 1140 serva-

115 1180 167 1218 tis
191 1181 422 1220 lacunarum
447 1178 622 1219 hiatibus
651 1181 933 1234 literarumque
962 1180 1220 1219 evanidarum
1246 1182 1426 1219 omnium
1446 1181 1573 1219 inter-

115 1259 244 1298 vallis.
302 1260 379 1310 ita,
413 1260 539 1298 sicubi
559 1261 602 1297 in
622 1261 813 1298 electione
835 1260 1045 1298 verborum
1063 1266 1132 1296 aut
1153 1260 1442 1297 constructione
1462 1273 1574 1298 erra-

114 1339 262 1388 verim,
293 1337 402 1392 quod
419 1340 540 1378 nimis
563 1340 697 1378 crebro
718 1339 884 1376 arbitror
900 1337 1090 1376 accidisse
1120 1338 1241 1390 (nam
1256 1339 1463 1389 negotium
1481 1352 1571 1376 ma-

114 1429 240 1468 gnum
270 1423 331 1455 est
358 1419 543 1470 supplere
572 1419 670 1457 folia
703 1416 921 1466 eiusmodi3
950 1430 1025 1454 nec
1051 1418 1267 1470 quicquam
1286 1418 1395 1454 venit
1414 1420 1572 1470 saepius

113 1508 189 1534 usu
207 1508 329 1548 quam
346 1498 574 1548 perlucente
590 1508 799 1549 perperam
819 1496 943 1547 apice,
973 1496 1039 1533 vel
1059 1496 1176 1533 unica
1198 1497 1313 1534 litera
1331 1497 1437 1535 male
1453 1498 1572 1547 lecta,

111 1574 154 1612 in
183 1572 415 1626 pudendum
447 1574 551 1613 trahi
584 1575 809 1626 errorem),
853 1575 1126 1627 unusquisque
1161 1576 1439 1626 supplementa
1465 1590 1570 1626 mea,

110 1653 259 1706 ubique
276 1654 359 1691 fere
376 1654 418 1692 in
438 1663 554 1695 textu
575 1655 732 1693 uncinis
763 1653 777 1703 [
804 1654 817 1705 ]
848 1652 1042 1703 indicata,
1073 1652 1126 1691 ad
1152 1652 1345 1692 iudicium
1364 1658 1570 1708 proprium

109 1735 254 1786 poterit
270 1746 467 1773 revocare.
526 1736 696 1772 alterum
715 1735 834 1771 etiam
853 1734 1055 1786 proposita
1079 1731 1156 1770 hac
1181 1733 1313 1785 effigie
1336 1744 1570 1775 consecutus

109 1826 211 1863 sum,
238 1820 283 1852 ut
301 1826 461 1853 necesse
480 1827 561 1853 non
580 1821 682 1853 esset
699 1812 845 1852 menda
864 1826 917 1851 ex
932 1813 1125 1852 librarioli
1142 1812 1312 1852 ruditate
1328 1821 1435 1865 nata,
1465 1828 1567 1869 quae
1587 1832 1623 1865 p.
1650 1832 1670 1854 x

107 1893 316 1932 innumera
338 1899 432 1932 sunt
453 1907 500 1931 eo
518 1893 559 1930 in
581 1892 736 1943 codice,
770 1892 821 1932 ad
846 1907 956 1932 oram
978 1891 1163 1932 editionis
1180 1894 1272 1932 inve
1292 1897 1396 1933 notis
1417 1895 1567 1947 ubique

107 1985 362 2025 percenset-«33
390 1985 650 2026 possemque,
677 1971 834 2010 mendis
863 1973 960 2024 ipsis
991 1985 1110 2024 supra
1138 1981 1228 2011 ante
1255 1976 1389 2012 oculos
1411 1975 1566 2026 positis,

107 2053 242 2092 subter
259 2053 302 2091 in
319 2059 435 2092 textu
450 2052 684 2104 transcripto
709 2052 898 2090 lectiones
925 2065 991 2089 ees
1018 2052 1135 2089 1acite
1165 2051 1391 2091 emendare.
1447 2054 1503 2090 ita
1522 2066 1564 2104 p.

105 2134 188 2175 288
210 2135 264 2175 23
289 2147 465 2186 ενεργιας
481 2132 555 2170 fol.
571 2133 598 2173 6
619 2138 721 2168 recto
735 2132 807 2169 lin.
831 2132 896 2181 11,
926 2130 1079 2184 βλ]επει
1096 2133 1167 2170 lin.
1189 2134 1255 2174 12.
1278 2152 1329 2160 —-
1354 2133 1484 2182 p.291
1511 2133 1564 2172 16

105 2212 177 2250 fol.
194 2214 222 2253 7
239 2219 341 2250 recto
362 2211 434 2250 lin.
455 2213 481 2252 9
500 2226 667 2264 μαντιαν
685 2218 726 2249 et
745 2216 1059 2264 amvfflqvovam
1080 2233 1139 2242 -—
1157 2212 1350 2263 δαψιλιαν
1372 2224 1414 2261 Ρ.
1430 2208 1512 2251 293
1538 2209 1559 2247 1

104 2290 177 2328 fol.
197 2292 225 2331 7
244 2303 353 2328 verso
374 2290 446 2328 lin.
463 2289 512 2340 4,
542 2293 807 2332 συνελθουσιν
824 2290 922 2328 ibid.
941 2292 1013 2329 lin.
1031 2294 1071 2333 7.
1100 2297 1223 2345 utque
1244 2290 1440 2341 exemplis
1456 2300 1560 2325 non-

103 2369 226 2408 nullis
243 2376 333 2408 utar
351 2382 405 2408 ex
421 2369 523 2407 libro
539 2370 599 2407 De
615 2370 818 2409 mensibus
835 2372 992 2422 petitis,
1022 2371 1159 2423 ισηδος
1183 2384 1225 2422 Ρ.
1248 2370 1329 2411 113
1359 2367 1409 2409 15
1437 2368 1508 2405 fol.
1537 2369 1559 2407 1

104 2454 204 2486 recto
221 2448 294 2486 lin.
317 2450 381 2498 19,
409 2460 552 2501 κτησαι
570 2462 612 2502 Ρ.
629 2452 708 2492 116
728 2449 754 2491 4
771 2451 843 2489 fol.
862 2453 890 2491 2
910 2458 1011 2487 recto
1030 2450 1102 2488 lin.
1124 2453 1176 2491 10
1189 2479 1199 2499 ,
1230 2463 1321 2500 ετνη
1340 2460 1412 2499 pro
1428 2444 1558 2500 Αἴτνῃ

102 2525 202 2566 ibid.
219 2528 292 2567 lin.
311 2530 378 2571 12.
434 2527 535 2567 haec
565 2536 604 2567 et
626 2530 764 2579 multa
779 2528 976 2569 eiusmodi
995 2530 1038 2567 in
1058 2529 1190 2580 effigie
1209 2528 1458 2582 pagellarum
1476 2536 1557 2562 non

102 2606 277 2646 incuriae
305 2619 419 2648 meae
450 2614 519 2647 aut
546 2609 687 2662 culpae
717 2619 948 2663 operarum,
979 2606 1051 2648 sed
1080 2609 1233 2647 librarii
1260 2606 1440 2647 inscitiae
1465 2610 1556 2643 sunt

101 2684 323 2725 tribuenda.

214 2766 339 2806 Venio
364 2779 468 2806 nunc
495 2764 553 2807 ad·
573 2767 748 2809 subsidia
778 2769 922 2824 quibus
953 2783 1044 2808 sum
1075 2769 1118 2807 in
1143 2761 1416 2805 constituendo
1437 2769 1550 2802 textu
1580 2766 1605 2806 6
