1748 3210
563 155 1012 202 COMMENTARIUS.
1270 192 1273 194 .
1415 169 1508 200 xvn

63 292 122 341 &a
139 285 171 344 ἢ
188 283 245 339 οἷς
262 287 329 331 ἐπὶ
346 290 507 342 σκηνῆς.
565 290 673 343 quod
691 292 918 330 universum
936 287 1127 328 iudicium
1145 289 1181 327 si
1202 288 1264 326 cui
1283 285 1418 328 durius
1443 289 1507 327 vi-

62 356 223 409 deatur,
255 364 408 410 reputet
438 358 473 396 is
507 371 641 398 secum
674 358 879 408 Photium,
909 365 954 396 ut
983 364 1065 396 erat
1088 363 1230 396 natura
1250 370 1364 409 asper
1387 364 1505 410 atque

62 423 235 475 invidus,
263 439 314 463 ne
329 425 506 478 patribus
525 425 685 479 quidem
701 427 947 479 pepercisse3
974 426 1146 464 multtnn
1163 439 1247 464 esse
1263 427 1307 464 in
1324 426 1367 464 S.
1385 428 1506 464 Ioan-

62 494 126 535 nis
160 491 431 546 Chrysostomi
458 495 684 533 criminibus
714 493 1016 546 percensendis;
1045 494 1089 533 S.
1112 496 1273 532 Irenaeo
1298 494 1419 532 falsas
1441 506 1505 531 ar-

62 562 398 615 gumentationes,
427 563 616 615 Gregorio
641 565 819 616 Nysseno
852 561 1167 602 distributionem
1192 575 1334 614 parum
1358 568 1505 613 aptam,

16 659 18 661 >
60 629 152 668 aliis
181 629 259 668 alia
286 629 497 680 obiecisse,
525 643 652 683 eoque
671 630 831 668 nomine
852 631 935 667 iam
955 644 979 668 a
999 629 1196 683 theologis
1216 629 1364 669 saeculi
1384 643 1506 681 supe-

62 696 176 736 rioris
203 697 336 736 minus
361 712 446 738 esse
468 698 688 751 probatum.
743 698 917 750 potuisse
942 696 1113 749 denique
1134 711 1226 738 eum
1246 699 1316 751 qui
1337 696 1506 750 grandes

61 777 109 804 ac
125 765 320 817 perfectos
337 767 543 819 scriptores
562 767 736 817 integros
761 767 932 817 legeret,
963 766 1156 814 ctesiam,
1184 764 1508 817 Theopompum,

60 830 414 886 Agatharchidem,
459 835 736 883 Memnonem,
777 834 1013 886 Polybium,
1056 831 1276 871 Diodorum
1314 833 1506 881 Siculum,

61 901 297 954 Dionysium
322 901 708 940 Halicarnassensem
723 930 734 950 ,
776 903 1027 953 Appianum,
1067 901 1301 951 Arrianum,
1330 901 1373 938 in
1399 907 1510 938 tanta

60 969 299 1021 optimorum
321 968 432 1020 eopia
457 981 523 1006 eos
549 970 618 1021 qui
642 975 733 1007 sunt
755 968 927 1008 secundo
950 969 1039 1007 loco
1064 967 1279 1020 despicere.
1336 980 1410 1005 nos
1436 979 1510 1004 au·-

61 1042 166 1086 tem,
187 1037 265 1089 ⁵qui
297 1035 469 1088 antiquis
494 1036 575 1074 illis
594 1043 661 1074 aut
679 1037 840 1075 omnino
861 1044 928 1075 aut
945 1049 1092 1088 magna
1110 1049 1162 1075 ex
1181 1042 1293 1088 parte
1316 1047 1508 1091 caremus,

58 1104 212 1142 utinam
243 1102 440 1156 quomodo
470 1117 575 1141 nunc
604 1103 730 1157 Lydi,
761 1106 818 1144 sic
844 1119 943 1144 mox
968 1105 1165 1153 Nonnosi,
1194 1104 1288 1141 Iulii
1316 1103 1507 1151 Africani,

57 1172 329 1223 Praxagorae,
367 1169 651 1223 Cephalaeonis
664 1203 674 1221 ‚
715 1173 908 1225 Eunapii‚
948 1171 1119 1222 Malchi,
1159 1170 1329 1208 Candidi
1367 1171 1508 1221 Isauri,

59 1237 352 1291 Olympiodori‚
390 1240 586 1291 Dexippi,
623 1239 856 1293 Phlegontis
884 1242 1103 1289 Tralliani,
1140 1237 1397 1291 Pamphilae,
1430 1239 1508 1276 Co-

57 1309 196 1356 nonis,
225 1305 400 1346 Helladii
422 1306 594 1346 eruditas
614 1308 910 1360 uberrimasque
930 1307 1113 1347 historias
1133 1308 1332 1359 insperato
1355 1319 1447 1345 casu
1466 1307 1509 1343 in

56 1374 188 1411 lucem
212 1374 379 1424 proferri
402 1374 647 1409 videremus:
676 1373 850 1422 profecto
873 1382 911 1410 et
932 1388 1074 1422 magna
1096 1381 1198 1412 esset
1213 1380 1346 1412 nostra
1366 1374 1408 1410 in
1429 1372 1509 1410 illis

56 1438 238 1493 legendis
260 1439 440 1490 voluptas
452 1467 462 1487 ,
492 1451 567 1475 nec
586 1437 873 1476 desideraretur
890 1438 1110 1476 moderatio
1128 1440 1171 1476 in
1191 1437 1427 1476 iudicandis.

166 1507 312 1545 Leonis
333 1512 466 1544 autem
489 1504 537 1542 de
556 1503 669 1558 Lydo
689 1507 798 1544 locus
821 1512 951 1544 exstat
969 1505 1203 1544 in‘Tacticis
1223 1506 1331 1543 illius
1350 1512 1410 1543 ter
1427 1505 1506 1542 im-

55 1575 221 1629 pressis,
265 1573 392 1626 primo
433 1573 573 1612 Latine
602 1579 779 1623 tantum,
826 1587 880 1612 ex
913 1574 1093 1613 versione
1125 1570 1272 1622 Checi,
1314 1573 1508 1622 Basileae,

58 1641 189 1693 1554,
223 1643 291 1684 12.
346 1641 403 1679 ibi
432 1641 476 1678 in
508 1648 685 1679 extremo
713 1642 868 1694 epilogo
897 1642 1047 1694 operis,
1090 1641 1237 1692 pagina
1264 1653 1347 1678 non
1373 1647 1510 1678 notata

57 1708 192 1763 (quod
205 1709 360 1761 paginis
378 1707 560 1748 editionis
582 1722 676 1748 suae
694 1710 827 1748 nullos
844 1708 987 1748 adiecit
1005 1722 1192 1748 numeros
1211 1706 1415 1760 chenus),
1444 1709 1509 1747 vi-

57 1777 172 1816 detur
191 1777 284 1815 libri
305 1774 354 1814 de
372 1777 542 1816 Ostentis
559 1777 708 1815 mentio
727 1777 826 1816 fieri.
882 1784 972 1830 post
1000 1776 1142 1816 eadem
1172 1778 1336 1816 Tactica
1358 1778 1508 1815 Graece

57 1843 181 1884 edidit
195 1846 362 1883 Ioannes
380 1846 587 1894 meursius,
616 1845 801 1898 Lugduni
817 1848 956 1884 Batav.
978 1846 1099 1895 1612,
1115 1843 1155 1895 4,
1188 1843 1373 1883 adiuncta
1388 1843 1509 1882 Checi

55 1913 198 1952 Latina
213 1913 415 1951 versione:
445 1913 502 1950 ibi
519 1920 653 1951 tamen
670 1927 817 1952 nomen
833 1915 1062 1966 mentioque
1074 1911 1178 1966 Lydi
1192 1914 1311 1964 plane
1324 1927 1345 1950 e
1357 1914 1506 1950 Graeco

55 1979 217 2020 excidit.
254 1988 452 2032 postremo
473 1981 616 2019 eadem
631 1983 809 2034 vulgavit
822 1985 990 2020 Ioannes
1001 1982 1116 2019 Lami
1131 1988 1245 2020 sexto
1258 1982 1359 2032 Opp.
1373 1981 1509 2019 Meur-

56 2050 258 2088 sianorum
283 2049 510 2098 volumine,
539 2050 783 2099 Florentiae,
817 2047 945 2097 1745,
975 2048 1046 2086 fol.
1077 2062 1131 2087 ex
1152 2050 1418 2087 Laurentiano
1442 2049 1508 2088 bi..

55 2115 277 2156 bliothecae
298 2115 499 2155 Mediceae
522 2116 631 2166 cod.,
660 2118 796 2156 multis
815 2115 977 2170 quidem
995 2116 1094 2153 locis
1114 2114 1346 2165 emendata,
1375 2116 1508 2155 minus

56 2189 191 2223 tamen
210 2185 252 2221 in
270 2192 428 2223 nostro:
458 2185 493 2223 is
511 2185 586 2234 ibi,
617 2185 690 2223 col.
710 2185 815 2234 917,
849 2186 905 2222 sic
925 2197 967 2222 se
987 2181 1130 2221 habet:
1159 2180 1233 2236 τήν
1252 2181 1295 2224 δὲ
1314 2179 1509 2238 ἆστρονο·

53 2250 154 2304 μίαν
176 2239 218 2292 οἶ
236 2250 329 2304 περὶ
354 2249 403 2292 τοὶ
429 2250 601 2307 μετέωρα
626 2248 879 2306 σχολάζονται
907 2251 967 2304 (f.
991 2247 1288 2307 σχολάζοντες),
1318 2251 1444 2307 σοφίᾳ
1468 2264 1509 2291 τε

54 2316 125 2360 καὶ
149 2317 344 2376 ἐπιστήμῃ
370 2322 442 2372 τῆς
466 2323 548 2362 ταῖν
571 2316 746 2375 ἀστέρων
765 2320 1034 2374 ψηφοφορίας
1054 2317 1310 2372 διαφέρονται
1338 2319 1394 2371 (f.
1419 2319 1508 2359 δια-

56 2383 298 2440 φέροντες),
325 2387 416 2442 περί
440 2402 481 2429 τε
507 2386 575 2430 τόν
606 2389 855 2442 Πτολεμαίου
887 2384 1035 2429 κανόνα
1063 2386 1133 2428 καὶ
1159 2385 1252 2440 περὶ
1283 2383 1358 2439 τήν
1380 2380 1508 2425 αὐτοῦ

57 2452 270 2509 λεγομένην
295 2452 557 2511 Τετρᾶβιβλον
575 2456 644 2498 καὶ
660 2456 752 2511 περὶ
774 2453 886 2509 ἕτεροί
906 2472 995 2497 τινα
1013 2457 1095 2496 ταῖν
1121 2455 1362 2496 Χαλδαϊκῶν
1377 2467 1508 2505 παρα-

59 2517 329 2575 σημειώσεων,
358 2523 516 2578 προσέτι
551 2523 594 2566 δὲ
623 2523 692 2566 καὶ
717 2522 793 2578 τὴν
813 2526 888 2566 τοῦ
907 2520 1072 2580 Ἀράτου
1093 2523 1186 2579 περὶ
1203 2525 1285 2563 τῶν
1306 2518 1508 2572 Φαινομέ-

59 2603 142 2629 νων
166 2587 411 2645 διαγόρευσιν
430 2621 440 2631 .
456 2622 466 2631 .
484 2621 493 2632 .
514 2589 702 2634 Ἰωάννου
727 2596 799 2635 τοῦ
815 2594 959 2635 Λυδοῦ
978 2586 1258 2645 καθημερινήν
1278 2602 1319 2629 τε
1341 2586 1409 2628 καὶ
1429 2603 1508 2640 μη·-

59 2655 192 2697 vantem
216 2656 498 2714 παρατήρησιν.
553 2659 602 2702 τοὶ
621 2659 664 2702 δὲ
681 2664 753 2714 τῆς
770 2661 1093 2716 γενεθλιαλογίας
1114 2656 1212 2701 ὅσον
1232 2656 1275 2698 ἓν
1295 2659 1379 2704 τοῖς
1399 2655 1508 2709 εἰρη-

59 2721 195 2776 μένοις
210 2724 500 2783 παρέσπαρται,
531 2727 586 2779 οἷς
610 2725 813 2784 ἀπόβλητα
831 2733 905 2783 τῆς
922 2732 996 2771 τοῦ
1016 2728 1121 2771 θεοῦ
1140 2724 1346 2777 ἐκκλησίας
1363 2721 1394 2776 ἦ
1408 2722 1508 2776 ἤμε-

59 2789 152 2844 τέρα
186 2787 442 2847 ἀποτρέπεται
474 2791 664 2851 βασιλεία.
721 2799 785 2837 cui
817 2800 946 2838 textui
980 2796 1124 2836 adiecit
1159 2794 1275 2832 Lami
1305 2792 1508 2846 antiquam

117 2862 262 2899 Ioannes
289 2865 413 2911 Lydus.
1196 2857 1235 2878 **

1531 1112 1568 1148 p.
1590 1108 1688 1137 xxm

1534 1507 1588 1548 10

1529 2402 1566 2438 p.
1588 2401 1679 2427 xxiv
