1748 3210
582 199 656 243 DE
691 196 976 243 OSTENTIS.
1406 193 1503 238 283

1492 297 1506 313 θ

66 313 272 360 ὴίθολον
307 307 431 364 ὕδωρ
471 307 518 351 αἱ
554 308 754 363 φρεατίαι
792 303 1089 363 ἀναβλύζωσι,
1137 297 1245 346 καθ’
1283 298 1437 355 ἑαυτῆς
1477 317 1506 355 η

66 379 270 425 πολιτεία.
325 377 356 433 ἦ
403 375 475 420 καὶ
519 374 627 418 ὅταν
667 377 827 423 ἰκτῖνος
866 373 914 416 ἐν
951 370 1120 426 θεάτρῳ
1156 367 1409 423 συνηγμένῳ
1445 367 1508 421 τῷ

64 447 220 502 πλήθει
249 442 434 499 ἀναίδην
461 443 752 498 περιίπταται,
791 439 947 483 ὁποῖον
978 435 1265 489 ἱπποδρομίας
1295 433 1509 476 ἐπιτελου-

63 511 193 569 μένης
221 512 394 566 εἴδομεν
422 509 491 553 ἐπὶ
519 513 594 564 τῆς
623 507 720 563 ἅρτι
750 505 1006 560 διελθούσης
1033 501 1186 558 ἐνάτης
1215 498 1510 555 ἐπινεμήσεως,

33 574 118 634 ὄῆς
144 576 358 634 ἀγομένης
387 578 549 627 ἰκτῖνος
573 574 621 619 τό
652 575 794 632 βέλος,
826 572 905 629 τήν
933 570 1166 626 λεγομένην
1195 568 1421 622 σαγίτταν,
1450 567 1512 621 τῷ

65 643 220 702 ρέμφει
248 643 414 700 φέρων,
449 643 553 687 ὅλον
586 640 883 690 ἐπικυκλώσας
911 638 987 682 τὸν
1018 639 1180 693 δῆμον,
1213 634 1280 678 ἐπὶ
1307 636 1388 676 τοῦ
1418 630 1514 687 ὀβε-

63 715 146 756 λοῦ
174 711 337 767 ταύτην
369 708 602 764 διωλύγιον
631 711 844 764 συρίττων
871 704 1069 748 ἀπέθετο.
1129 701 1152 746 ὁ
1195 701 1241 745 δὲ
1280 702 1412 756 δῆμος
1443 697 1516 742 οὐ-

65 779 140 822 δὲν
167 776 410 835 βραδύνας,
448 774 555 820 καθ’
585 775 746 819 ἑαυτοῦ
776 774 822 817 δὲ
853 773 1066 829 κινηθείς,
1107 768 1239 819 αὐτὸς
1267 768 1346 823 μὲν
1374 764 1515 809 ἀπώλ-

64 848 191 898 λυτο,
231 842 259 901 ἡ
297 844 343 888 δὲ
377 844 501 894 πόλις
539 843 644 897 πυρὶ
679 846 795 886 πᾶσα
831 842 1124 896 διεφθείρετο,
1165 835 1225 887 ῶς
1262 836 1336 879 καὶ
1380 833 1517 890 αὐτὴν

12 911 148 969 1Οτῆν
173 913 415 969 βασιλείαν,
458 911 494 954 εί
521 909 579 965 μὴ
605 908 710 959 θεὸς
737 906 1041 961 ἀντέπραττεν,
1084 902 1139 947 οὐ
1179 901 1332 955 πόρρω
1371 900 1518 945 κινδύ-

65 977 161 1023 νων
182 977 338 1022 ἐλθεῖν.
394 977 448 1020 τὰ
474 976 559 1032 γάρ
590 976 688 1029 περὶ
717 972 892 1018 ἐπόπων
920 973 993 1016 καὶ
1020 967 1352 1022 νυκτικοράκων
1372 967 1519 1011 λύκων

64 1062 111 1089 τε
136 1045 210 1090 καὶ
239 1044 493 1095 ἀλωπέκων,
534 1041 640 1086 ὅταν
668 1039 716 1084 ἐν
744 1039 893 1084 πόλεσι
922 1039 1196 1094 φαίνωνται,
1228 1035 1280 1078 τὰ
1318 1036 1518 1090 εἰρημένα

65 1117 156 1164 τοῖς
185 1110 380 1166 ἀρχαίοις
407 1112 723 1164 μεταπολλητα,
758 1107 830 1151 καὶ
858 1105 960 1156 τοὺς
992 1105 1035 1157 ἐξ
1065 1098 1126 1147 ὧν
1156 1102 1306 1154 αὐτοῖς
1335 1103 1517 1158 διαλέγε-

65 1195 154 1231 ται,
189 1176 390 1231 περιττὸν
417 1175 622 1229 ἄντικρυς
651 1172 896 1228 ἀναφέρειν.

14 1253 56 1289 15
182 1247 386 1288 Τοσαῦτα
427 1242 506 1298 μὲν
548 1235 631 1284 οὗν
667 1239 776 1293 πρὸς
812 1238 915 1289 τούς
942 1241 1035 1287 ταῖς
1065 1236 1329 1291 διοσημείαις
1357 1234 1519 1278 ἐνιστα-

65 1311 224 1368 μένους
269 1311 343 1354 καὶ
391 1309 645 1364 Πτολεμαίῳ
689 1310 940 1361 τολμῶντας
986 1302 1221 1359 ἀντιλέγειν
1262 1303 1308 1346 ἐκ
1346 1304 1521 1346 πολλῶν

67 1377 193 1434 ὀλίγα
234 1377 432 1432 λελέχθω.
509 1374 660 1429 καιρὸς
698 1372 744 1417 δὲ
783 1372 999 1426 ἄρξασθαι
1036 1375 1112 1426 τῆς
1149 1371 1427 1426 ἐπαγγελίας,
1474 1369 1521 1413 ἐκ

66 1448 156 1488 τῶν
186 1443 379 1500 ἡλιακῶν
411 1440 764 1497 ἀποτελεσμάτων
792 1437 1096 1495 λαμβάνοντας
1124 1437 1176 1480 τοὶ
1205 1438 1429 1492 προοίμια.

179 1517 220 1556 9.
276 1509 434 1555 Ἰστέον
477 1510 525 1553 ἐν
570 1508 760 1563 πρώτοις
796 1505 854 1557 ὥς
890 1505 1025 1560 μόνος
1062 1504 1086 1548 ὁ
1126 1504 1247 1561 ἥλιος
1283 1504 1521 1555 καθολικάς

14 1578 152 1635 Ξοέχει
180 1577 384 1626 ἐνεργείας,
415 1583 487 1616 τῶν
518 1576 662 1621 ἄλλων
695 1578 955 1630 διοσημειῶν
981 1572 1164 1623 τοπικὰς
1192 1572 1401 1627 ἐχουσῶν.
1458 1572 1522 1615 δέ·
1558 1626 1563 1632 .

70 1647 196 1690 δοται
234 1644 317 1700 γὰρ
347 1644 450 1692 ἅπαξ
478 1646 568 1696 ἡλίῳ
599 1644 677 1699 μὲν
705 1643 1002 1687 καλύπτεσθαι
1030 1645 1083 1698 τῇ
1113 1639 1418 1695 παρεμπτώσει
1445 1642 1522 1694 τῆς

69 1712 271 1769 σελήνης,
314 1710 415 1763 αὐτῇ
446 1714 486 1752 δὲ
515 1717 559 1762 τῇ
591 1710 848 1755 ἀντιπτιόσει
877 1704 950 1766 τῆς
982 1713 1084 1764 γῆς,
1130 1708 1204 1751 καὶ
1239 1706 1317 1750 τόν
1355 1707 1434 1762 μὲν
1473 1707 1521 1750 ἐν

72 1779 246 1839 συνόδῳ
285 1778 479 1829 πάντων,
518 1782 586 1829 τήν
623 1782 774 1828 σελήνην
803 1777 870 1830 δέ,
916 1775 1022 1820 ὅταν
1061 1770 1090 1832 ᾖ
1129 1775 1389 1833 πλησιφαής.
1446 1774 1522 1819 καὶ

158 1883 182 1917 2
208 1883 292 1936 1“οι·ῒζ
317 1882 397 1916 add.
415 1880 666 1926 κινηθήσεται.
690 1881 739 1914 Η.
902 1880 925 1914 7
949 1877 1138 1921 διαλύγιον
1164 1878 1207 1911 C.
1379 1878 1422 1912 13
1444 1889 1524 1911 num

159 1925 242 1970 μετ’
266 1925 480 1971 απόρρητα,
504 1928 579 1961 sive
601 1925 691 1970 μήτ’
713 1923 911 1960 cimil-vta?
957 1925 1020 1959 sed
1041 1935 1153 1969 neque
1177 1924 1263 1958 haec
1286 1923 1436 1968 placent.
1473 1924 1521 1958 H.

160 1974 208 2009 22
233 1973 346 2007 malim
371 1971 499 2018 ταύτῃ.
546 1974 581 2006 Η

72 2066 164 2101 blica
187 2070 308 2099 contra
329 2075 367 2098 se
388 2062 466 2108 ipsa
488 2061 740 2103 concitabitur3
772 2061 828 2095 vel
861 2059 996 2105 quando
1019 2059 1142 2093 milvus
1164 2059 1200 2092 in
1224 2059 1316 2093 circo
1341 2058 1523 2093 considen-

71 2118 141 2147 tem
159 2110 407 2144 multitudinem
429 2108 647 2152 impudenter
668 2107 906 2149 circumvolat,
940 2107 1220 2151 quemadmodum
1242 2105 1396 2139 ludorum
1419 2117 1525 2149 eque-

73 2158 194 2191 strium
218 2154 452 2194 celebratione
475 2153 642 2196 vidimus,
666 2153 853 2186 indictione
878 2165 969 2186 nona
993 2164 1035 2186 ea
1061 2163 1149 2196 quae
1172 2153 1272 2185 modo
1298 2156 1439 2196 peracta
1458 2156 1525 2185 est.

74 2203 200 2247 quibus
229 2200 417 2235 commissis
448 2199 571 2232 milvus
605 2199 729 2243 telum,
763 2201 855 2243 quod
884 2198 1046 2242 sagittam
1076 2203 1222 2239 vocant,
1255 2203 1370 2230 rostro
1396 2198 1526 2240 serens,

76 2259 151 2291 cum
184 2259 317 2280 omnem
349 2245 514 2279 ambisset
544 2244 724 2289 populum,
754 2245 914 2289 sagittam
946 2248 1103 2288 argutum
1135 2243 1284 2276 stridens
1313 2243 1349 2278 in
1374 2243 1526 2276 obelisco

76 2293 251 2338 deposuit.
298 2303 410 2335 neque
437 2290 503 2325 ulla
534 2302 629 2324 mora
658 2290 865 2335 interposita.
887 2289 1033 2335 populus
1058 2289 1093 2322 in
1115 2301 1154 2323 se
1177 2289 1367 2322 concitatus
1393 2295 1428 2322 et
1451 2289 1529 2333 ,ipse

76 2338 213 2374 interiit
239 2341 275 2371 et
302 2339 385 2370 urbs
413 2336 521 2370 omnis
547 2336 708 2370 incendio
736 2338 915 2380 absumpta
940 2340 1011 2378 est,
1049 2341 1087 2368 ut
1112 2335 1167 2368 vel
1194 2335 1305 2379 ipsum
1334 2334 1527 2378 imperium,

79 2384 147 2419 nisi
181 2395 305 2417 numen
338 2383 546 2425 obstitisset,
581 2394 648 2415 non
683 2382 820 2416 multum
853 2381 1022 2420 abfuisset
1055 2393 1075 2414 a
1106 2380 1316 2414 discrimine.
1374 2391 1450 2413 nam
1484 2381 1530 2413 (le

78 2429 204 2475 upupis
228 2428 366 2462 cicumis
390 2428 479 2473 lupis
503 2427 686 2473 vulpibuS,
719 2429 854 2472 quando
877 2428 912 2460 in
938 2426 1137 2460 civitatibus
1159 2425 1435 2470 conspiciuntur,
1469 2436 1526 2458 su-

77 2486 328 2520 pervacaneum
353 2479 407 2507 est
430 2486 471 2508 ea
498 2485 586 2518 quae
610 2479 747 2507 veteres
768 2474 860 2508 inter
890 2473 1092 2506 abscondita
1120 2477 1415 2514 memoraverunt,
1452 2470 1529 2515 qui-

78 2522 212 2565 busque
232 2520 430 2554 auctoribus
449 2532 490 2554 ea
509 2527 702 2564 exponunt,
735 2519 846 2564 palam
868 2520 1040 2564 proferre.

170 2566 270 2599 Haec
299 2565 345 2599 iis
376 2566 436 2610 qui
469 2565 621 2610 auguriis
646 2567 870 2599 adversantes
895 2570 1015 2598 contra
1037 2563 1269 2597 Ptolemaeum
1292 2562 1445 2606 argutari
1470 2573 1530 2596 au-

80 2612 183 2654 dent,
217 2623 237 2644 e
267 2611 380 2644 multis
411 2623 522 2656 pauca
550 2610 644 2645 dicta
672 2617 785 2645 sunto.
834 2612 895 2644 sed
930 2610 996 2643 iam
1026 2615 1160 2652 tempus
1193 2614 1247 2643 est
1270 2607 1426 2642 solvendi
1449 2620 1531 2653 pro-

81 2657 206 2700 missa,
229 2656 279 2690 ita
298 2662 338 2690 ut
358 2657 402 2690 ab
421 2657 602 2691 effectibus
621 2657 790 2690 solaribus
809 2656 986 2690 exordium
1005 2655 1191 2700 capiamus.

173 2702 208 2739 9,
256 2702 440 2736 Sciendum
459 2710 513 2736 est
535 2703 572 2736 in
596 2703 715 2747 primis
735 2703 839 2736 solem
859 2702 967 2735 solum
990 2700 1203 2734 universales
1224 2700 1352 2733 habere
1372 2699 1530 2733 efficien-

82 2747 172 2789 tias,
197 2759 271 2780 cum
298 2752 415 2781 cetera
437 2747 552 2783 s'idera
575 2748 703 2782 locales
728 2749 889 2793 habeam«.
938 2747 1064 2781 etenim
1088 2748 1202 2780 datum
1227 2752 1281 2780 est
1304 2746 1439 2779 omnino
1465 2745 1530 2778 soli

82 2799 121 2827 ut
142 2793 340 2827 interventu
356 2793 477 2837 lunae,
512 2795 591 2828 huic
616 2800 654 2828 ut
674 2795 811 2829 obiectu
839 2799 955 2828 terrae
974 2793 1184 2835 occultetur,
1218 2792 1269 2825 sol
1292 2792 1328 2824 in
1347 2791 1528 2825 constella-

84 2839 180 2873 tione
206 2839 372 2886 omnium,
404 2840 507 2886 luna,
539 2842 677 2886 quando
705 2846 758 2876 est
780 2840 880 2888 pleno
904 2839 1044 2874 lumine.
1093 2844 1198 2884 atque
1221 2838 1286 2873 hac
1308 2838 1353 2872 de
1374 2849 1414 2872 re
1434 2848 1531 2871 nemo
