1748 3210
622 167 698 210 DE
732 164 1018 211 OSTENT18‚
1312 179 1314 181 ’
1457 160 1555 209 347

107 283 278 341 χρηστοὶ
296 285 369 326 τοῦ
385 278 686 337 πολιτεύματος.
754 281 806 324 τὰ
827 280 871 324 δὲ
891 281 1024 338 μέτρῳ
1041 277 1262 336 ἢσταθμῷ
1284 274 1558 331 ἀποδιδόμενα

115 353 190 406 οὐχ
213 352 288 402 ἕξει
308 351 354 394 τὸ
378 353 542 393 δίκαιον.
610 348 769 393 πάντων
790 350 834 392 δὲ
849 349 1052 406 βαρυτέρα
1070 346 1181 391 ἔσται
1202 345 1228 401 ἡ
1247 347 1335 403 περὶ
1354 346 1405 388 τὰ
1428 345 1557 400 δημό-

112 436 185 463 σια
210 419 431 474 τελέσματα
464 417 642 473 σπουδή,
672 420 714 460 οἵ
742 435 785 462 ’τε
814 417 931 473 νόμοι
953 413 1407 473 καταφρονηθήσονται,
1435 416 1501 456 καὶ
1521 415 1560 456 οἳ

114 489 238 542 δῆμοι
268 489 310 538 ἐξ
339 488 503 542 ἀλογίας
527 484 876 544 ταραχθῆσονται,
911 487 978 528 καὶ
1008 486 1052 528 ἐκ
1083 484 1230 534 παντὸς
1257 481 1408 541 τρόπου
1442 485 1509 525 καὶ
1538 480 1564 538 ἣ

81 560 186 599 &mii
207 560 310 598 θεοῦ
332 555 586 610 δειχθήσεται
609 553 722 612 ὀργή.

250 624 330 668 51.
389 623 568 674 ’Ὴλιος
600 622 853 681 σκορπίῳ.
899 619 995 665 ὅταν
1029 621 1071 663 δὲ
1103 620 1281 678 σκορπίῳ
1312 618 1496 675 γένηται,
1534 619 1568 661 εἰ

82 706 85 708 ’
113 691 219 735 κατὰ
241 692 406 748 δένδρου
428 693 680 746 κατενεχθείη
701 688 912 748 κεραυνός,
945 694 1118 732 πλοῦτον
1136 690 1209 743 μὲν
1227 695 1310 738 τοῖς
1325 689 1476 745 κυρίοις
1495 690 1568 729 τοῦ

113 761 282 816 δένδρου
305 761 583 816 ἐπαγγέλλεται
591 792 604 812 ,
638 760 684 802 τὸ
712 761 755 802 δὲ
777 758 990 816 γεωργικὸν
1016 756 1352 811 ἐλαττωθήσεται.
1421 756 1571 798 ἐπικίν-

115 830 234 878 δυνος
262 828 306 870 δὲ
332 830 398 870 καὶ
425 827 446 870 ὃ
475 832 600 878 πλοῦς
623 827 756 879 ἔσται,
791 829 858 869 καὶ
883 827 1019 881 συχνοὶ
1041 827 1103 867 ἐπὶ
1122 829 1194 879 τῆς
1216 822 1433 878 θαλάσσης
1455 824 1570 866 ἔκπε-

59 905 106 940 10
117 901 280 939 σοῦνται
309 898 518 953 κεραυνοί,
556 894 728 952 ναυάγιά
758 911 800 937 τε
831 895 962 937 πολλὰ
991 891 1254 947 συμβήσεται.
1323 894 1357 934 εἲ
1389 893 1434 934 δὲ
1464 891 1566 934 κατὰ

113 964 309 1019 δημοσίου
325 964 449 1007 τόπου
467 964 657 1018 ἐνσκῆψει
676 961 878 1020 κεραυνός,
912 963 1070 1011 νεανίας
1088 960 1254 1015 ἀναιδὴς
1272 965 1345 1015 τῆς
1360 962 1568 1012 βασιλείας

111 1030 350 1086 ἐπιλάβηται
361 1064 374 1083 ,
405 1030 569 1075 ἀσώτων
587 1034 653 1074 καὶ
673 1028 953 1088 διεφθορότων
972 1027 1263 1086 συντρεχόντων
1280 1029 1404 1085 αὐτῷ.
1473 1031 1506 1070 εἷ
1525 1028 1570 1069 δὲ

113 1099 218 1142 κατὰ
250 1104 391 1153 τειχῶν
423 1101 677 1154 κατενεχθείη
707 1097 918 1155 κεραυνός,
952 1098 1151 1152 πολέμους
1171 1098 1213 1139 ἔκ
1236 1101 1316 1139 τῶν
1340 1093 1570 1151 πλησιοχώ-

114 1185 196 1224 ρων
219 1169 284 1210 καὶ
303 1167 469 1224 φθορὰν
489 1172 537 1224 τῇ
556 1169 715 1225 νεολαίᾳ
737 1167 906 1209 δεδιέναι
923 1164 1018 1222 χρή.
1088 1165 1125 1207 οἳ
1148 1166 1191 1207 δὲ
1208 1165 1388 1218 πολέμιοι
1409 1165 1572 1221 μυριόις

61 1239 104 1276 15
115 1238 386 1278 εἶσπεσοῦνται
403 1243 560 1287 κακοῖς,
596 1234 651 1285 ὡς
673 1235 852 1277 εὐκταῖον
872 1234 1008 1283 αὐτοῖς
1027 1237 1272 1287 νομισθῆναι
1291 1232 1360 1274 τὸν
1374 1231 1572 1274 θάνατον.

239 1303 427 1353 ’Ὴλιος
459 1301 657 1359 τοξότῃ.
707 1302 803 1344 ὅταν
835 1304 878 1345 δὲ
906 1300 1018 1356 ἣλιος
1045 1302 1107 1343 ἐπὶ
1131 1299 1296 1355 τοξότην
1322 1300 1503 1355 γένηται,
1537 1300 1572 1341 εἲ

112 1373 367 1425 κατενεχθείη
400 1372 593 1428 κεραυνὸς
616 1373 677 1412 ἐπὶ
699 1370 819 1426 ὓλην,
854 1370 1116 1427 ἐμπρησμοὺς
1135 1376 1223 1419 ταῖς
1243 1370 1383 1410 ναυσὶν
1409 1368 1572 1410 ἀπειλεῖ.

114 1441 148 1480 εἰ
169 1440 212 1481 δὲ
231 1441 292 1481 ἐπὶ
312 1444 495 1492 ποταμοῦ
514 1440 790 1494 κατενεχθείη,
825 1439 1023 1492 πολέμους
1042 1439 1107 1479 καὶ
1128 1438 1355 1491 ναυμαχίας
1374 1438 1573 1491 σημαίνει,

113 1505 169 1558 ὥς
199 1505 373 1564 ἐρήμους
398 1508 571 1557 πολλοὺς
600 1509 642 1549 ἐκ
670 1512 740 1562 τῆς
769 1505 957 1560 τοιαύτης
978 1505 1128 1562 ἐφόδου
1151 1507 1353 1561 γενέσθαι.
1422 1506 1574 1558 κίνησιν

57 1575 160 1617 2οὁὲ
188 1575 262 1630 οὐχ
287 1574 431 1630 ἥκιστα
461 1575 616 1618 ἀπειλεῖ
626 1578 822 1631 Περσῶν,
858 1577 923 1616 καὶ
942 1574 1092 1616 ἔνδειαν
1111 1581 1199 1624 ταῖς
1219 1574 1576 1630 πολιορκουμέναις

112 1641 191 1686 ὑπὸ
219 1645 416 1696 πολεμίων
449 1642 622 1685 πόλεσιν.
690 1646 725 1685 εἴ
757 1644 802 1685 δὲ
833 1643 933 1700 πρὸς
951 1650 1038 1692 ταῖς
1060 1641 1178 1697 ἡλίου
1204 1644 1376 1695 δυσμαῖς
1399 1640 1574 1694 σκηπτὸς

113 1713 393 1766 κατενεχθείη,
437 1711 657 1769 ε’μᾳυλιόυς
691 1713 873 1766 σημαίνει
910 1708 1066 1765 μάχας·
1115 1709 1208 1751 ἀλλ’
1243 1709 1314 1751 οὐκ
1346 1712 1401 1758 εἰς
1423 1707 1572 1765 χρόνον

114 1778 380 1834 ἕκταθήσεται
409 1780 459 1823 τὰ
489 1784 560 1836 τῆς
590 1781 808 1834 διχονοίας,
837 1780 1040 1837 κρείττονα
1066 1779 1108 1821 δὲ
1130 1777 1242 1821 ἔσται
1266 1777 1317 1820 τὰ
1338 1774 1570 1834 πράγματα,

143 1933 146 1936 ⁴
202 1919 226 1954 9
249 1915 393 1959 ἁπλοῦς
413 1919 456 1954 C.
596 1918 639 1955 15
663 1915 814 1954 εὐκτέον
837 1918 882 1954 C.

113 2042 386 2076 removebuntur
414 2052 455 2075 re
485 2040 636 2086 publica.
684 2052 774 2086 quae
802 2053 962 2075 mensura
986 2046 1022 2075 et
1045 2040 1200 2086 pondere
1228 2039 1482 2084 divenduntur,
1515 2039 1570 2074 iu-

112 2094 204 2122 stum
225 2099 293 2121 non
317 2087 507 2121 habebunt.
555 2086 702 2120 omnium
723 2093 835 2120 autem
858 2087 1100 2131 gravissimum
1123 2087 1191 2120 erit
1213 2086 1433 2131 vectigalium
1457 2086 1573 2131 publi-

114 2144 232 2166 corum
262 2134 390 2166 acerba
417 2132 571 2166 exactio:
603 2138 864 2166 contemnentur
890 2133 1005 2176 leges,
1034 2132 1147 2166 tribus
1180 2131 1300 2186 populi
1331 2132 1478 2166 Romani
1510 2133 1573 2166 de-

112 2178 245 2212 mentia
269 2179 523 2220 turbabuntur3
555 2178 647 2211 omni
669 2179 769 2212 modo
793 2178 940 2212 numinis
964 2178 1018 2211 ira
1035 2178 1327 2212 manifestabitur.

206 2223 263 2258 51.
313 2223 387 2257 Sol
411 2223 668 2268 scorpione.
716 2223 788 2257 sole
806 2223 1024 2269 scorpionem
1045 2224 1202 2277 ingresso
1226 2224 1256 2257 si
1275 2223 1311 2256 in
1331 2223 1491 2256 arborem
1510 2223 1573 2256 de-

113 2270 227 2304 fertur
245 2268 391 2312 fulmen,
417 2268 626 2322 opulentiam
645 2267 826 2322 pollicetur
844 2270 992 2303 dominis
1017 2269 1170 2312 arboris,
1193 2271 1255 2303 sed
1277 2269 1488 2312 agricultura
1509 2268 1575 2301 im-

111 2315 299 2349 minuetur.
347 2314 543 2360 periculosa
567 2314 634 2348 erit
658 2314 856 2359 navigatio,
882 2316 1014 2350 crebris
1036 2327 1130 2350 mare
1152 2315 1350 2348 fulminibus
1374 2314 1575 2358 impetetur,

113 2360 298 2405 naufragia
331 2360 437 2394 multa
468 2361 566 2394 fient.
615 2360 739 2413 quodsi
765 2342 874 2395 locum
906 2361 1078 2407 publicum
1108 2373 1211 2396 ruens
1240 2359 1399 2403 tetigerit
1432 2359 1574 2403 fulmen,

112 2406 313 2441 adolescens
338 2412 524 2460 protervus
544 2406 775 2460 principatum
798 2406 962 2450 invadet,
987 2407 1271 2441 concurrentibus
1293 2406 1336 2439 ad
1360 2416 1435 2439 eum
1455 2404 1576 2449 perdi-

113 2451 160 2486 tis
193 2458 229 2487 et
259 2451 512 2486 contaminatis.
561 2451 592 2486 si
617 2451 654 2484 in
681 2463 795 2485 muros
826 2433 982 2486 defertur
1013 2453 1161 2496 fulmen,
1195 2451 1320 2485 bellum
1345 2463 1364 2485 e
1388 2451 1514 2484 vicinis
1540 2454 1576 2484 et

115 2497 231 2531 clades
262 2498 347 2552 pubi
378 2498 574 2531 metuenda.
622 2508 742 2531 verum
766 2497 884 2532 hostes
907 2497 945 2531 in
968 2498 1058 2532 mala
1080 2498 1216 2532 infinita
1242 2497 1417 2541 incident,
1450 2502 1488 2530 ut
1506 2495 1575 2530 iam

114 2553 207 2577 mors
229 2542 298 2577 illis
323 2544 519 2597 exoptanda
539 2543 713 2577 videatur.

210 2588 289 2622 Sol
322 2588 590 2633 sagittario.
637 2588 710 2622 sole
732 2588 950 2633 sagittarium
975 2588 1133 2633 ingresso
1157 2587 1187 2621 si
1210 2587 1354 2621 fulmine
1382 2587 1471 2621 silva
1494 2591 1573 2620 tau-

116 2633 229 2678 gitur‚
255 2634 400 2668 navibus
422 2634 616 2668 incendium
640 2634 829 2669 minitatur.
877 2634 1005 2668 fulmen
1028 2634 1059 2667 si
1082 2634 1119 2667 in
1140 2634 1266 2668 flumen
1285 2634 1460 2675 defertur,
1483 2633 1574 2667 bella

116 2690 322 2733 pugnasque
343 2679 482 2714 navales
501 2680 694 2724 significat,
716 2686 754 2714 ut
778 2692 821 2714 ex
844 2680 942 2715 hac’
932 2680 1130 2714 1ncursione
1149 2679 1246 2713 multi
1266 2680 1341 2712 orbi
1361 2679 1470 2712 futuri
1488 2678 1571 2712 sint.

118 2736 183 2759 nec
204 2724 342 2759 minime
364 2729 491 2759 motum
513 2725 712 2759 Parthicum
736 2726 903 2770 minatur,
937 2725 1185 2770 penuriamque
1216 2725 1416 2759 civitatibus
1442 2725 1484 2758 ab
1509 2725 1571 2758 ho-

118 2770 230 2804 stibus
256 2772 420 2805 obsessis.
468 2771 592 2815 quodsi
610 2771 693 2805 solis
713 2784 869 2825 occasum
888 2783 1011 2806 versus
1035 2771 1089 2805 vis
1118 2771 1270 2805 fulminis
1297 2771 1473 2814 defertur,
1506 2781 1571 2814 pu-

117 2827 204 2861 gnas
228 2816 351 2851 civiles
373 2816 566 2861 significat:
600 2828 666 2852 nec
688 2823 803 2854 tamen
820 2817 856 2853 in
879 2824 1014 2864 tempus
1036 2817 1207 2852 dissensio
1231 2818 1461 2863 producetur,
1483 2815 1572 2850 inci-
