1748 3210
579 170 655 214 DE
686 168 960 214 MENSIBUS
992 168 1069 214 lv.
1317 178 1319 180 ’
1477 166 1544 213 75

103 300 195 344 709⁸
226 283 295 328 διὰ
324 280 457 339 πάσης
482 285 554 338 τῆς
583 283 722 336 νυκτὸς
750 283 804 336 ὥς
824 284 874 328 ἄν
893 301 954 336 τις
978 285 1044 327 καὶ
1069 281 1284 337 ἀεικίνητος
1301 282 1376 337 τὴν
1400 279 1546 339 φύσιν·

104 353 153 397 τὸ
170 353 248 412 γὰρ
268 357 424 396 παῦλαν
452 352 540 407 ἔχον
558 350 746 406 κινήσεως
765 357 922 396 παῦλαν
947 352 1024 408 ἔχει
1054 353 1168 406 ζωῆς,
1203 351 1305 393 κατὰ
1326 350 1545 393 Πλάτωνα.

237 418 317 466 40.
383 421 462 479 πρὸ
492 419 790 477 δεκατεσσάρων
820 423 1027 463 καλανδῶν
1049 419 1275 477 Ἀπριλίων
1297 417 1414 476 ἑορτὴ
1433 419 1545 476 παρὰ

97 486 306 544 Ῥωμαίοις
329 489 553 544 τιμωμένη,
596 488 668 542 οὗχ
703 487 758 539 ὥς
783 487 983 544 Ῥωμαϊκὴ
1011 488 1103 530 ἀλλ’
1142 486 1196 538 ὡς
1228 489 1414 543 μεγίστην
1439 486 1544 544 παρ’

69 559 340 613 εΛῗγυπτίοις
366 558 511 612 ἔχουσα
538 557 656 611 τιμὴν
683 556 739 598 δι’
774 558 903 599 αἰτίαν
934 556 1134 611 τοιαύτην.
1202 560 1274 598 τοῦ
1298 557 1444 599 Νείλου
1472 555 1546 611 τὴν

101 625 256 680 ἐτήσιον
281 627 455 668 ἐπίδοσιν
481 629 560 668 τῶν
586 622 744 668 ὗδάτων
777 624 1019 682 ἀρνουμένου
1054 625 1171 675 ποτέ,
1213 626 1279 667 καὶ
1310 623 1435 680 ταύτῃ
1467 627 1548 667 τῶν

98 695 333 750 Αἰγυπτίων
365 693 662 748 ἀπολλυμένων,
698 694 852 747 δαίμων
881 711 942 743 τις
968 692 1127 747 ἀγαθὸς
1149 695 1203 742 εἷς
1222 692 1443 750 ἄνθρωπον
1465 709 1549 749 ‹pa-

99 763 199 813 νείς,
226 763 317 804 ὅλον
346 762 392 805 τὸ
417 766 535 816 σῶμα
561 762 865 815 πεπηλωμένος,
900 759 1041 814 ἐξεβόα
1073 766 1158 811 τοῖς
1184 762 1423 815 Αἰγυπτίοις
1450 760 1550 802 ἄνα-

97 829 247 884 βλῦσαι
273 829 342 872 τὸν
368 833 513 872 Νεῖλον
539 830 606 871 καὶ
641 829 762 879 αὐτὸς
793 830 974 883 ἐμπεσεῖν
992 834 1076 878 τοῖς
1099 828 1242 870 ὕδασι·
1270 833 1349 871 τῶν
1381 829 1425 870 δὲ
1453 828 1548 870 tim-
1570 842 1608 878 p.
1632 831 1677 867 85

46 903 91 940 10
100 896 342 952 στησάντων,
367 897 469 956 ἔργῳ
498 898 542 939 δὲ
560 897 736 951 τάληθὲς
759 895 967 954 εὑρόντων,
995 894 1112 952 ἑορτὴ
1133 895 1237 953 παρ’
1261 896 1395 948 αὐτοῖς
1416 913 1459 939 τε
1481 897 1551 939 καὶ

95 966 207 1023 παρὰ
226 972 310 1016 τοῖς
320 965 506 1020 ’Ἑλλησιν
523 963 694 1022 ὡρίσθη,
730 966 917 1021 λεγομένη
943 963 1190 1019 Πηλούσιος.

176 1077 180 1081 ,
227 1034 376 1091 μικρὰς
394 1032 569 1088 Ἀθήνας
597 1032 764 1076 ἐκάλουν
790 1034 864 1089 τὴν
893 1033 1189 1093 Φιλαδέλφειαν
1217 1031 1289 1074 διὰ
1306 1032 1380 1083 τὰς
1404 1030 1547 1090 ἑορτὰς

95 1101 162 1143 καὶ
181 1100 230 1143 τὰ
251 1101 339 1159 ἱερὰ
359 1106 438 1145 τῶν
462 1101 648 1144 εἰδώλων.
730 1110 733 1114 ’

207 1167 309 1214 ’41.
376 1175 426 1227 τῇ
454 1170 532 1227 πρὸ
563 1172 754 1224 δεκαμιᾶς
783 1170 990 1211 καλανδῶν
1014 1167 1223 1225 Ἀπριλίων
1244 1168 1412 1225 δένδρον
1431 1168 1546 1220 πίτυς

40 1236 206 1294 15,παρᾶ
226 1242 306 1280 τῶν
332 1237 612 1296 δενδροφόρων
641 1239 802 1295 ἐφέρετο
828 1238 868 1279 ἓν
895 1241 953 1293 τῷ
980 1238 1173 1293 παλατίῳ.
1240 1237 1315 1290 τὴν
1338 1237 1382 1278 δὲ
1401 1235 1546 1293 ἑορτὴν

92 1304 301 1355 Κλαύδιος
328 1303 350 1348 ὅ
377 1307 567 1359 βασιλεὺς
599 1304 887 1359 κατεστήσατο,
925 1304 1025 1361 ἀνὴρ
1052 1303 1156 1346 οὕτω
1186 1304 1338 1354 δίκαιος
1363 1306 1452 1359 περὶ
1471 1304 1545 1354 τὰς

93 1374 239 1428 κρίσεις
264 1371 318 1424 ὥς
342 1375 496 1432 μητέρα
527 1375 596 1416 τὸν
624 1372 767 1427 ἑαυτῆς
787 1375 913 1414 παΐδα
934 1372 1178 1429 ἀρνουμένην
1196 1376 1378 1415 κελεῦσαι
1401 1369 1544 1415 ὡσανεὶ

92 1442 206 1495 ξένην
221 1446 454 1497 γαμηθῆναι
475 1442 596 1499 αὐτῷ,
625 1442 697 1496 τὴν
714 1442 758 1483 δὲ
777 1439 1059 1482 ἀποπτύουσαν
1079 1438 1175 1482 εἶναι
1192 1441 1361 1496 μητέρα.

227 1509 307 1554 42·
374 1515 424 1567 τῇ
450 1510 528 1566 πρὸ
559 1510 655 1551 δέκα
679 1511 887 1551 καλανδῶν
898 1508 1110 1565 Ἀπριλίων
1131 1509 1349 1565 καθαρμὸς
1373 1506 1544 1564 σάλπιγ-

35 1581 161 1632 fflyog
190 1578 258 1618 καὶ
283 1578 434 1632 κίνησις
463 1582 542 1620 τῶν
570 1578 702 1620 ὅπλων
733 1578 799 1619 καὶ
825 1578 938 1630 τιμαὶ
960 1576 1203 1632 ”Λρεος.καὶ
1223 1578 1408 1632 Νερίνης,
1443 1581 1546 1628 θεᾶς

91 1643 196 1687 οὕτω
216 1649 266 1702 τῇ
283 1647 466 1700 Σαβίνων
485 1645 646 1702 γλώσσῃ
666 1645 1085 1702 προσαγορευομένης,
1120 1643 1171 1698 ἣν
1196 1643 1333 1698 ἠξίουν
1356 1643 1453 1687 εἶναι
1473 1645 1546 1699 τὴν

84 1710 279 1768 ’.Αθηνᾶν
297 1712 322 1768 ἢ
340 1715 407 1756 καὶ
423 1714 702 1773 ’.Αφροδίτην
735 1713 866 1771 νερίνη
885 1714 963 1770 γὰρ
982 1710 1008 1768 ἦ
1029 1712 1174 1770 ἀνδρία
1194 1713 1298 1764 ἐστί,
1332 1714 1399 1755 καὶ
1420 1714 1549 1771 νε’ρω-’

181 1820 201 1855 1
225 1816 397 1863 ἀκίνητος
419 1820 463 1855 Ρ.
509 1823 513 1826 ’
607 1822 631 1857 9
654 1817 773 1856 αὐτόν
796 1819 917 1866 vulgo.
1066 1820 1110 1855 18
1133 1816 1423 1855 οἱποπίπτουσοιν
1443 1819 1544 1856 libri:

178 1876 258 1901 corr
286 1866 428 1901 Hasius.

88 1955 212 2000 vigilat
230 1968 294 2002 per
314 1960 422 1992 totam
443 1960 589 2000 noctem,
614 1958 704 1992 sicut
726 1957 804 2002 ipsa
827 1968 964 2001 semper
984 1958 1144 1990 movetur
1165 1958 1309 1990 natarat
1334 1956 1428 2000 quod
1453 1955 1544 1992 enim

87 2002 270 2037 terminum
288 2003 395 2038 habet
413 2009 537 2045 motus,
555 2004 648 2037 idem
666 2003 847 2036 terminum
868 2003 976 2037 habet
998 2002 1105 2045 vitae,
1131 2005 1170 2036 ut
1190 2001 1291 2036 Plato
1311 2003 1426 2036 docet.

178 2049 236 2082 40.
277 2048 326 2093 A·
351 2049 387 2084 d.
414 2049 456 2083 14
479 2049 643 2083 kalendas
662 2048 798 2093 Apriles
822 2048 932 2082 feriae
953 2052 1046 2091 sunt,
1073 2058 1160 2092 quae
1185 2048 1277 2092 apud
1292 2048 1467 2082 Romanos
1483 2060 1544 2083 ce-

85 2091 276 2138 lebrantur,
299 2105 368 2127 non
390 2098 552 2139 tanquam
573 2095 762 2137 Romanae,
786 2095 849 2128 sed
870 2094 962 2138 quod
982 2093 1128 2126 maximo
1151 2092 1283 2127 honore
1305 2095 1396 2138 apud
1419 2094 1541 2138 Aegy-

86 2137 179 2183 ptios
198 2139 410 2183 afficiuntur,
431 2141 519 2174 hanc
541 2141 617 2174 fere
638 2141 682 2174 ob
708 2151 857 2174 causam.
904 2139 1006 2174 Nilus
1030 2150 1109 2172 cum.
1127 2149 1274 2173 annuum
1291 2139 1540 2175 incrementum

89 2194 254 2228 aquarum
274 2190 453 2219 recusaret
475 2186 657 2230 aliquando
679 2185 827 2230 ideoque
850 2184 1018 2229 Aegyptii
1038 2183 1245 2228 interirent,
1266 2186 1378 2219 bonus
1400 2186 1540 2230 quidam

88 2229 246 2271 daemon,
268 2230 386 2274 specie
404 2231 550 2265 humana
567 2236 753 2275 assumpta,
774 2236 848 2264 toto
869 2242 1014 2275 corpore
1031 2229 1104 2263 luto
1125 2230 1294 2264 obductus
1311 2231 1540 2274 praedicabat

87 2274 273 2319 Aegyptiis
293 2276 485 2311 exundasse
502 2275 619 2311 Nilum
637 2288 744 2321 seque
761 2276 874 2321 ipsum
892 2276 1056 2310 incidisse
1075 2275 1111 2308 in
1122 2286 1242 2319 aquas.
1288 2276 1340 2309 illi
1358 2288 1443 2310 vero
1463 2288 1540 2310 cum

87 2319 191 2353 fidem
207 2332 274 2354 non
295 2321 516 2365 habuissent,
547 2334 588 2356 re
614 2327 728 2356 autem
753 2333 873 2356 verum
903 2334 980 2356 esse
1007 2321 1274 2364 comperissent,
1304 2321 1415 2355 feriae
1446 2323 1540 2366 apud

86 2364 183 2410 ipsos
203 2371 240 2400 et
249 2367 404 2400 Graecos
423 2367 604 2402 institutae
623 2371 716 2412 sunt,
726 2379 816 2412 quae
828 2368 1034 2402 dicebantur
1043 2365 1201 2400 Pelusius
1217 2367 1319 2409 (fort.
1331 2366 1540 2410 Pelusium).

89 2454 124 2489 ‘d
147 2409 310 2488 ¹Parvus
332 2411 486 2448 Athenas
513 2415 686 2449 vocabant
712 2413 986 2459 Philadelphiam
1018 2416 1164 2458 propter
1195 2412 1304 2446 ferias
1344 2417 1381 2446 et
1411 2412 1543 2457 templa

87 2466 101 2489 1
127 2467 146 2490 o
160 2467 268 2491 orum.

178 2501 236 2536 41.
280 2501 324 2537 A.
348 2503 384 2538 d.
406 2503 446 2537 11
473 2503 637 2538 kalendas
656 2503 792 2550 Apriles
840 2504 916 2538 inus
938 2504 1044 2539 arbor
1061 2514 1082 2537 a
1103 2501 1356 2547 dendrophoris
1381 2501 1419 2535 in
1437 2501 1541 2536 Pala·

87 2545 173 2580 tium
194 2547 386 2583 ferebatur.
434 2550 495 2584 has
518 2555 631 2584 autem
651 2551 760 2584 ferias
785 2551 813 2584 C
828 2550 949 2584 audius
972 2549 1163 2593 imperator
1184 2547 1349 2590 inst-ituit,
1369 2547 1425 2580 vir
1446 2552 1546 2582 tanta

87 2591 224 2626 iustitia
245 2592 282 2626 in
302 2593 461 2639 iudiciis,
493 2601 533 2629 ut
554 2601 698 2630 matrem
726 2596 834 2630 filium
864 2607 962 2629 suum
983 2599 1201 2628 recusantem
1220 2593 1360 2627 iuberet
1381 2597 1546 2637 tanquam

88 2636 235 2672 alienam
256 2638 289 2672 ei
307 2640 450 2726 Stubere,
467 2640 526 2675 illa
543 2647 658 2677 autem
674 2653 843 2688 respuens
863 2642 930 2675 hoc
948 2644 1042 2675 esset
1059 2644 1170 2674 mater
1189 2639 1237 2683 (s.
1258 2650 1337 2672 sese
1356 2639 1543 2673 confitere-

88 2686 147 2716 tur
165 2687 308 2717 matrem
330 2708 340 2718 .

180 2727 238 2762 42.
284 2730 327 2762 A.
352 2730 387 2763 d.
413 2730 456 2764 10
481 2730 645 2767 kalendas
665 2732 804 2778 Apriles
831 2730 1064 2766 tubilustrium
1096 2733 1133 2764 et
1162 2740 1331 2764 armorum
1352 2733 1484 2774 motus,
1508 2732 1546 2764 et

88 2771 240 2807 honores
263 2774 387 2808 Martis
408 2786 450 2808 ac
467 2776 622 2812 Nerinae
643 2779 749 2822 deae,
782 2789 872 2822 quae
895 2777 1102 2811 Sabinorum
1125 2775 1244 2820 lingua
1265 2775 1316 2809 ita
1339 2775 1543 2820 appellatur,

90 2828 192 2863 quam
210 2818 376 2855 volebant
393 2832 469 2856 esse
482 2821 676 2860 Minervam
694 2824 751 2860 vel
769 2823 873 2860 etiam
890 2823 1081 2858 Veneremz
1106 2821 1228 2857 nerine
1246 2821 1338 2857 enim
1354 2821 1457 2857 fortis
1476 2824 1543 2867 est,
