1748 3210
405 176 480 219 DE
513 173 958 219 MAGISTRATIBUS
991 173 1036 216 P.
1069 172 1121 216 R.
1153 172 1256 216 LIB.
1289 171 1366 218 111.
1507 172 1603 218 235

153 289 441 344 stef‘Ptopcat'cov
460 288 589 347 ὁρμᾶν
612 290 674 332 ἐπὶ
695 288 890 344 πόλεμον,
926 285 1084 339 εῗκότως
1103 294 1186 339 τοῖς
1202 287 1275 342 μέν
1296 294 1534 345 στρατηγοῖς
1554 288 1606 331 τὰ

152 364 232 403 τῶν
250 359 434 413 πολέμων
454 363 512 416 τῷ
537 361 580 401 δὲ
605 360 811 416 μαγίστρῳ
838 357 890 400 τὰ
915 362 987 400 τοῦ
1006 359 1201 399 παλατιόυ
1223 358 1352 413 γέγονε
1371 355 1515 413 χώρα,
1551 356 1606 407 ὡς

137 428 277 483 μηδὲν
301 428 432 485 ἕτερον
453 427 551 482 ἔχειν
568 427 612 470 τὸ
637 428 774 468 λοιπὸν
794 427 865 481 τὴν
886 426 1138 483 ἓπαρχότητα
1159 425 1184 480 ἢ
1203 425 1326 480 μόνον
1347 427 1420 480 τὴν
1437 427 1499 467 ἐπὶ
1517 432 1606 474 ταῖς

151 494 349 546 δαπάναις
369 498 578 553 φροντίδα,
606 495 654 545 ἃς
671 494 775 545 εἰκός
790 497 872 537 ἐστι
891 497 1076 550 γενέσθαι
1097 494 1200 537 κατὰ
1217 495 1262 537 τὸ
1284 494 1498 550 ἀναγκαῖον
1513 495 1608 550 περί

116 579 138 615 ς
150 581 191 607 τε
207 564 300 614 τούς
316 566 358 615 ἐξ
377 565 501 619 αὐτῆς
519 564 858 621 παραφυομένους
879 563 1077 620 ἄρχοντας
1089 565 1156 606 καὶ
1175 565 1266 621 περὶ
1286 564 1455 613 ἐκείνους
1467 579 1509 619 γε
1522 562 1605 618 μὴν

146 627 205 676 ὧν
228 633 342 676 αὐτοὶ
364 636 490 688 δῆθεν
511 632 744 687 ἐτάχθησαν
767 631 915 688 ἄρχειν.

283 698 362 745 42.
429 704 483 743 Ei
514 702 560 743 δέ
588 718 647 751 τις
670 702 746 743 “καὶ
776 701 870 751 τοὺς
889 701 933 742 ἐκ
954 703 1035 743 τῶν
1053 697 1314 758 προρρήσεων
1336 696 1605 756 στοχασμούς,

148 767 219 819 οὕς
239 786 342 820 τινες
361 773 528 813 καλοῦσι
542 768 776 825 χρησμούς,
822 770 862 811 ἓν
888 770 1058 827 ἀριθμῷ
1081 768 1209 825 λόγων
1230 774 1481 826 παραλαβεῖν
1501 767 1604 810 ὓπο-

145 837 258 891 μένοι
270 869 284 889 ,
310 839 436 895 πέρας
451 838 570 892 ἔλαβε
591 838 642 881 τὰ
667 840 862 895 Φωντηῖῳ
880 843 936 894 τῷ
954 835 1139 894 Ῥωμαίῳ
1162 837 1338 893 ρηθέντα
1358 838 1466 880 ποτέ.
1502 837 1604 895 φησὶ

91 906 224 963 ιογὰρ
258 907 424 958 ἐκεῖνος,
470 908 538 948 καὶ
567 909 727 960 στίχους
753 907 865 955 τινὰς
895 906 1092 955 δοθέντας
1127 907 1255 958 δῆθεν
1281 904 1474 963 Ῥωμύλῳ
1507 905 1604 948 ποτέ

144 975 326 1031 πατρίοις
355 973 528 1032 ῥήμασιν
558 975 768 1030 ἀναφέρει,
819 974 915 1023 τοὺς
947 974 1181 1030 ἀναφανδὸν
1215 975 1482 1030 προλέγοντας
1514 972 1604 1016 τότε

139 1039 363 1096 Ῥωμαίους
384 1044 458 1096 τὴν
479 1041 602 1097 τύχην
622 1043 855 1097 ἀπολείψειν
863 1074 876 1094 ,
922 1040 986 1084 ὅτε
1017 1042 1132 1084 αὐτοὶ
1162 1045 1234 1095 τῆς
1261 1044 1430 1099 πατρίου
1467 1046 1606 1099 φωνῆς

141 1109 427 1152 ἐπιλάθωνται.
497 1112 563 1152 καὶ
595 1111 664 1153 τὸν
695 1111 768 1164 μὲν
797 1108 1008 1166 λεγόμενον
1033 1110 1220 1166 χρησμὸν
1250 1117 1333 1160 τοῖς
1355 1113 1443 1167 περὶ
1465 1114 1604 1164 μηνῶν

139 1186 353 1235 γραφεῖσιν
371 1177 467 1233 ἡμῖν
490 1179 790 1232 ἓντεθείκαμεν,
826 1180 950 1235 πέρας
978 1179 1021 1220 δὲ
1050 1182 1206 1232 μᾶλλον
1234 1178 1322 1233 ἴσχε
1351 1179 1403 1221 τὰ
1433 1183 1603 1221 τοιαῦτα

85 1261 130 1296 15
140 1246 414 1301 μαντεύματα.
481 1245 623 1303 Κύρου
647 1245 724 1303 γάρ
749 1265 855 1297 τινος
871 1248 1097 1302 Αἰγυπτίου
1110 1278 1123 1298 ,
1158 1248 1220 1288 ἐπὶ
1243 1236 1427 1303 ποιητικῇ
1455 1246 1511 1289 ἔτι
1534 1248 1604 1288 καὶ

139 1319 212 1357 νῦν
230 1315 542 1368 θαυμαζομένου
551 1347 565 1366 ,
602 1314 688 1368 ἅμα
709 1316 781 1370 τὴν
802 1317 1020 1371 πολίαρχον
1044 1314 1130 1368 ἅμα
1156 1316 1228 1369 τὴν
1249 1320 1328 1358 τῶν
1346 1317 1602 1372 πραιτωρίων

139 1381 394 1439 ἔπαρχότητα
425 1384 629 1434 διέποντος
657 1385 722 1425 καὶ
748 1385 874 1438 μηδὲν
903 1384 1015 1440 παρὰ
1046 1384 1118 1438 τὴν
1142 1386 1300 1438 ποίησιν
1323 1385 1601 1437 ἐπισταμένου,

139 1449 224 1494 εἶτα
245 1456 477 1507 παραβῆναι
499 1450 785 1508 θαρρήσαντος
806 1453 879 1507 τὴν
899 1452 1077 1494 παλαιὰν
1096 1453 1315 1506 συνήθειαν
1333 1455 1398 1494 καὶ
1422 1453 1494 1502 τὰς
1512 1451 1601 1506 ψή-

139 1535 244 1576 ᾳους
258 1517 422 1561 Ἑλλάδι
442 1525 559 1576 φωνῇ
579 1519 894 1576 προενεγκόντος,
923 1521 996 1563 σὺν
1015 1525 1064 1576 τῇ
1077 1519 1286 1574 Ῥωμαίων
1308 1525 1424 1577 φωνῇ
1444 1522 1511 1562 καὶ
1529 1520 1600 1574 τὴν

82 1585 263 1642 ξοτῦχην
282 1587 481 1641 ἀπέβαλεν
499 1586 523 1643 ἡ
546 1587 662 1645 ἀρχή.
731 1587 854 1643 νόμον
874 1588 951 1645 γὰρ
974 1588 1234 1646 αὐτιγράᾳειν
1256 1587 1275 1630 ὃ
1295 1590 1488 1642 βασιλεὺς
1508 1589 1601 1630 ἆνε-

136 1657 286 1710 πείσθη
305 1654 437 1711 πάσης
455 1655 753 1714 ἀφαιρούμενον
774 1658 955 1708 ἐξουσίας
971 1658 1044 1711 τὴν
1063 1655 1316 1714 ἐπαρχότητα
1331 1671 1341 1680 ·
1376 1656 1492 1712 ἡγὰρ
1509 1656 1601 1713 ἄρτι

138 1725 204 1766 καὶ
223 1725 415 1782 κουφίσαι
434 1723 554 1783 ὅρους
572 1716 639 1767 {aaz
657 1724 830 1780 σιτήσεις
846 1728 911 1768 καὶ
931 1730 1050 1783 φῶτα
1067 1727 1134 1767 καὶ
1155 1727 1259 1775 θέας
1280 1727 1345 1767 καὶ
1364 1723 1601 1774 ἀνανεώσεις

226 1863 251 1898 4
272 1859 317 1903 ἃς
335 1865 379 1908 F,
402 1860 451 1908 ἣν
472 1865 515 1899 C.
620 1866 663 1902 12
682 1860 878 1900 ἀπέλειπεν
901 1866 945 1900 C.
1039 1867 1085 1900 20
1102 1862 1288 1911 ἀπέβαλεν
1312 1866 1380 1901 add
1401 1867 1434 1901 F
1454 1877 1474 1900 e
1492 1867 1517 1900 2
1540 1866 1597 1901 12.

226 1907 468 1955 αὐτιγοὶρφειν
486 1912 530 1946 C.
667 1914 715 1948 22
731 1912 808 1957 lego
828 1910 983 1957 φόρους,
1003 1913 1047 1947 F.

135 2033 295 2077 Romani,
321 2037 360 2068 ut
377 2046 522 2069 necesse
541 2037 629 2078 erat,
654 2046 743 2079 quae
762 2036 806 2069 ad
824 2034 916 2070 bella
933 2034 1133 2079 pertinent,
1159 2035 1294 2079 ducum,
1321 2045 1410 2080 quae
1434 2034 1477 2067 ad
1501 2034 1599 2080 pala-

135 2080 234 2124 tium,
259 2080 416 2124 magistri
440 2080 620 2124 provincia
642 2082 764 2121 fuere3
790 2085 827 2114 ut
846 2080 930 2114 nihil
952 2081 1044 2114 aliud
1065 2082 1286 2125 praefectura
1307 2081 1435 2114 habeat
1453 2080 1521 2114 nisi
1541 2092 1599 2114 so—

134 2125 203 2160 lam
226 2132 420 2171 sumptuum
442 2125 792 2170 administrationem,
818 2126 896 2170 qui,
922 2132 960 2160 ut
978 2127 1197 2171 perspicuum
1216 2132 1290 2170 est,
1315 2138 1391 2159 cum
1414 2126 1451 2159 in
1475 2126 1599 2160 obvias

136 2171 365 2205 necessitates
385 2177 456 2204 tum
486 2171 523 2204 in
546 2172 766 2215 magistratus
787 2184 829 2205 ex
850 2172 930 2216 illa,
962 2178 1001 2206 ut
1019 2172 1110 2217 dixi,
1148 2178 1242 2207 ortos
1257 2199 1266 2217 ,
1297 2173 1455 2217 adeoque
1478 2173 1516 2206 in
1540 2184 1601 2207 eos

135 2216 262 2262 quibus
282 2217 318 2250 hi
339 2217 511 2261 praefecti
529 2224 620 2261 sunt,
642 2217 900 2262 impenduntur.

226 2284 286 2318 42.
334 2285 470 2325 Quodsi
493 2284 570 2330 quis
594 2289 631 2319 et
653 2286 869 2320 coniecturas
894 2299 913 2320 e
936 2285 1252 2331 praedictionibus,
1287 2298 1376 2331 quae
1406 2285 1546 2320 oracula
1580 2297 1602 2320 a

134 2329 308 2363 nonnullis
330 2338 518 2374 vocantur,
549 2331 722 2366 rationum
739 2332 776 2366 in
794 2344 935 2366 numero
956 2333 1086 2366 habere
1110 2345 1179 2367 non
1200 2338 1359 2376 recuset,
1385 2332 1514 2366 exitum
1537 2333 1599 2366 ha-

135 2376 245 2410 buere
267 2387 287 2408 a
310 2377 460 2410 Fonteio
482 2377 637 2411 Romano
661 2379 830 2422 quondam
853 2379 958 2412 dicta.
1007 2378 1057 2412 ait
1079 2379 1169 2412 enim
1193 2379 1264 2422 ille,
1290 2384 1326 2412 et
1345 2389 1469 2412 versus
1492 2389 1598 2422 quos—

135 2422 214 2456 dam
238 2421 383 2455 Romulo
407 2422 541 2456 scilicet
564 2423 644 2457 olim
663 2425 762 2457 datos
786 2424 900 2468 patrio
924 2435 1083 2458 sermone
1100 2426 1223 2468 refert,
1246 2428 1368 2469 aperte
1390 2424 1600 2468 praedicen-

135 2473 190 2500 tes
213 2471 285 2501 tum
306 2468 479 2502 Romanos
503 2470 677 2503 fortunam
700 2469 940 2503 derelicturam
954 2496 963 2513 ,
990 2481 1065 2503 cum
1091 2470 1159 2516 ipsi
1178 2471 1314 2515 patriae
1337 2469 1476 2514 linguae
1499 2468 1599 2503 obliti

135 2512 306 2556 fnissent3
343 2515 434 2558 quod
466 2515 638 2549 oraculum
663 2516 724 2559 (ut
742 2517 891 2557 vocant)
912 2522 1031 2549 nostro
1054 2517 1098 2550 de
1116 2516 1296 2550 Mensibus
1316 2515 1482 2549 tractatui
1503 2515 1599 2548 inse—

133 2557 278 2592 ruimus.
325 2559 454 2594 exitum
477 2572 561 2594 vero
586 2562 707 2606 utique
732 2562 827 2595 nhaec
853 2561 1021 2595 vaticinia
1043 2562 1210 2596 habuere.
1259 2561 1389 2606 quippe
1415 2565 1599 2606 postquam

136 2603 252 2646 Cyrus
273 2603 410 2648 quidam
428 2606 635 2652 Aegyptius,
661 2619 762 2652 quem
781 2609 825 2641 ob
845 2607 968 2652 poesin
991 2607 1175 2642 etiamnum
1199 2608 1433 2651 admirantur,
1456 2608 1598 2652 praefe-

135 2655 235 2683 ctura
257 2650 353 2684 urbis
385 2656 422 2685 et
448 2653 617 2696 praetorii
643 2653 744 2687 simul
773 2654 944 2697 sungenS,
987 2665 1100 2698 neque
1126 2654 1220 2688 aliud
1249 2653 1431 2698 quicquam
1459 2658 1601 2698 praeter

135 2694 261 2740 poesin
287 2695 421 2741 sciens,
455 2704 611 2733 veterem
643 2699 927 2733 consuetudinem
949 2700 1147 2744 transgredi
1170 2711 1274 2734 ausus
1309 2705 1362 2734 est
1389 2701 1601 2744 decretaque

136 2742 275 2775 Graeco
297 2753 455 2777 sermone
472 2745 629 2789 protulit,
650 2757 727 2779 cum
746 2746 904 2779 Romana
924 2744 1042 2790 lingua
1062 2747 1235 2780 fortunam
1254 2757 1393 2790 quoque
1414 2745 1598 2790 magistra-

134 2792 190 2821 tus
205 2787 333 2821 amisit.
358 2787 469 2832 legem
493 2790 582 2824 enim
604 2791 855 2836 autographam
875 2792 969 2825 ferre
992 2803 1178 2836 persuasus
1203 2795 1259 2826 est
1281 2791 1482 2836 imperator,
1506 2791 1598 2825 omni

133 2833 372 2878 magistratum
393 2839 570 2880 potestate
591 2837 810 2883 spoliantem.
866 2849 943 2873 nam
966 2837 1028 2883 qui
1050 2850 1162 2885 nuper
1185 2844 1222 2873 et
1243 2837 1377 2873 tributa
1397 2837 1537 2872 levandi
1561 2843 1598 2872 et
