1748 3210
279 191 375 235 300
791 191 1010 234 IOANNIS
1042 194 1175 236 LYDI

276 302 348 352 τὰς
366 302 687 358 ἓπιρρήγνυσθαι,
710 304 775 343 καὶ
796 300 1059 358 διαφερόντως
1077 305 1306 349 {amaeam
1325 307 1546 364 ξηροτέροις,
1570 307 1686 362 ἡνίκα

273 371 445 422 βαθείας
464 369 583 421 οὔσης
605 373 677 421 τῆς
693 369 733 409 ἓν
756 373 812 425 τῷ
829 369 937 425 μέσῳ
951 369 1087 424 χώρας
1106 370 1234 426 ὄρεσιν
1254 373 1422 428 ὗψηλοΐς
1442 373 1463 417 ὅ
1482 373 1600 424 τόπος
1618 376 1684 416 ἐκ-

274 438 450 477 κλείοιτο.
519 436 584 475 καὶ
613 434 698 486 ἅμα
724 436 796 488 μὲν
816 431 884 477 οὖν
910 436 1029 478 αὐτὸν
1054 436 1235 492 ἑκάτερον
1253 441 1417 493 γίνεται,
1448 440 1636 497 ἧβροντὴ
1656 440 1684 495 ἥ

271 507 312 543 τε
341 498 546 555 ἀστραπή·
591 501 722 555 ἐπειδὴ
762 503 805 543 δὲ
840 503 1004 559 ὀξυτέρα
1035 509 1105 558 τῆς
1132 504 1301 559 ἇκοῆςῆ
1331 506 1424 560 ὄψις
1455 512 1511 564 τῷ
1534 512 1683 550 θᾶττον

270 569 331 608 ἐπὶ
361 571 439 607 πᾶν
465 567 726 620 ἐκτείνεσθαι,
771 568 931 626 πρώτην
962 569 1138 627 ὁρᾶσθαι
1165 571 1353 623 πολλάκις
1381 575 1585 627 συμβαίνει
1610 574 1716 629 τὴν5

268 631 487 688 ἀστραπήν.
1499 676 1502 677 ⁷

404 700 480 742 22.
547 702 673 742 Πᾶσα
690 702 733 742 δὲ
752 699 913 758 βροντή,
947 705 1013 745 καὶ
1031 702 1181 746 τούτων
1201 705 1243 745 αἳ
1261 703 1535 761 μετέωροικαὶ
1554 707 1685 760 διηχέ-

267 782 407 807 σταται
428 765 601 819 μάλιστα
609 799 630 818 ,.
660 771 898 822 σημαίνουσί
914 787 974 821 τι,
1008 773 1073 812 καὶ
1094 769 1360 827 διαφερόντως
1377 773 1420 814 ἐκ
1441 777 1513 814 τοῦ
1530 772 1684 828 ἄριστε-

266 837 342 887 ροῦ
359 834 503 888 μέρους
523 839 593 876 τοῦ
615 833 788 888 κόσμου·
822 840 937 878 τοῦτο
959 837 1000 877 δ’
1023 837 1071 878 ἂν
1090 838 1146 890 εἴη
1168 837 1212 879 τὸ
1231 836 1371 880 νότιον.
1430 839 1473 880 αἱ
1488 839 1564 894 γὰρ
1587 838 1685 894 πρὸς

265 897 378 941 νότον
394 902 466 941 εἶσὶ
487 899 686 954 θειότεραι
708 903 810 943 κατὰ
826 903 894 943 τὸν
910 902 1096 956 ποιητήν,
1130 905 1208 945 ἐπεὶ
1231 907 1295 946 καὶ
1315 905 1415 962 πρὸς
1432 910 1509 947 τοῦ
1522 910 1593 959 τῆς
1613 909 1684 959 γῆς
1695 913 1738 948 10

265 965 412 1022 ἐφόρου
445 964 756 1021 ἓπιτροπεύεται,
800 965 854 1017 ὥς
872 971 1107 1023 Αἰγυπτίοις
1132 973 1257 1022 δοκεῖ,
1290 976 1361 1013 τοῦ
1382 971 1540 1027 Κρόνου
1571 971 1683 1025 λέγω,

265 1033 398 1090 ὥσπερ
427 1033 471 1074 τὸ
498 1031 653 1088 βόρειον
685 1032 760 1074 ὑπὸ
790 1039 861 1076 τοῦ
891 1041 962 1089 τῆς
985 1037 1166 1090 γενέσεως
1192 1040 1340 1080 αι’τιόυ·
1385 1038 1481 1081 ὅθεν
1499 1040 1566 1080 καὶ
1583 1038 1686 1094 πρὸς

263 1099 378 1142 νότον
397 1100 447 1141 τὰ
471 1100 556 1154 ἱερὰ
577 1099 874 1140 ἀπευθύνεσθαι
889 1100 1090 1156 (Εβραιόις
1110 1106 1175 1142 καὶ
1197 1107 1429 1156 Αἰγυπτίοις
1452 1108 1570 1145 δοκεῖ.
1633 1103 1683 1146 τὰ

264 1166 315 1219 δὴ
338 1161 406 1207 οὖν
430 1163 716 1220 χρησιμώτατα
743 1171 822 1206 τῶν
847 1169 935 1222 περὶ
966 1165 1107 1208 τούτου
1129 1168 1400 1223 θεωρημάτων
1422 1167 1683 1222 καταμαθών,
1722 1158 1725 1162 ⁵

264 1234 332 1274 καὶ
352 1236 430 1273 τῶν
450 1230 647 1284 κιβδήλων
668 1231 897 1287 ἐκκαθάρας
905 1263 918 1282 ,
953 1233 1024 1286 τὴν
1050 1236 1223 1289 θεωρίαν
1250 1233 1443 1288 ὖποθῆσω
1470 1233 1528 1292 τῷ
1555 1234 1736 1291 λόγῳ·15

262 1300 448 1347 ποικίλως
465 1314 506 1352 γε
528 1298 606 1352 μὴν
625 1298 745 1352 οὔσης
765 1301 829 1340 καὶ
851 1302 1114 1352 πολυσχιδοῦς
1131 1306 1200 1354 τῆς
1218 1302 1403 1356 θεωρίας,
1431 1302 1527 1351 τέως
1539 1306 1682 1357 χρειῶ-

263 1368 328 1415 δες
360 1367 612 1421 διαρθρῶσαι
643 1365 717 1419 τὴν
746 1365 982 1422 παράδοσιν.
1048 1368 1085 1408 οἱ
1114 1368 1186 1420 μὲν
1217 1368 1266 1422 δὴ
1298 1369 1458 1409 παλαιοὶ
1486 1372 1565 1410 τῶν
1594 1355 1683 1422 περὶ

260 1437 388 1475 ταῦτα
417 1433 642 1475 σπουδαίων
670 1433 769 1488 πρὸς
789 1433 861 1486 τὴν
887 1431 1050 1487 σελήνην
1075 1436 1140 1476 καὶ
1167 1434 1238 1484 τὰς
1258 1436 1298 1476 ἓν
1325 1435 1425 1490 αὐτῇ
1449 1433 1589 1491 φάσεις
1614 1434 1682 1475 τὸν

260 1502 349 1555 περὶ
370 1504 546 1555 βροντῶν
571 1500 717 1541 σκοπὸν
740 1498 1050 1551 ἄπευθύνουσιν,
1094 1503 1175 1542 ε’πεὶ
1196 1503 1260 1542 καὶ
1281 1505 1433 1554 μᾶλλον
1455 1501 1681 1554 ἐπιβέβηκεν

263 1566 363 1620 αὕτη
389 1572 444 1622 τῷ
466 1567 562 1620 γένει
581 1571 637 1623 τῷ
656 1568 770 1608 παντὶ
797 1569 863 1607 καὶ
884 1566 1011 1609 πάντα
1032 1573 1233 1623 προσεχῶς
1250 1570 1447 1610 διοικεῖται
1466 1568 1522 1608 δι’
1545 1567 1679 1620 αὐτῆς,
1690 1570 1735 1604 20

260 1634 357 1674 ὅθεν
386 1635 449 1674 καὶ
484 1631 581 1685 τύχη
610 1632 711 1688 πρός
737 1650 852 1675 τινων
878 1636 943 1675 καὶ
962 1633 1126 1689 πρόνοια
1148 1636 1317 1689 λέγεται·
1346 1635 1383 1676 οἳ
1406 1634 1450 1675 δὲ
1467 1632 1682 1688 Αἰγύπτιοι

259 1700 360 1755 πρὸς
381 1698 492 1752 ἣλιον
511 1700 577 1739 καὶ
597 1700 690 1747 τοὺς
710 1704 789 1740 τῶν
813 1701 854 1740 ἔν
874 1701 1030 1757 οὐρανῷ
1051 1703 1197 1757 ζῳδίων
1219 1703 1349 1750 οἴκους
1368 1701 1436 1743 τὸν
1454 1701 1679 1753 στοχασμὸν

345 1805 369 1839 3
389 1803 499 1838 malim
520 1800 724 1846 ἐγκλείοιτο.
762 1803 810 1836 Η.
929 1804 997 1847 leg.
1021 1802 1146 1838 αὐτῶν
1169 1805 1244 1839 sive
1267 1797 1408 1838 αὕτοῒν.
1431 1805 1480 1838 Η.
1593 1806 1616 1840 7
1637 1802 1679 1838 αἱ

348 1847 475 1891 ἔρωροι
498 1849 539 1881 C.
631 1849 651 1881 8
674 1849 755 1881 fort.
780 1846 819 1880 αὶ
842 1846 891 1882 ἐκ.
914 1848 963 1882 Η.
1055 1850 1097 1882 10
1118 1851 1180 1882 καί
1203 1851 1245 1884 C.
1337 1851 1379 1884 17
1399 1848 1464 1893 μὲν
1486 1848 1532 1894 δὴ
1556 1860 1610 1883 om
1630 1850 1675 1884 C.

347 1895 389 1928 18
412 1892 480 1937 τὴν
499 1890 648 1936 σελήνην
670 1892 731 1926 καὶ
755 1905 808 1926 om
831 1895 875 1927 C.
1008 1893 1081 1926 τῶν
1102 1894 1130 1926 C
1154 1898 1190 1926 et
1209 1894 1365 1928 σκοπῶν.

255 1983 398 2020 aestatis
429 1986 584 2027 tempore
620 1982 772 2016 tonitrua
803 1982 1060 2026 displodantur‚
1107 1985 1142 2015 et
1172 1981 1318 2015 sicciora
1346 1982 1488 2016 maxime
1517 1983 1676 2027 evadant,

257 2030 415 2074 quando,
456 2029 620 2072 depressa
652 2028 763 2060 media
792 2027 951 2071 regione,
989 2027 1088 2060 celsis
1120 2027 1288 2060 montibus
1318 2027 1411 2060 locus
1443 2028 1675 2061 concludatur.

255 2077 344 2108 fiunt
366 2079 477 2106 autem
500 2075 597 2106 ambo
621 2072 738 2116 simul,
771 2073 955 2105 tonitruum
990 2076 1023 2105 et
1052 2071 1252 2115 fulgetrum:
1284 2073 1343 2105 sed
1372 2072 1529 2115 quoniam
1560 2072 1679 2105 auditu

254 2118 351 2151 visus
374 2117 526 2151 velocior
549 2117 710 2161 ociusque
733 2119 777 2151 ad
801 2117 913 2150 omnia
940 2117 1156 2161 extenditur,
1189 2129 1293 2162 saepe
1320 2122 1358 2150 ut
1378 2116 1559 2160 fulgetrum
1580 2116 1678 2161 prius

256 2167 416 2196 cernatur
440 2162 576 2195 accidit.

343 2208 400 2241 22.
425 2208 533 2240 Omne
553 2206 749 2249 tonitruum,
773 2217 956 2250 eorumque
973 2206 1183 2252 potissimum
1206 2217 1293 2250 quae
1316 2209 1395 2240 sunt
1411 2206 1552 2239 maxime
1570 2203 1677 2238 subli-

253 2251 324 2286 mia
355 2257 388 2285 et
416 2251 634 2293 resonantia,
673 2252 844 2294 significat
865 2262 964 2284 unum
989 2252 1086 2296 quid,
1119 2263 1159 2285 ac
1184 2251 1368 2295 praecipue
1388 2262 1475 2295 quae
1494 2250 1677 2284 audiuntur

254 2309 278 2330 a
299 2302 398 2342 parte
419 2296 517 2330 laeva
539 2296 665 2337 mundi,
690 2308 788 2339 quam
807 2296 986 2329 australem
1007 2307 1201 2340 nuncupare
1222 2296 1347 2339 possis.
1392 2307 1469 2329 nam
1490 2305 1576 2339 quae
1594 2304 1675 2327 ver-

253 2349 340 2386 gunt
363 2343 406 2375 ad
430 2346 598 2384 austrum,
624 2341 796 2374 diviniora
813 2347 903 2384 sunt,
927 2342 1075 2375 Homero
1096 2346 1205 2384 teste,
1232 2339 1522 2384 quandoquidem,
1545 2342 1584 2372 ut·
1605 2337 1675 2371 Ae-

253 2387 368 2433 gyptii
392 2390 584 2428 autumant,
618 2397 639 2418 a
656 2386 814 2429 praeside
835 2391 949 2419 terrae
972 2386 1266 2428 administrantur,
1292 2385 1447 2418 nimirum
1469 2395 1490 2416 a
1512 2383 1673 2425 Saturno,

252 2431 344 2465 sicut
365 2443 445 2477 pars
473 2430 748 2483 septentrionalis
781 2432 822 2463 ab
851 2443 891 2464 eo
916 2431 975 2475 qui
997 2430 1227 2475 generationis
1251 2435 1304 2463 est
1324 2428 1539 2473 principium.
1586 2439 1674 2472 quo-

253 2476 347 2510 circa
376 2477 529 2510 Hebraei
563 2486 698 2519 quoque
730 2480 766 2508 et
790 2475 955 2519 Aegyptii
986 2477 1027 2509 ad
1062 2482 1209 2509 austrum
1237 2485 1356 2508 versus
1382 2483 1550 2517 peragere
1577 2483 1675 2505 sacra

254 2521 378 2555 solent.
412 2533 475 2565 ego
496 2520 705 2566 percognitis
725 2520 913 2552 utilissimis
937 2533 979 2554 ex
1001 2520 1201 2564 disciplinae
1224 2519 1323 2552 hulus
1346 2518 1526 2562 capitibus,
1543 2517 1672 2550 doctri-

254 2578 333 2599 nam
359 2565 554 2610 expurgatis
581 2564 779 2598 adulterinis
805 2565 1001 2608 subiungam
1019 2565 1181 2599 sermoni:
1215 2565 1276 2598 sed
1297 2575 1370 2596 cum
1388 2563 1486 2596 varia
1503 2562 1549 2595 sit
1566 2561 1670 2594 disci-

252 2611 348 2655 plina
371 2617 406 2643 et
431 2609 625 2654 multiplex,
661 2621 704 2643 ex
734 2620 797 2642 usu
821 2615 875 2642 est
897 2612 989 2653 prius
1020 2609 1220 2643 articulatim
1249 2608 1458 2652 distinguere
1489 2606 1670 2650 principia.

255 2668 298 2689 ex
321 2655 484 2688 studiosis
506 2654 706 2698 disciplinae
730 2653 939 2697 antiquiores
963 2656 1006 2688 ad
1030 2655 1140 2688 lunam
1164 2654 1305 2697 eiusque
1327 2651 1575 2697 praefulsioues
1607 2651 1670 2682 ob-

252 2700 481 2734 servationem
502 2700 717 2733 tonitrualem
740 2698 908 2742 dirigunt,
944 2700 1033 2743 quod
1063 2699 1120 2732 illa
1149 2698 1261 2742 potius
1294 2697 1425 2742 praesit
1450 2695 1569 2740 generi
1592 2693 1669 2727 uni·-

251 2757 366 2789 verso,
391 2749 426 2778 et
449 2745 559 2778 omnia
575 2745 734 2778 continuo
759 2745 800 2777 ab
823 2755 864 2776 ea
884 2744 1180 2785 administrentur3
1203 2754 1308 2787 quare
1331 2747 1367 2776 et
1386 2742 1524 2776 fortuna
1543 2751 1565 2773 a
1583 2749 1667 2772 non-

252 2790 350 2825 nullis
374 2794 410 2824 et
429 2789 648 2836 providentia
667 2788 871 2824 nominatur.
905 2794 1024 2824 contra
1044 2788 1210 2834 Aegyptii
1232 2789 1276 2823 ad
1292 2787 1398 2822 solem
1419 2791 1456 2821 et
1476 2782 1668 2820 caelestium
