1748 3210
574 189 650 234 DE
685 187 972 239 OSTEan,
1408 184 1506 230 299

63 299 338 345 ἀπολοῦνται.
393 297 433 358 εἰ
461 295 595 354 ἀστήρ
626 297 791 341 διάττοι
817 294 902 340 ἀπὸ
930 295 1012 339 τοῦ
1038 291 1174 338 νότου
1201 292 1269 337 ἐπὶ
1297 290 1376 336 τόν
1404 294 1508 348 βορ-

62 370 159 423 ρᾶν,
184 362 243 410 οὐ
270 364 409 421 μόνον
438 362 575 408 αὐτόν
601 368 787 408 πνεῦσαι
816 365 894 408 τὸν
922 361 1054 407 νότον
1083 359 1191 404 ἀλλὰ
1217 359 1290 403 καὶ
1317 357 1508 413 πόλεμον

61 437 155 485 τοῖς
181 431 506 483 ἐπιθαλασσίοις
534 434 670 488 δηλοῖ.
701 433 738 475 εἰ
768 431 919 487 ὁμίχλη
948 429 1056 486 πέσῃ
1087 429 1148 479 εἰς
1176 426 1256 484 τήν
1281 430 1374 482 γῆν,
1405 428 1508 481 βλα-

62 497 192 559 βερὸν
219 501 281 558 τῷ
310 498 475 555 σπόρῳ.
531 499 568 542 εἰ
594 498 766 555 ἐκλείψῃ
794 495 821 554 ἡ
852 495 1032 553 σελήνη,
1071 493 1222 551 φθορὰ
1259 491 1507 547 ὑποζυγίων

29 567 192 618 {victou-
248 567 286 611 εἰ
313 563 416 623 ἦχος
447 566 495 610 ἐκ
522 569 598 622 τῆς
624 570 704 623 γῆς
731 565 918 621 γένηται,
947 561 1202 616 ἀνθρώπων
1230 559 1348 623 φυγὴ
1378 559 1511 603 ἔσται.

61 637 100 681 εἰ
128 636 174 679 αἱ
200 638 370 690 κεραῖαι
397 636 474 689 τῆς
503 631 681 689 σελήνης
711 632 972 688 συμπέσωσι,
1003 635 1121 682 σῖτος
1142 629 1259 673 ἔσται
1277 625 1415 678 πολύς
1436 625 1512 671 καὶ

61 701 256 754 θάνατος
282 700 559 758 τετραπόδων
585 700 660 744 καὶ
689 702 842 757 φθίσις
871 696 1137 755 ἀνθρώπων.

403 820 630 862 ΠΕΡΙ
712 817 1170 862 ΒΡΟΝΤΩΝ.

201 909 282 956 21.
347 912 522 953 Πολλῶν
550 912 617 952 καὶ
645 908 743 966 ὑπὲρ
774 909 953 965 ἀριθμὸν
981 907 1107 949 ὄντων
1127 906 1204 948 ὅσα
1226 912 1310 956 τοΐς
1329 910 1513 962 φυσικοῖς

12 991 58 1026 10
67 980 156 1036 περὶ
174 983 356 1036 βροντῶν
372 978 498 1021 ἐδόκει
509 1011 522 1031 ,
557 979 732 1034 κέκριται
752 977 986 1030 συμβαίνειν
1008 974 1134 1024 αὐτὰς
1155 974 1514 1030 ἀπορρηγνυμὲνων

66 1052 147 1090 τῶν
162 1051 294 1104 νεφῶν
315 1049 381 1089 καὶ
401 1047 704 1100 ἐπικυλιομένων
725 1044 882 1094 ἑαυτοῖς
903 1043 1051 1098 κινήσει
1069 1045 1243 1101 σφοδρᾷ,
1261 1047 1308 1098 τῇ
1328 1059 1367 1083 τε
1387 1059 1515 1098 προσ-

66 1114 176 1170 ρήξὲι
209 1115 483 1166 ἓξαπτομείνων
516 1117 571 1161 εἷς
605 1114 814 1167 ἀστραπὰς
846 1115 911 1154 καὶ
937 1112 1060 1166 ἤχους
1077 1110 1206 1167 κάρτα
1225 1112 1404 1163 βιαίους,
1441 1111 1516 1152 ἀλ-

66 1184 281 1224 λοιοῦσθαι
300 1181 343 1222 δὲ
364 1180 434 1222 τὸν
455 1179 654 1233 ἀνάμεσον
677 1186 747 1234 τῆς
764 1178 966 1234 ὓπηνέμου
990 1177 1114 1232 ζώνης
1134 1180 1199 1220 καὶ
1219 1182 1290 1232 τῆς
1309 1182 1382 1233 γῆς
1402 1179 1516 1233 ἀέρα.

66 1250 274 1292 Χαλδαῖοί
299 1265 342 1304 γε
370 1248 450 1302 μὴν
479 1247 686 1302 δυνάμεων
716 1250 859 1304 ἀερίων
883 1246 979 1290 εἶναι
1007 1247 1144 1304 φωνὰς
1164 1247 1236 1300 μὲν
1253 1246 1326 1296 τὰς
1343 1244 1519 1302 βροντάς

14 1330 58 1366 15
70 1335 194 1375 φασι,
233 1315 410 1372 δρόμους
441 1318 483 1359 δὲ
511 1317 585 1367 τὰς
613 1315 835 1373 ἀστραπάς.
902 1321 960 1374 τῷ
985 1317 1027 1358 δὲ
1051 1312 1273 1372 Ἐπικούρῳ
1293 1314 1371 1356 ἀπὸ
1394 1318 1520 1370 ’ξηρᾶς

70 1384 278 1442 ὀγκώσεως
305 1386 348 1426 ἐκ
374 1388 446 1439 τῆς
467 1389 560 1440 γῆς,
596 1383 678 1427 εἶτα
701 1386 1004 1441 συγκλειομένης
1026 1392 1108 1434 τοῖς
1133 1383 1240 1439 ὄρεσι
1252 1415 1265 1435 ,
1303 1384 1415 1437 δίκην
1438 1387 1519 1424 τῶν

70 1455 113 1496 ἐν
131 1460 216 1504 τοῖς
235 1451 417 1507 σώμασιν
439 1451 565 1508 ὄγκων
577 1485 590 1504 ,
638 1452 748 1495 οὔπω
779 1453 966 1503 διεξόδων
995 1451 1215 1506 τυχόντων,
1258 1452 1301 1494 οἳ
1317 1449 1520 1508 στρόφους

70 1523 138 1564 καὶ
162 1519 378 1577 τροχιόσεις
397 1523 604 1575 ἐμποιοῦσι
621 1526 678 1578 τῷ
697 1523 787 1564 κατ’
814 1523 935 1564 αὐτὸν
955 1523 1152 1578 λεγομένῳ
1172 1525 1283 1577 κενῷ.
1327 1520 1420 1562 οὐδὲ
1441 1519 1518 1575 γὰρ

72 1587 280 1643 δυνάμεων
309 1587 408 1631 εἶναι
439 1589 568 1645 πλήρη
590 1591 658 1632 τὸν
684 1589 884 1644 ἀνάμεσον
908 1589 1082 1646 οὐρανοῦ
1103 1591 1169 1631 καὶ
1192 1593 1263 1643 τῆς
1287 1593 1358 1642 γῆς
1381 1590 1522 1629 δίδωσι

17 1668 64 1704 20
69 1661 205 1713 χῶρον
223 1657 328 1699 κατὰ
346 1657 440 1707 τοὺς
459 1660 783 1714 Πυθαγορείους.
852 1660 919 1700 καὶ
941 1659 1080 1712 ἀληθῆ
1107 1658 1216 1707 ἀξιοῖ
1241 1657 1362 1710 λέγειν
1381 1661 1437 1713 τῷ
1463 1655 1521 1708 μὴ

74 1726 175 1768 καθ’)
203 1723 342 1782 ἑτέραν
365 1724 391 1780 ἢ
415 1726 518 1768 κατὰ
541 1727 612 1781 τὴν
634 1728 797 1784 θερινὸν
828 1725 883 1777 ὥς
913 1729 956 1769 ἐκ
976 1731 1047 1768 τοῦ
1068 1727 1245 1774 πλείονος
1269 1723 1378 1781 ὥραν
1397 1729 1524 1779 βρον-

166 1832 211 1867 16
232 1830 479 1889 ἐγκλειομένης
496 1833 539 1868 C.
693 1830 880 1887 18‘oc1jw3v
902 1833 944 1877 C,
969 1829 1114 1873 oev'tov'g
1131 1833 1178 1867 R.
1332 1831 1379 1866 20
1397 1827 1523 1876 ἀληθῆ

163 1889 219 1913 om
238 1878 282 1913 C.
417 1891 462 1913 το
483 1880 526 1914 C.
662 1879 706 1914 21
732 1890 826 1923 οραν
849 1879 929 1913 RV.

72 1979 139 2016 per
159 1971 270 2003 totum
290 1979 453 2012 mensem,
477 1968 547 2003 viri
568 1969 684 2013 magni
706 1970 909 2004 interibunt.
958 1969 1058 2003 stella
1081 1969 1112 2002 si
1132 1968 1255 2003 emicat
1277 1969 1320 2002 ab
1344 1971 1462 2002 austro
1481 1967 1526 2002 ad

74 2014 293 2060 aquilonem,
327 2026 397 2048 non
422 2015 522 2048 modo
548 2015 756 2058 spiraturum
780 2022 931 2049 austrum
949 2017 1012 2049 sed
1035 2015 1158 2049 bellum
1183 2026 1322 2060 quoque
1345 2013 1526 2047 maritimis

74 2060 244 2095 declarat.
290 2059 416 2094 nebula
438 2059 469 2093 si
491 2060 529 2093 in
550 2066 678 2094 terram
699 2061 869 2104 funditur,
892 2062 1092 2095 damnosum
1115 2061 1280 2095 sementi:
1305 2060 1386 2093 luna
1409 2059 1441 2093 si
1463 2060 1528 2093 de-

74 2106 172 2151 ficit,
199 2105 361 2140 interitus
384 2105 612 2139 iumentorum
634 2105 714 2140 erit.
762 2107 894 2140 sonitus
928 2106 960 2140 si
990 2108 1030 2141 fit
1063 2120 1083 2141 e
1116 2112 1230 2151 terra,
1264 2106 1436 2139 hominum
1461 2104 1531 2139 erit

76 2153 176 2196 fuga.
222 2161 352 2186 cornua
370 2150 471 2185 lunae
494 2151 526 2184 si
547 2152 760 2186 confundunt
780 2165 878 2196 sese,
902 2154 1110 2187 frumentum
1128 2152 1197 2187 erit
1217 2152 1415 2198 copiosum,
1438 2150 1530 2185 inci-

76 2197 230 2243 dentque
250 2202 379 2232 mortes
399 2197 658 2242 quadrupedum
676 2203 713 2231 et
729 2198 900 2232 hominum
920 2199 1035 2233 tabes.

480 2275 568 2310 DE
615 2275 1134 2312 TONITRIBUS.

168 2332 228 2367 21.
275 2331 363 2367 Cum
391 2332 517 2367 multae
546 2332 617 2366 sint
648 2338 752 2378 atque
783 2334 983 2369 innumerae
1013 2334 1235 2379 physicorum
1267 2335 1311 2369 de
1340 2333 1530 2369 tonitribus

80 2376 282 2423 opiniones,
315 2378 465 2413 obtinuit
486 2378 661 2412 sententia
674 2405 683 2422 ‚
715 2380 873 2414 accidere
891 2381 969 2424 illa,
1001 2381 1094 2424 quod
1113 2380 1294 2414 diffractae
1313 2382 1423 2415 nubes
1442 2381 1532 2414 aliae

81 2434 189 2468 super
211 2423 295 2458 alias
318 2423 503 2458 volvantur
527 2424 632 2458 citato
651 2430 767 2469 motu,
800 2427 886 2460 adeo
918 2433 957 2460 ut
983 2427 1104 2460 collisu
1134 2438 1301 2460 accensae
1325 2426 1361 2459 in
1384 2427 1536 2470 fulgetra

81 2468 318 2514 strepitusque
340 2470 504 2504 immanes
529 2471 710 2504 admodum
733 2477 932 2517 erumpant,
963 2472 1230 2515 immuteturque
1263 2473 1322 2505 aer
1355 2473 1415 2517 qui
1444 2472 1537 2506 inter

82 2514 301 2559 tranquillam
324 2527 346 2550 a
362 2517 478 2550 ventis
499 2528 621 2550 zonam
645 2522 681 2551 et
702 2523 829 2551 terram
847 2517 1000 2551 intersit.
1048 2517 1217 2551 Chaldaei
1239 2523 1448 2562 potestatum
1474 2518 1537 2551 aes

82 2559 212 2594 riarum
240 2573 345 2595 voces
373 2562 529 2596 tonitrua
556 2574 634 2596 esse
665 2562 780 2607 aiunt,
815 2563 953 2607 fulgura
983 2564 1169 2597 eorundem
1201 2563 1390 2598 discursus.
1436 2564 1535 2597 iuxta

83 2605 276 2649 Epicurum
298 2619 318 2642 e
343 2607 437 2642 sicca
458 2608 548 2642 mole
571 2614 760 2642 atomorum
788 2621 831 2643 ex
861 2617 957 2643 terra
990 2614 1150 2642 manante
1182 2609 1424 2654 montibusque
1451 2621 1535 2643 con-

85 2649 192 2694 clusa,
213 2651 284 2686 ritu
306 2663 468 2687 uncorum
493 2654 560 2698 (ita
581 2654 672 2688 enim
697 2661 846 2697 atomos,
871 2655 937 2688 hoc
961 2660 1015 2688 est
1037 2654 1227 2698 individua,
1251 2658 1371 2699 vocat)
1395 2656 1432 2689 in
1456 2666 1536 2689 cor-

84 2696 253 2742 poribus,
288 2698 348 2743 qui
377 2699 526 2734 tormina
553 2700 711 2734 efficiunt
742 2707 778 2735 et
807 2701 999 2734 rotationes
1023 2700 1058 2734 iu
1083 2712 1124 2734 eo
1149 2701 1241 2745 quod
1264 2700 1366 2734 inane
1394 2707 1537 2735 auctore

85 2741 207 2776 ecdem
229 2743 442 2789 appellatur:
474 2745 736 2792 haudquaquam
767 2747 859 2780 enim
888 2746 1048 2780 concedit
1072 2745 1247 2790 Epicurus
1270 2748 1436 2782 refertum
1448 2758 1538 2781 -esse

84 2789 271 2823 secundum
296 2788 538 2835 Pythagoreos
566 2793 799 2837 potestatibus
833 2793 1053 2826 interiectum
1075 2792 1166 2826 inter
1190 2792 1319 2826 caelum
1344 2799 1381 2828 et
1407 2799 1537 2827 terram

83 2831 208 2870 locum.
256 2839 361 2880 atque
387 2835 470 2871 ideo
499 2838 664 2884 perhibet
692 2850 779 2875 vera
807 2850 847 2874 se
873 2838 1012 2884 dicere,
1051 2838 1143 2884 quod
1165 2837 1366 2886 plerumque
1398 2837 1536 2875 nonnisi
