1748 3210
255 191 314 236 28
325 190 350 235 4
772 196 990 239 IOANNIS
1020 198 1150 240 LYDI

251 295 406 341 τούτου
423 297 545 354 χάριν
563 298 703 348 οὐδεὶς
721 298 772 341 ἂν
792 298 1095 354 ἀμφισβητήσειε.
1122 306 1450 362 προγνωσθῆναι
1467 306 1512 349 δὲ
1531 308 1659 350 τοῦτο

248 364 409 416 λέγεται
439 365 554 417 παροὶ
580 366 658 419 μὲν
677 364 861 420 ’Έλλησιν
895 367 968 404 ὐπὸ
996 371 1132 410 Θαλοῦ
1161 373 1239 412 τοῦ
1267 374 1479 427 Μιλησίου
1500 373 1569 416 ἐπὶ
1587 377 1660 427 τῆς

250 429 398 484 ἐνάτης
417 430 488 471 καὶ
509 435 843 485 τεσσαρακοστῆς
858 430 1136 486 Ὀλυμπιάδος,
1166 436 1244 478 ἔτει
1267 436 1560 494 ἑβδομηκοστῷ
1587 439 1659 480 καὶ

247 495 461 552 ἑκατοστῷ
481 499 552 548 τῆς
575 496 921 554 κτίσεωςῬῶμης
939 499 1120 553 ὕστερον,
1150 500 1260 555 παροὶ
1281 501 1554 558 δὲῬωμαίοις
1572 503 1657 547 ὑπὸ

249 562 518 603 Σουλπικίου
547 562 735 616 Γάλλου,
771 568 847 620 μιᾷ
882 564 1077 618 πρόσθεν
1104 565 1228 622 ἡμέρᾳ
1258 572 1332 624 τῆς
1360 569 1555 622 Περσέως
1582 573 1690 612 τοῦδ

249 626 504 677 Μακεδόνος
539 627 676 683 ἥττης.
751 631 810 668 ἐπὶ
849 633 887 669 δὲ
929 633 1227 676 Οὐεσπασιανοῦ
1266 639 1332 672 τοῦ
1370 639 1574 690 Καίσαρος
1611 636 1660 679 ἐν

247 692 369 735 πέντε
406 694 478 736 καὶ
512 695 601 736 δέκα
635 693 810 749 ἡμέραις
847 697 1064 747 ἀμφοτέροις
1099 708 1176 744 τοῖς
1213 701 1314 748 φωσὶ
1349 703 1476 743 τοῦτο
1505 701 1660 756 συνέβη

247 763 412 801 παθεῖν.
470 759 515 797 ού
549 762 622 808 μὴν
661 761 717 799 ἀεὶ
755 766 883 806 τοῦτο
921 762 969 806 τό
1007 765 1149 816 πάθος
1186 769 1235 808 τοὶ
1271 766 1367 805 adzo}
1404 766 1661 821 προμηνύει·

249 824 350 867 οὐδὲ
381 825 464 880 γάρ
491 829 725 880 μονοειδεῖς
753 830 798 871 αἱ
825 830 1044 882 ἐκλείψεις,
1073 830 1199 887 ἡλίου
1226 834 1290 880 μὲν
1317 834 1384 881 τήν
1407 829 1552 874 Ἀσίαν
1578 832 1663 874 διέ-

246 907 423 943 ποντος,
468 894 642 947 σελήνης
677 893 722 936 δὲ
759 894 838 949 τήν
870 896 1109 949 Εὐρώπην,
1147 899 1219 941 καὶ
1248 897 1414 952 μάλιστα
1441 897 1530 936 ὅταν
1553 898 1661 951 πρὸς
1674 906 1715 939 10

246 957 348 1007 τούς
374 959 629 1013 λεγομένους
656 960 916 1011 κακοποιούς
943 962 970 1016 ἡ
1000 963 1182 1013 ἔκλειψις
1219 963 1410 1018 γένηται,
1451 964 1663 1018 κακουμέ-

245 1039 336 1066 νων
372 1023 450 1077 μὲν
485 1028 570 1067 τῶν
606 1028 839 1079 βασιλικῶν
867 1029 1030 1078 ζῳδίων
1057 1029 1126 1071 καὶ
1156 1033 1228 1083 τῆς
1256 1033 1340 1071 τῶν
1368 1029 1544 1084 ἀγαθῶν
1571 1030 1663 1073 ἐπι-

248 1091 428 1141 κουρίας
456 1089 682 1146 ἀργούσης.
738 1092 883 1147 ταύρῳ
907 1094 982 1146 μὲν
1009 1093 1092 1147 γάρ
1120 1094 1144 1141 ἢ
1173 1096 1371 1151 παρθένῳ
1399 1097 1430 1150 ἢ
1457 1096 1662 1153 αἰγόκερῳ
1723 1136 1726 1140 .

246 1156 568 1210 συμβαινούσης
615 1157 837 1207 ἐκλείψεως
874 1155 1066 1214 ὁποτέρῳ
1102 1163 1190 1212 τῶν
1229 1159 1384 1213 φώτων
1420 1161 1528 1203 κατὰ
1559 1162 1662 1212 τοὺς

245 1221 551 1274 προκειμένους
581 1222 757 1276 λόγους,
803 1227 981 1274 καρπῶν
1010 1223 1150 1266 ἔνδεια
1171 1227 1241 1268 καὶ
1264 1228 1553 1281 διαφερόντως
1574 1231 1661 1269 τῶν
1674 1230 1715 1263 15

245 1283 417 1338 ὠρίμων
461 1289 704 1341 συμβαίνει,
759 1289 872 1331 καθὸ
918 1289 1215 1344 σταχυηφόρος
1253 1291 1328 1345 μὲν
1367 1291 1395 1347 ἡ
1433 1291 1662 1346 παρθένος,

246 1349 450 1404 ἀροτρεύς
479 1352 523 1395 δὲ
552 1352 575 1396 ὁ
603 1358 783 1408 ταῦρος,
827 1353 852 1398 ὁ
881 1355 926 1398 δὲ
955 1354 1186 1409 αἰγόκερως
1213 1361 1381 1410 πρῶτος
1407 1361 1492 1401 τῶν
1519 1358 1663 1402 τοιού-

245 1433 332 1458 των
360 1422 536 1471 καρπῶν
563 1418 834 1475 ἀπογεύεται·
864 1422 899 1463 εί
927 1421 972 1464 δὲ
999 1421 1193 1476 διδύμοις
1221 1423 1250 1477 ἢ
1278 1427 1386 1481 ζυγῶ
1411 1424 1441 1479 ἢ
1467 1422 1663 1481 ὖδροχόῳ

245 1483 415 1538 γένηται
451 1484 499 1526 τό
537 1493 758 1535 τοιοῦτον,
796 1486 1143 1540 ἀνθρωποειδοῦς
1182 1490 1306 1540 ὄντος
1331 1494 1411 1533 τοῦ
1438 1490 1662 1545 τριγώνου,

247 1551 292 1591 οἱ
326 1552 468 1604 λοιμοί
502 1567 545 1594 τε
582 1554 655 1595 καὶ
690 1554 806 1606 λιμοὶ
844 1554 1153 1610 ἐνσκήψουσιν·
1189 1555 1292 1597 ὅταν
1331 1556 1377 1598 δὲ
1414 1558 1603 1613 καρκίνῳ
1633 1556 1734 1613 ἦρο,

246 1618 438 1671 σκορπίῳ
475 1617 503 1670 ἢ
531 1618 675 1672 ἰχθύσι
704 1621 939 1675 συμβαίνῃ,
982 1620 1118 1674 ὄχλων
1157 1622 1320 1674 φθοραὶ
1357 1623 1429 1665 καὶ
1465 1623 1663 1677 πολέμων

246 1681 412 1732 στάσεις
439 1683 510 1724 καὶ
539 1684 718 1727 ἐναλίων
749 1685 928 1738 ὄλεθρος
951 1686 1209 1730 ἐπικείσεται.
1266 1688 1470 1742 τηρητέον
1489 1688 1535 1731 δὲ
1554 1687 1664 1742 πρός

245 1747 321 1797 τὰς
348 1748 544 1792 καθόλου
572 1751 834 1803 περιστάσεις
860 1751 911 1794 τὰ
938 1752 1045 1794 κατὰ
1073 1753 1148 1802 τοὶς
1177 1753 1377 1804 ἐκλείψεις
1403 1754 1606 1809 χρώματα
1631 1755 1663 1810 ἢ

245 1818 331 1857 τῶν
371 1813 528 1870 φοίτων
570 1815 710 1860 αὐτῶν
747 1816 775 1872 ἦ
807 1821 895 1860 τῶν
932 1817 1028 1871 περὶ
1067 1817 1176 1861 αὐτοὶ
1217 1819 1518 1874 συστημάτων,
1567 1819 1662 1864 οἷον
1711 1835 1715 1839 ’

334 1947 356 1981 5
379 1947 529 1992 Κοέλβου
550 1950 592 1982 C.
701 1951 723 1984 7
745 1950 874 1984 Plinius
895 1951 917 1984 2
941 1951 982 1985 13
1004 1950 1181 1984 duodecim
1203 1950 1337 1985 diebus.
1447 1953 1491 1986 21
1514 1951 1660 1997 συμβαί-

333 2003 387 2026 νει
408 1994 450 2027 C.
586 1995 668 2028 fort.
693 1992 844 2030 πόλεων.
889 1996 935 2030 H.

244 2117 317 2148 fere
341 2119 394 2148 est
417 2117 474 2160 qni
502 2116 661 2159 ambigat.
709 2117 961 2160 praecognitum
987 2117 1153 2151 desectum
1181 2130 1256 2151 esse
1279 2117 1373 2151 aiunt
1395 2119 1485 2161 apud
1507 2119 1661 2151 Graecos

244 2174 265 2194 a
288 2161 432 2193 Thalete
457 2161 610 2203 Milesio,
643 2161 846 2206 Olympiade
869 2164 929 2205 49,
966 2163 1059 2196 urbis
1085 2164 1242 2196 conditae
1264 2175 1350 2196 anno
1372 2164 1450 2203 1703
1474 2164 1561 2206 apud
1587 2164 1657 2195 Ro-

243 2217 359 2238 manos
380 2217 400 2237 a
423 2206 575 2249 Sulpicio
601 2206 710 2249 Gallo,
738 2207 850 2250 pridie
872 2218 1006 2251 pugnae
1026 2207 1080 2240 die
1101 2219 1169 2251 qua
1187 2208 1331 2241 Perseus
1355 2219 1415 2240 rex
1436 2207 1660 2240 Macedoniae

244 2255 422 2294 superatus
443 2257 506 2283 est.
554 2252 665 2283 subV
674 2252 850 2295 espasiano
875 2263 1009 2295 quoque
1032 2253 1181 2286 Caesare
1204 2258 1242 2286 ut
1264 2253 1354 2286 intra
1376 2252 1416 2286 15
1437 2252 1510 2285 dies
1530 2256 1658 2285 utrum—

244 2307 311 2338 que
333 2295 425 2327 sidus
444 2294 479 2327 id
499 2300 596 2338 patei
599 2300 673 2327 etur
697 2296 833 2330 accidit.
880 2309 942 2329 nec
960 2303 1072 2330 tamen
1091 2309 1130 2330 ea
1148 2298 1284 2330 affectio
1302 2297 1390 2330 idem
1408 2308 1477 2330 sem
1505 2308 1541 2329 er
1557 2307 1659 2340 prae-

245 2339 388 2381 nuntiat,
411 2350 519 2382 neque
539 2340 729 2372 uniusmodi
751 2347 828 2374 sunt
853 2342 1028 2385 defectus,
1053 2354 1125 2375 cum
1147 2342 1197 2375 sol
1217 2343 1330 2375 Asiam
1351 2346 1459 2384 regat,
1479 2309 1516 2373 fu
1496 2352 1562 2374 una
1583 2341 1659 2374 Eu-

244 2396 380 2428 ropa1n3
404 2384 565 2426 maxime,
589 2386 722 2428 quaudo
747 2388 809 2418 sub
833 2386 1012 2428 maleficis,
1037 2392 1074 2420 ut
1094 2391 1236 2430 vocant,
1261 2387 1301 2419 fit
1323 2387 1492 2427 def‚ectus
1515 2385 1574 2418 ubi
1597 2397 1659 2418 ve-

243 2434 366 2462 xantur
389 2429 487 2472 sigua
504 2429 599 2472 regia
621 2435 654 2461 et
675 2431 832 2463 auxilium
853 2432 967 2464 taidat
983 2412 1236 2464 hweuevoloium
1260 2442 1334 2463 nam
1360 2430 1390 2463 si
1412 2430 1447 2462 in
1470 2435 1567 2462 tauro
1586 2430 1658 2463 vir-

242 2474 323 2517 gine
342 2474 552 2517 capricorno,
578 2473 644 2506 utri
669 2474 814 2507 sideium
834 2477 896 2508 hac
919 2476 1052 2509 ratione
1074 2476 1198 2509 accidit
1216 2476 1390 2518 desectus,
1413 2475 1601 2516 fructuum,
1626 2477 1660 2506 et

244 2518 427 2563 praecipue
449 2523 672 2561 maturorum,
702 2520 844 2563 penuria
865 2521 998 2553 contiuo
981 2521 1049 2563 „it3
1073 2521 1198 2564 quippe
1219 2520 1382 2563 spicifera
1402 2520 1519 2562 virgo,
1542 2524 1660 2552 taurus

245 2568 381 2600 arator,
408 2564 624 2608 capricornus
651 2569 760 2596 autem
780 2565 1058 2616 p1inn¹ssructus
1082 2565 1243 2598 eiusmodi
1265 2565 1306 2597 d·
1296 2568 1433 2607 gustat.
1480 2563 1600 2607 quodsi
1623 2563 1659 2594 ἰιι

244 2601 387 2651 gemini&
419 2614 478 2642 aut
507 2608 593 2641 libra
623 2614 680 2640 aut
717 2610 855 2651 aquario
879 2610 915 2642 id
938 2610 1080 2652 accidit,
1116 2621 1188 2642 cum
1217 2609 1263 2641 sit
1291 2609 1407 2652 specie
1430 2609 1574 2642 humana
1595 2607 1660 2639 hoc

245 2653 458 2695 triangulum,
482 2658 596 2696 pestes
621 2659 655 2686 et
677 2665 829 2686 annonae
851 2655 987 2687 dur'ae
978 2660 1148 2698 ingruent.
1187 2654 1319 2697 quando
1344 2653 1413 2686 fit
1404 2665 1439 2686 ιιι
1461 2663 1582 2686 cancro
1603 2650 1659 2683 vel

246 2698 426 2742 scorpione
444 2699 498 2731 vel
515 2697 677 2742 piscibus,
700 2697 897 2742 populorum
922 2704 1066 2742 strage&
1090 2699 1264 2731 civitatum
1286 2704 1395 2731 motus
1418 2702 1453 2731 et
1473 2696 1656 2731 maritimo-

246 2755 318 2776 rum
349 2743 506 2776 interitus
536 2743 705 2785 ingruent.
754 2744 957 2776 οὶιεεγιειιιᾱί
989 2750 1100 2776 autem
1134 2749 1269 2787 plaeter
1299 2743 1477 2794 generales
1510 2740 1659 2774 rationes

245 2788 375 2822 colores
399 2788 435 2821 in
458 2788 646 2822 defectibus
667 2787 721 2821 ιοί
745 2787 894 2831 ipsorum
914 2788 1091 2832 luminum,
1125 2788 1180 2822 vel
1207 2787 1456 2822 concretionurn
1479 2797 1568 2831 quae
1590 2783 1656 2818 cir-
