1748 3210
261 206 326 254 78
778 207 996 251 IOANNIS
1031 205 1164 251 LYDI

250 316 415 368 ’Άδωνις
436 316 507 372 μέν
527 317 631 361 ε’στιν
653 316 674 360 ὅ
695 316 857 375 καρπός,
876 317 997 374 ’Άρης
1015 318 1056 359 δὲ
1074 315 1094 359 ὅ
1117 321 1208 367 σῦς·
1240 315 1422 372 πολέμιον
1439 317 1484 361 δὲ
1499 317 1544 361 τὸ
1563 320 1660 371 ζῶον

260 393 342 435 τοῖς
364 391 527 442 καρποῖς
551 385 680 440 ὥσπερ
710 384 900 439 σωτήριος
917 389 1036 437 βοῦς·
1071 386 1135 425 καὶ
1157 383 1222 425 διὰ
1241 389 1352 427 τοῦτο
1373 384 1582 440 Λῗγύπτιοι
1603 385 1660 428 ἔτι

259 454 326 494 καὶ
344 457 413 494 νῦν
430 456 536 504 βοῶν
553 453 623 505 μὲν
642 449 696 499 ὦς
714 452 851 492 ἐπίπαν
871 451 1089 504 ἀπέχονται,
1123 456 1204 499 τοῖς
1223 451 1266 491 δὲ
1283 449 1399 500 ὖείοις
1417 450 1470 500 ὡς
1488 450 1660 504 μάλιστα

257 519 357 575 πρὸς
373 518 525 570 ἐδωδὴν
543 517 859 573 κατακέχρηνται.
884 518 1098 573 Εὐριπίδης
1117 518 1160 558 δὲ
1171 517 1403 572 Ἀφροδίτην
1421 517 1540 571 αὗτὴν
1560 518 1666 567 ἀξιοῖ·

134 602 171 638 p.
194 594 239 629 89
260 585 530 637 ὀνομασθῆναι
557 585 599 624 ἐκ
618 588 688 624 τοῦ
711 583 888 640 ἄφρονας
905 585 997 632 τοὺς
1017 585 1186 639 ἐρῶντας
1205 583 1410 624 ἀποτελεῒν.
1444 581 1465 626 ὃ
1485 585 1527 625 δὲ
1545 583 1692 640 xpi-5

257 666 399 699 σιππος
430 651 475 691 οὗ
497 648 655 702 Διώνην
687 649 788 691 ἀλλὰ
810 650 993 703 Διδώνην
1015 650 1135 703 αὐτὴν
1155 648 1416 702 ὀνομάζεσθαι
1435 649 1542 699 ἀξιοῖ
1553 650 1662 706 παρὰ

259 718 305 759 τὸ
336 715 550 758 ἐπιδιδόναι
577 716 650 765 τὰς
674 720 744 769 τῆς
765 717 946 771 γενέσεως
970 715 1126 770 ἡδονάς,
1161 715 1316 771 Κύπριν
1335 716 1378 757 δὲ
1395 715 1664 769 ὀνομασθῆναι

259 783 369 839 παρὰ
391 783 434 824 τὸ
455 782 559 824 κύειν
579 783 770 838 παρέχειν,
799 785 864 824 καὶ
885 784 1106 839 Κυθερείην
1125 780 1267 835 ὁμοίως
1283 781 1391 836 παρὰ
1410 782 1454 823 τὸ
1473 782 1529 835 μὴ
1545 781 1662 834 μόνον

256 848 485 904 ἀνθρώποις
505 849 604 890 ἀλλὰ
623 851 686 890 καὶ
706 851 864 904 θηρίοις
886 850 930 891 τὸ
954 849 1058 891 κύειν
1078 847 1303 890 ἐπιδιδόναι.
1333 848 1446 889 ἔνθεν
1460 846 1607 903 Ἑρμῆς
1624 849 1664 889 ἓν

258 920 308 971 τῇ
337 916 567 972 κοσμοποιίᾳ
595 916 645 956 τὰ
672 917 742 968 μὲν
761 915 858 970 ὑπὲρ
881 916 1006 971 ὀσφὺν
1027 915 1172 971 ἄρρενα
1195 919 1264 968 τῆς
1279 915 1524 970 Ἀφροδίτης,
1551 914 1602 955 τὰ
1621 914 1663 955 δὲ
1675 919 1718 953 10

260 981 342 1035 μετ’
381 981 502 1034 αὐτὴν
542 980 674 1034 θήλεα
710 984 998 1038 παραδίδωσιν·
1040 982 1135 1023 ὅθεν
1159 980 1380 1037 Πάμφυλοι
1411 982 1476 1022 καὶ
1500 978 1666 1034 πώγωνα

260 1047 425 1101 ἔχουσαν
450 1049 634 1100 ἐτίμησαν
653 1048 888 1104 Ἀφροδίτην
915 1048 1019 1090 ποτέ.
1070 1052 1257 1101 τεχθῆναι
1288 1049 1312 1088 δ
1317 1047 1329 1062 ²
1359 1046 1479 1100 αὐτὴν
1495 1047 1666 1096 ἀξιοῦσιν

261 1114 340 1155 ἀπὸ
367 1119 445 1155 τῶν
465 1113 622 1168 Κρόνου
641 1117 816 1167 μηδέων,
841 1116 1036 1156 τουτέστιν
1063 1115 1139 1156 ἀπὸ
1158 1118 1227 1155 τοῦ
1252 1117 1411 1163 αἰῶνος·
1444 1111 1470 1166 ἦ
1491 1111 1667 1169 δὲφύσις
1718 1132 1721 1136 ·

260 1185 340 1222 τῶν
366 1179 606 1235 πραγμάτιον
631 1181 758 1229 ἀΐδιος
786 1183 849 1222 καὶ
878 1180 1100 1236 ἄφθαρτος.
1145 1182 1294 1232 βενίσαι
1315 1180 1358 1221 τὸ
1383 1177 1666 1235 ἀφροδισιάσαι
1715 1226 1721 1231 1

260 1247 369 1301 παρὰ
389 1251 442 1301 τῷ
463 1245 606 1298 πλήθει
624 1247 784 1300 λέγεται.
814 1244 834 1288 ὃ
856 1248 899 1287 δὲ
914 1246 1087 1287 Πλάτων
1108 1244 1178 1287 δύο
1198 1247 1467 1301 παραδίδωσιν
1481 1246 1666 1302 Ἀφροδί-
1678 1249 1720 1285 15

258 1329 343 1362 τας,
378 1312 561 1367 οὐρανίαν
585 1313 650 1352 καὶ
678 1302 899 1365 πάνδημον,
931 1314 995 1352 καὶ
1018 1313 1090 1365 τὴν
1114 1313 1185 1365 μὲν
1203 1319 1285 1360 τοῖς
1308 1315 1420 1361 θεοῖς
1437 1311 1508 1364 τὴν
1527 1312 1570 1352 δὲ
1587 1317 1668 1360 τοῖς
1687 1360 1694 1367 ¹

259 1377 487 1433 ἀνθρώποις
506 1378 767 1433 παρέπεσθαι.
803 1379 839 1420 οἳ
860 1380 902 1420 δὲ
923 1378 1032 1420 ἄλλοι
1054 1382 1130 1419 τιῦν
1149 1381 1317 1431 ποιητῶν
1331 1378 1524 1434 τέσσαρας
1538 1393 1670 1433 παρα-

259 1443 430 1494 διδόασι,
462 1446 556 1497 μίαν
583 1445 654 1496 μὲν
683 1445 723 1494 ἐξ
747 1445 927 1500 Οὐρανοῦ
957 1447 1021 1486 καὶ
1034 1443 1213 1499 ςΗμέρας
1227 1448 1447 1497 τεχθεῒσαν,
1475 1443 1608 1499 ἑτέραν
1626 1443 1671 1484 δὲ

258 1512 300 1560 ἐξ
310 1511 471 1566 Ἀφροῦ,
505 1512 546 1560 ἐξ
562 1506 608 1563 ἧς
623 1512 688 1550 καὶ
710 1509 857 1566 Ἑρμοῦ
874 1511 1002 1565 ’Ἐρως
1021 1512 1177 1564 ἐτέχθη,
1202 1513 1334 1566 τρίτην
1352 1510 1452 1559 Διὸς
1470 1511 1536 1551 καὶ
1558 1508 1668 1551 Διώ-

256 1594 346 1630 νης,
381 1579 422 1626 ἐξ
449 1572 497 1629 ἧς
526 1578 590 1617 καὶ
609 1576 744 1631 ’Ἄρεος
771 1579 961 1630 τεχθῆναί
988 1577 1358 1632 φασινἈντὲρωτα,
1388 1574 1574 1632 τετάρτην
1599 1579 1724 1629 τῆς20

257 1645 405 1700 Συρίας
435 1644 500 1684 καὶ
530 1640 718 1698 Κύπρου,
760 1644 831 1697 τὴν
860 1644 1067 1697 λεγομένην
1089 1642 1317 1699 Ἀστάρτην.
1363 1641 1475 1684 ἄλλοι
1501 1643 1548 1684 δέ
1570 1658 1671 1698 φασι

345 1779 368 1812 6
391 1776 540 1822 ὃιᾶόνην
564 1778 680 1822 vulgo.
865 1779 887 1813 8
909 1779 1112 1824 Κυθερείην
1138 1779 1352 1815 Roetherus:
1381 1778 1462 1814 libri
1492 1777 1672 1823 κυθηρίην

347 1825 389 1858 11
412 1822 617 1867 παμφύλιοι
634 1824 676 1857 Ρ.
715 1868 718 1871 Α

259 1943 442 1989 accipiunt.
478 1943 535 1978 vel
561 1948 599 1978 ut
617 1944 691 1978 aliis
711 1945 867 1988 videtur,
893 1944 1022 1979 Adonis
1048 1946 1179 1979 fructus
1208 1949 1282 1989 est,
1302 1945 1396 1980 Mars
1413 1955 1488 1979 susz
1511 1944 1671 1979 infestum

260 1994 371 2023 autem
389 1989 510 2022 animal
530 1990 708 2032 fructibus,
726 1995 764 2023 ut
783 1990 940 2024 salutaris
955 1992 1039 2031 bos;
1058 1992 1273 2034 quamobrem
1287 1990 1450 2037 Aegyptii
1467 1989 1567 2023 etiam
1583 1999 1673 2022 nunc

259 2034 405 2068 bovibus
426 2039 463 2066 ut
491 2033 666 2077 plurimum
687 2035 880 2078 abstinent,
915 2035 1020 2068 suillis
1043 2041 1154 2068 antem
1175 2035 1332 2069 carnibus
1352 2045 1451 2079 quam
1468 2034 1610 2067 maxime
1627 2034 1672 2068 ad

259 2079 462 2111 vescendum
487 2083 638 2112 utuntur.
682 2079 866 2123 Euripides
897 2085 1008 2112 autem
1034 2080 1246 2123 Aphroditen
1274 2091 1347 2113 eam
1373 2078 1443 2112 vult
1469 2077 1671 2112 nominatam

259 2122 340 2155 inde
363 2123 454 2165 quod
473 2122 608 2155 insanos
636 2128 784 2157 amantes
804 2124 938 2157 reddat.
986 2124 1198 2168 Chrysippus
1226 2128 1337 2158 autem
1357 2135 1424 2156 non
1440 2123 1586 2165 Dionen,
1607 2133 1672 2157 ve-

259 2178 334 2200 rum
358 2166 514 2199 Didonen
541 2179 613 2199 eam
640 2168 805 2201 nominari
829 2168 902 2201 vult
928 2174 1111 2212 propterea
1134 2170 1223 2212 quod
1246 2170 1306 2202 dat
1325 2167 1553 2212 generationis
1573 2166 1670 2200 volu-

259 2217 384 2255 ptate5‚
397 2211 527 2254 Cyprin
547 2217 657 2245 autem
675 2213 876 2245 nominatam
895 2224 935 2245 eo
954 2214 1044 2255 quod
1063 2219 1261 2258 conceptum
1279 2213 1398 2255 efficit,
1419 2217 1455 2246 et
1466 2211 1671 2254 Cytheream

259 2256 389 2299 pariter
413 2267 453 2288 eo
483 2257 572 2299 quod
602 2268 668 2290 non
694 2257 800 2290 solum
826 2256 1014 2290 hominibus
1044 2269 1161 2291 verum
1191 2258 1293 2291 etiam
1311 2257 1432 2291 bestiis
1459 2254 1672 2300 concipiendi

259 2299 453 2333 facultatem
480 2302 634 2344 praebet.
674 2301 754 2335 inde
790 2301 934 2334 Hermes
961 2302 996 2334 in
1023 2301 1109 2335 libro
1137 2313 1242 2346 super
1269 2301 1383 2335 mundi
1411 2301 1582 2334 creatione
1610 2310 1670 2333 eas

259 2355 347 2388 quae
377 2355 479 2388 super
507 2356 622 2377 coxam
651 2351 730 2379 sunt
749 2346 910 2378 masculas
927 2346 1072 2379 Veneris
1095 2351 1230 2390 partes,
1252 2357 1338 2390 quae
1355 2349 1466 2379 autem
1487 2349 1566 2388 post
1585 2355 1670 2386 eam,

258 2389 422 2423 femineas
445 2400 520 2422 esse
537 2390 656 2430 docet3
678 2391 766 2424 unde
778 2389 956 2434 Pamphyli
974 2396 1010 2423 et
1028 2392 1203 2424 barbatam
1223 2390 1300 2423 olim
1321 2389 1477 2423 colebant
1487 2388 1670 2422 Venerem.

258 2438 370 2467 natam
388 2437 498 2466 autem
516 2444 589 2467 eam
610 2434 727 2467 volunt
747 2447 788 2468 ex
815 2434 954 2467 Saturni
974 2434 1147 2477 virilibus,
1170 2435 1205 2468 id
1229 2440 1283 2468 est
1303 2446 1344 2467 ex
1362 2444 1446 2467 aevo
1467 2444 1497 2466 s.
1519 2431 1670 2466 aeterni·

258 2482 353 2518 tate3
385 2489 496 2511 rerum
523 2484 634 2511 autem
655 2483 775 2512 natura
799 2483 938 2512 aeterna
958 2483 994 2511 et
1014 2479 1223 2523 corruptioni
1243 2490 1310 2512 non
1331 2477 1490 2511 obnoxia.
1532 2476 1672 2520 βενίσαι

258 2523 358 2564 (fort.
379 2522 556 2565 venizare)
576 2524 678 2556 rebus
699 2523 855 2556 venereis
877 2523 1026 2556 deditum
1044 2535 1120 2556 esse
1140 2524 1242 2567 vulgo
1263 2522 1398 2556 dicitur.
1439 2521 1537 2555 Plato
1558 2525 1671 2554 autem

258 2568 342 2600 duas
366 2572 528 2599 memorat
547 2567 711 2610 Veneres,
731 2567 904 2611 Uraniam,
925 2567 951 2601 i.
973 2579 1004 2600 e.
1026 2567 1215 2601 Caelestem
1236 2573 1272 2601 et
1287 2567 1494 2608 Pandemon,
1511 2565 1537 2598 i.
1550 2577 1582 2598 e.
1603 2575 1669 2608 po-

257 2610 427 2655 pularem3
451 2617 486 2644 et
502 2610 590 2644 illam
613 2622 687 2645 cum
705 2612 790 2655 diis,
821 2613 907 2645 hanc
927 2622 1000 2645 cum
1022 2612 1210 2645 hominibus
1233 2611 1443 2645 coniunctam
1463 2621 1551 2643 esse.
1585 2609 1667 2642 reli-

259 2655 319 2698 qui
342 2666 425 2689 vero
454 2656 577 2699 poetae
603 2660 762 2699 quattuor
785 2658 939 2699 tradunt,
963 2667 1061 2689 unam
1090 2655 1194 2690 Caelo
1226 2662 1261 2689 et
1285 2655 1351 2689 Die
1376 2659 1505 2695 natam3
1530 2652 1669 2687 alteram

259 2700 388 2742 Spuma
406 2706 636 2744 procreatam,
664 2711 706 2734 ex
724 2711 791 2744 qua
811 2705 848 2734 et
863 2700 1033 2734 Mercurio
1057 2701 1189 2744 Cupido
1207 2705 1305 2734 natus
1330 2704 1401 2743 est;
1429 2698 1563 2733 tertiam
1584 2698 1669 2730 Iove

259 2749 371 2776 natam
391 2750 426 2778 et
442 2745 564 2788 Diona,
583 2756 626 2778 ex
643 2755 710 2789 qua
732 2751 767 2778 et
787 2745 898 2779 Marte
919 2749 1031 2779 natum
1051 2746 1168 2780 dicunt
1189 2745 1371 2787 Anterota3
1397 2746 1549 2788 quartam
1565 2741 1670 2784 Syria

260 2787 446 2834 Cyproque
475 2793 689 2835 conceptam,
718 2800 805 2834 quae
834 2791 970 2825 Astarte
999 2795 1150 2824 vocatur.
1193 2789 1251 2824 alii
1277 2800 1362 2824 vero
1391 2789 1508 2823 dicunt
1530 2786 1670 2831 primam
