1748 3210
395 197 473 242 DE
504 194 949 242 MAGISTRATIBUS
980 195 1028 240 P.
1056 193 1110 239 R.
1143 192 1246 237 LIB.
1279 183 1356 237 111.
1502 193 1600 240 219

148 312 367 368 εὗδαίμονα
386 310 524 365 πόλιν,
557 314 624 355 καὶ
647 311 778 354 πολλὰ
794 310 884 366 μετ’
917 309 1049 354 αὐτῶν
1065 306 1315 365 σκεψάμενος
1332 308 1394 351 ἐπὶ
1416 307 1510 359 τοὺς
1525 327 1600 362 με-

148 383 382 440 μοριαλίους
408 386 480 436 τῆς
510 381 635 436 αὐλῆς
654 383 833 424 συνεῖδον
851 380 986 422 ἐλθεῖν
1006 381 1074 422 καὶ
1095 379 1197 437 πρὸς
1215 379 1424 436 στρατείαν
1445 377 1602 429 ἄναζώ-

148 454 304 494 σασθαι
324 450 417 504 μετ’
444 451 611 492 ἐκείνων.
678 448 787 499 ὅπως
813 449 856 491 δὲ
881 448 939 503 μὴ
965 448 1036 491 τὸν
1063 448 1104 490 ἔν
1131 448 1241 505 μέσῳ
1267 445 1414 503 χρόνον
1441 444 1603 499 δόξαιμι

150 520 417 574 ζημιοῦσθαι,
472 521 528 569 εἷς
553 516 781 576 φιλοσόφου
812 521 958 574 φοιτᾶν
985 517 1160 573 διέγνων.
1220 514 1407 572 Ἅγάπιος
1432 509 1481 570 ἦν
1506 514 1601 557 κατ’

114 587 296 632 ὄὲκεῖνον
311 588 380 629 τὸν
395 584 566 644 χρόνον,
608 588 699 644 περὶ
723 580 772 628 οὗ
793 583 1086 643 Χριστόδωρος
1114 583 1136 627 ὅ
1163 584 1330 639 ποιητὴς
1358 585 1398 626 ἒν
1428 588 1485 642 τῷ
1515 583 1606 636 περὶ

146 660 228 698 τῶν
257 656 468 713 ἀκροατῶν
496 660 568 698 τοῦ
599 653 774 710 μεγάλου
804 652 999 711 Πρόκλου
1038 655 1271 711 μονοβίβλῳ
1312 654 1434 710 φησὶν
1478 650 1606 700 οὕτως

141 721 363 779 “Ἀγάπιος
389 722 573 778 πόματος
600 724 695 777 μέν,
742 722 846 779 ἀτὰρ
883 719 1108 779 πρώτιστος
1139 719 1379 764 ‹induam-²²
1428 721 1529 777 παρ’
1573 713 1607 777 ᾧ

147 791 201 836 τὰ
222 823 234 834 .
249 823 260 835 .
275 823 287 835 .
308 797 389 836 τῶν
409 793 733 849 Ἀριστοτελικῶν
760 789 1018 846 διδαγμάτων
1048 788 1191 843 εἰπών,
1230 790 1370 845 ἔτυχον
1396 791 1469 832 καί
1489 804 1608 831 τινων

150 861 264 912 ἓ...ς
290 864 558 916 Πλατωνικῆς
585 861 829 917 φιλοσοφίας
858 857 1158 915 ἀκροάσασθαι.
1214 857 1242 913 ἦ
1264 860 1308 900 δὲ
1330 857 1430 913 τύχη
1452 861 1608 912 μᾶλλον

95 935 141 970 10
152 931 209 980 εἷς
233 928 382 985 ταύτην
411 947 462 984 με
490 933 739 985 παρωθῆσαι
771 927 844 982 τὴν
875 928 1122 983 λειτουργίαν
1150 927 1382 981 σκεψαμένη
1409 924 1608 978 Ζωτικόν,

148 999 312 1054 πολίτην
320 997 415 1052 ἐμὸν
425 999 491 1040 καὶ
499 994 693 1054 χαίροντά
703 1014 772 1050 μοι
781 996 965 1052 μετρίως,
978 996 1041 1037 ἐπὶ
1052 995 1125 1049 τὴν
1136 994 1388 1051 ε’παρχότητα
1399 999 1478 1037 τῶν
1486 1012 1610 1051 πραι-

146 1068 304 1123 τωρίων
323 1065 401 1108 ὑπὸ
421 1071 477 1124 τῷ
500 1063 659 1108 πάντων
678 1065 877 1118 βασιλέων
896 1062 1143 1122 ἦμερωτάτῳ
1159 1064 1408 1120 Ἀναστασίῳ
1426 1062 1611 1119 προήγα-

147 1148 236 1190 γεν·
269 1134 315 1184 ὃς
344 1134 391 1177 οὔ
420 1135 574 1177 πείθειν
602 1151 651 1188 με
671 1132 795 1188 μόνον
815 1132 919 1174 ἀλλὰ
941 1134 1009 1174 καὶ
1031 1131 1264 1187 ἀναγκάζειν
1288 1130 1507 1185 δυνάμενος
1526 1137 1611 1180 τοῖς

146 1200 426 1259 ταχυγράφοις
457 1208 529 1256 τῆς
563 1202 692 1259 ἀρχῆς
722 1202 1046 1257 συνηρίθμησεν,
1093 1201 1133 1242 ἓν
1155 1194 1183 1256 ᾗ
1207 1202 1275 1242 καὶ
1295 1199 1515 1253 Ἀμμιανὸν
1541 1199 1611 1241 τὸν

95 1277 140 1313 15
152 1271 452 1322 ἐπιεικέστατον,
472 1271 716 1327 ἀδελφιδοῦν
733 1274 791 1327 τῷ
811 1270 893 1326 ἐμῷ
911 1270 1033 1325 πατρὶ
1053 1267 1274 1323 γενόμενον,
1298 1269 1502 1321 συνέβαινε
1521 1270 1612 1310 δια-

149 1340 382 1396 φαίνεσθαι.
450 1339 558 1393 (27)
592 1336 702 1388 ὅπως
727 1338 770 1379 δὲ
788 1337 847 1391 μὴ
868 1337 989 1391 τυχὸν
1009 1335 1252 1396 ῥαθυμήσω,
1275 1335 1410 1379 πᾶσάν
1425 1354 1496 1390 μοι
1518 1336 1610 1392 κέρ-

150 1409 247 1458 δους
268 1405 363 1449 ὁδὸν
384 1404 404 1448 ὃ
430 1405 614 1463 ὕπαρχος
635 1405 791 1457 ἔδειξεν,
819 1404 920 1448 ὥστε
941 1405 1041 1462 παρ’
1066 1404 1160 1446 ὅλον
1181 1405 1250 1447 τὸν
1269 1410 1341 1459 τῆς
1363 1405 1491 1461 ἀρχῆς
1508 1401 1613 1461 χρό-

149 1492 220 1518 νον
234 1475 361 1518 αὐτοῦ
374 1475 555 1530 (μέτριος
576 1475 620 1516 δὲ
636 1469 686 1528 ἦν
705 1475 772 1516 καὶ
790 1478 942 1531 βραχεῖ
953 1474 1023 1516 τὸν
1041 1473 1221 1516 ἐνιαυτὸν
1239 1474 1380 1527 ἐκβὰς)
1400 1474 1472 1515 οὐκ
1494 1472 1613 1514 ἐλάτ-

149 1560 246 1594 τους
270 1544 413 1598 χιλίων
437 1547 603 1599 χρυσῶν
625 1542 894 1598 ἀποκερδᾶναι
915 1539 1150 1598 σωφρόνως.
1218 1542 1323 1592 εἰκὸς
1348 1537 1419 1584 οὖν
1451 1542 1614 1597 εὐχαρι-

94 1616 257 1659 ωστῶν
278 1612 355 1667 ἐγὼ
387 1612 501 1666 (πῶς
515 1611 592 1667 γὰρ
612 1610 710 1665 οὕς)
739 1608 934 1666 ἐγκώμιον
954 1610 1088 1666 βραχὺ
1112 1609 1213 1666 πρὸς
1235 1609 1357 1652 αὐτὸν
1376 1612 1614 1664 διεξῆλθον·

149 1678 172 1724 ὅ
203 1681 247 1724 δὲ
272 1677 416 1735 ἡσθεὶς
449 1679 527 1722 ἀνὰ
554 1680 691 1734 στίχον
714 1679 789 1734 μὲν
817 1679 985 1722 ἕκαστον
1008 1676 1202 1735 χρύσινον
1222 1677 1302 1720 ἀπὸ
1324 1683 1397 1733 τῆς
1416 1678 1615 1736 τραπέζης

243 1820 263 1855 1
285 1819 365 1864 lego
384 1815 559 1863 ἐμαυτοῦ.
583 1820 629 1855 F.
767 1820 792 1855 7
814 1822 896 1866 post
912 1816 960 1854 τὰ
982 1819 1115 1874 aliquot
1131 1819 1256 1854 literae
1276 1819 1484 1855 exstinctae.
1520 1819 1616 1853 forte

240 1866 311 1900 fuit
333 1868 506 1909 στοιχεῖα.
547 1866 594 1900 F.
731 1866 754 1900 8
778 1864 892 1899 εἰπὼν
916 1871 1094 1899 recentior
1115 1877 1235 1900 manus
1259 1865 1403 1900 delevit.
1450 1865 1617 1898 vitiosum

241 1910 363 1957 utique
387 1913 540 1946 videtur.
563 1913 607 1946 F.
749 1911 826 1956 lego
852 1909 891 1945 ἐκ
910 1911 990 1956 τῆς.
1015 1913 1060 1946 F.
1202 1913 1246 1945 10
1265 1923 1309 1955 με
1326 1911 1555 1957 παρωθῆσαι
1570 1912 1617 1953 F,

240 1953 485 2001 ἔπαρωθῆσαι
496 1957 540 1991 C.
612 1954 682 2002 τὴν
699 1956 804 2001 vulgo
825 1969 892 1991 om.
988 1959 1031 1993 11
1055 1953 1101 1992 οὕ
1117 1957 1272 2002 μετρίως
1292 1958 1339 1992 F.
1433 1957 1477 1993 19
1496 1953 1621 2001 εἰκὸς]

243 2013 281 2037 v.
304 2003 349 2038 ad
369 2014 407 2048 p.
428 2004 499 2038 202
525 2003 582 2037 19.
719 2004 764 2037 20
782 1999 852 2036 οὐκ
875 2003 920 2037 C.

150 2131 222 2162 tam
244 2125 422 2162 civitatem
444 2126 612 2172 perveni3
639 2136 784 2170 cumque
806 2124 913 2160 multa
933 2137 1065 2161 mecum
1087 2125 1347 2171 deliberassem,
1371 2127 1413 2162 ad
1433 2126 1618 2162 memoria-

151 2172 204 2207 les
233 2172 332 2207 aulae
360 2174 528 2207 accedere
557 2183 681 2216 meque
703 2172 748 2206 ad
770 2171 926 2206 militiam
952 2184 1028 2206 cum
1057 2172 1101 2207 iis
1130 2173 1315 2218 accingere
1347 2172 1525 2208 constitui.
1573 2185 1620 2208 ne

152 2223 268 2252 autem
290 2218 490 2252 intermedii
511 2217 678 2263 temporis
700 2217 868 2252 iacturam
890 2218 1009 2252 facere
1029 2217 1192 2263 viderer,
1227 2219 1470 2265 philosophum
1496 2219 1620 2253 audire

152 2262 312 2299 decrevi.
358 2263 512 2309 Agapius
536 2269 614 2297 erat
633 2275 675 2297 eo
694 2268 869 2308 tempore,
908 2265 953 2298 de
974 2275 1042 2308 quo
1065 2264 1314 2299 christodorus
1338 2271 1445 2310 poeta
1468 2264 1505 2298 in
1528 2264 1618 2299 libro

154 2308 324 2354 singulari
347 2310 391 2344 de
414 2309 630 2344 auditoribus
659 2309 775 2354 magni
798 2309 915 2343 Procli
944 2309 995 2343 ita
1024 2309 1073 2344 ait
1096 2307 1273 2356 “Agapius
1302 2310 1441 2344 ultimus
1466 2310 1620 2355 quidem,

154 2356 219 2390 sed
233 2355 396 2401 princeps
413 2352 611 2397 omnium;''
637 2356 730 2409 apud
750 2366 864 2400 quem.
880 2380 889 2390 .
902 2380 912 2390 .
938 2356 1183 2391 Aristotelicae
1205 2356 1384 2391 doctrinae
1406 2356 1619 2401 percipiens,

153 2400 316 2436 nonnulla
346 2401 450 2435 etiam
481 2413 501 2435 e
530 2401 711 2435 Platomca
745 2401 966 2447 philosophia
1000 2402 1195 2436 audiebam.
1242 2408 1280 2436 at
1309 2403 1450 2436 fortuna
1475 2401 1512 2436 in
1534 2402 1620 2437 illud

153 2446 271 2492 potius
290 2458 345 2480 me
362 2447 549 2482 detrudere
570 2446 800 2481 ministerium
824 2447 1002 2490 meditata,
1026 2447 1185 2482 Zoticum
1208 2449 1320 2482 civem
1339 2459 1461 2491 meum,
1486 2448 1547 2492 qui
1564 2459 1621 2482 me

155 2504 225 2527 non
242 2503 363 2538 parum
384 2493 635 2537 delectabatur,
660 2494 703 2527 ad
727 2494 980 2538 praefecturam
1000 2493 1192 2538 praetorio,
1215 2495 1279 2528 sub
1299 2493 1448 2528 omnium
1465 2493 1618 2539 impera-

155 2542 270 2573 torum
292 2538 569 2574 mansuetissimo
592 2539 790 2582 Anastasio,
813 2539 1000 2585 provexit3
1035 2539 1095 2584 qui
1114 2551 1189 2573 cum
1211 2551 1280 2573 non
1300 2540 1514 2585 persuadere
1538 2545 1618 2574 tan-

156 2588 229 2618 tum
250 2595 371 2618 verum
395 2585 499 2619 etiam
521 2597 649 2630 cogere
670 2590 810 2630 posset,
851 2584 996 2619 notariis
1020 2586 1264 2630 praefecturae
1285 2597 1340 2620 me
1366 2585 1620 2630 annumeravit,

156 2628 194 2662 in
214 2639 284 2672 qua
301 2635 338 2663 et
355 2630 633 2666 humanissimum
654 2631 889 2673 Amnianum,
918 2632 1062 2665 fratrem
1090 2643 1201 2665 meum
1229 2631 1440 2677 patruelem,
1467 2631 1621 2666 eminere

156 2673 394 2718 contingebat.
443 2677 521 2720 (27)
540 2689 584 2712 ne
606 2683 720 2711 autem
736 2676 808 2711 otio
828 2677 921 2711 forte
938 2688 992 2711 me
1005 2677 1191 2721 traderem,
1209 2689 1325 2712 omnes
1341 2677 1425 2711 mihi
1440 2676 1528 2711 lucri
1542 2677 1620 2712 vias

157 2721 357 2766 praefectus
376 2722 547 2765 ostendit3
570 2728 610 2758 ut
651 2735 689 2757 er
703 2728 813 2757 totum
828 2723 1071 2767 praefecturae
1087 2723 1162 2758 eius
1177 2729 1312 2768 tempus
1332 2723 1518 2767 (modicum
1532 2734 1618 2758 vero

158 2771 237 2800 erat
257 2777 370 2810 neque
389 2778 478 2802 anno
499 2768 604 2803 multo
640 2769 788 2814 ongius)
826 2780 895 2802 non
926 2768 1039 2803 minus
1070 2769 1162 2804 mille
1193 2781 1318 2804 aureos
1349 2775 1444 2804 caste
1465 2768 1619 2803 lucratus

157 2811 236 2846 sim.
285 2811 415 2856 gratias
433 2813 552 2859 itaque
575 2827 662 2860 ego,
698 2820 738 2849 ut
754 2826 819 2861 par
837 2819 932 2858 erat,
965 2826 1073 2859 agens
1103 2817 1119 2859 (
1152 2815 1189 2849 ui
1210 2815 1300 2850 enim
1324 2827 1394 2850 non
1417 2815 1620 2860 egissem‘e)

159 2856 393 2894 laudationem
413 2860 559 2896 brevem
580 2862 626 2898 ad
649 2872 728 2897 eum
750 2861 952 2908 composui3
976 2871 1045 2908 quo
1063 2860 1124 2898 ille
1153 2866 1289 2899 aetatus
1309 2861 1347 2897 in
1363 2860 1518 2908 singulos
1536 2872 1619 2896 ver-
