1748 3210
251 189 344 234 288
765 195 981 238 IOANNIS
1014 197 1144 240 LYDI

248 294 329 346 ἕως
359 299 446 340 τῶν
476 296 733 352 Ἡρακλέους
760 301 924 353 στηλῶν
951 298 1127 355 πόλεμος
1153 305 1212 341 καὶ
1239 305 1392 345 ἀπώλεια
1421 309 1519 347 ἔσται
1545 322 1647 358 στρα-

246 362 463 416 τευμάτων
490 366 561 406 καὶ
588 365 710 418 λιμός
735 368 807 407 καὶ
834 365 1012 417 πτώσεις
1042 371 1128 410 τῶν
1154 372 1443 425 βοσκημάτων.
1478 377 1567 414 εἰδὲ
1590 377 1648 414 ἐπὶ

246 429 310 466 τὸν
339 433 496 482 Βοώτην
523 430 661 480 νεύοι,
690 429 822 484 κρύος
848 431 992 488 ἀπηνὲς
1019 433 1116 488 ἄχρι
1143 433 1372 488 Εὐξείνου,
1403 441 1476 483 καὶ
1501 446 1648 497 χειμῶ-

245 508 314 543 νες
343 493 489 548 ἀήθεις
515 496 850 551 ἐπιχεθήσονται,
875 501 947 541 καὶ
973 499 1164 554 πολέμιοι
1186 504 1552 558 καταδραμοῦνται
1570 507 1648 563 τὴν

243 558 399 612 χώραν.
455 561 527 603 καὶ
567 563 645 616 τὴν
679 563 756 618 μὲν
793 562 927 619 άρχήν
963 565 1328 622 ἐλαττωθήσονται
1365 571 1408 612 οἱ
1441 571 1679 627 indemnati

245 624 465 679 δυνάμεως
492 626 539 669 δ’
564 628 743 683 ὕστερον
771 631 1079 687 συντρεχούσης
1107 631 1160 676 οὐ
1186 633 1323 688 μόνον
1342 633 1649 691 ἡττηθήσονται

243 693 284 734 οἱ
311 692 520 747 πολέμιοι,
562 692 668 738 ἄλλά
702 697 775 739 καὶ
815 696 1070 752 αἰχμάλωτοι
1109 701 1152 742 οἱ
1183 699 1384 756 ἡγεμόνες
1421 718 1563 746 αυτων
1601 705 1649 748 ἐν

242 759 410 812 δεσμοῖς
437 759 617 804 ἔσονται.
685 760 773 805 εἶτα
801 763 941 805 ἐκεῖθεν
967 764 1036 807 ἐπὶ
1059 768 1323 821 μεσημβρίαν
1349 771 1650 821 μετελεύσονται

242 824 266 867 ὁ
295 825 470 880 νικήσας
495 827 690 880 στρατός,
732 828 804 871 καὶ
840 833 927 872 τῶν
963 830 1040 873 ἐκεῖ
1075 832 1261 878 ἀνθέξεται
1294 836 1470 886 πόλεων,
1506 835 1578 877 καὶ
1611 837 1649 874 ἐν

240 893 425 942 ἐπαίνοις
460 892 597 935 ἔσται·
643 894 714 936 καὶ
753 895 856 936 αὐτοὶ
893 896 940 938 δὲ
980 895 1032 939 τά
1072 903 1172 940 θεῖα
1211 901 1511 951 καταλείψουσι
1547 901 1701 952 τούς10

237 961 467 1013 πολεμίους
523 958 609 996 ὥστε
660 961 704 1002 ἐκ
748 966 932 1014 περισσοῦ
979 968 1267 1018 προστεθῆναι
1311 971 1401 1016 τοῖς
1447 972 1669 1022 νικηταῖς.4

237 1029 424 1068 τοσαῦτα
447 1023 498 1067 τὰ
523 1027 789 1079 σημαινόμενα,
821 1026 917 1070 ὅταν
936 1027 1054 1077 ὠχρὸς
1073 1037 1244 1078 φαίνηται
1264 1031 1282 1069 ὁ
1303 1031 1441 1076 ἱππεύς
1458 1034 1648 1086 μετρίως·

237 1091 334 1134 ὅταν
360 1095 399 1131 δὲ
428 1090 526 1133 καθ’
557 1090 721 1145 ὁμαλοῦ
753 1091 999 1145 ὠχρότατος,
1041 1096 1234 1145 ἐξωτικὸν
1267 1097 1345 1150 μὲν
1373 1097 1454 1140 οὐκ
1481 1097 1645 1147 ἀπειλεῖ,

235 1159 429 1205 ἐμφυλίους
457 1157 502 1199 δὲ
531 1156 682 1211 φράζει
709 1157 940 1211 πολέμους,
978 1157 1057 1201 οὐκ
1087 1159 1275 1209 ἐλάττους
1301 1165 1387 1204 τῶν
1413 1161 1521 1216 πρὸς
1547 1165 1647 1215 τούς

234 1223 380 1275 ἔξωθεν
401 1222 654 1266 ἀπειλοῦντας
682 1225 747 1266 τὰς
776 1223 1025 1278 συμφοράς,
1053 1225 1124 1267 καὶ
1152 1223 1203 1267 οὐ
1230 1229 1357 1269 τοῦτο
1385 1227 1520 1281 μόνον
1539 1228 1644 1273 άλλά
1657 1239 1698 1273 15

235 1288 309 1331 καὶ
336 1288 576 1332 ἐλάττωσιν.
632 1289 754 1339 ἐκείνῳ
783 1291 822 1327 δὲ
850 1293 1012 1336 μάλιστα
1039 1291 1320 1344 προσεκτέον,
1366 1292 1424 1343 ὧς
1459 1294 1526 1337 ἐπὶ
1551 1295 1647 1350 χρό-

233 1371 314 1397 νον
343 1355 626 1410 φαινόμενος,
671 1353 729 1405 nis
767 1357 946 1411 εἴρηται,
985 1357 1045 1399 ἐπὶ
1082 1358 1146 1394 τὸν
1183 1358 1369 1408 γαλαξίαν
1406 1358 1647 1415 (οὐδὲγὰρ

232 1419 339 1474 πρὸς
378 1420 589 1471 άνατολάς
625 1421 731 1476 ’ὑπὲρ
760 1421 834 1472 τὰς
859 1421 961 1465 ἑπτὰ
991 1421 1223 1477 φανήσεται
1249 1422 1397 1477 ἡμέρας
1425 1426 1444 1464 ὁ
1470 1431 1647 1478 τοιοῦτος

233 1485 409 1542 ἀστήρ),
435 1486 586 1542 χρόνια
613 1487 664 1530 τά
691 1486 818 1541 κακά,
858 1489 966 1543 πρὸς
993 1488 1158 1544 βραχύν
1185 1488 1231 1532 δὲ
1257 1489 1425 1544 καιρόν,
1454 1492 1646 1546 ἐπίκαιρα

230 1559 404 1601 σημαίνει.
1652 1571 1698 1605 20

343 1623 407 1663 13.
464 1619 717 1674 Κομήτης
753 1621 950 1673 ξιφίας.
1006 1619 1114 1663 οὗτος
1152 1621 1172 1658 ὁ
1211 1618 1342 1675 α’στὴρ
1384 1620 1642 1677 ἀναφέρεται

231 1685 307 1739 μὲν
329 1684 483 1740 Ἑρμῇ,
524 1684 602 1738 οὐχ
629 1680 759 1739 ἦττον
788 1686 833 1728 δὲ
860 1690 937 1728 τοῦ
965 1686 1194 1739 προτέρου,
1237 1688 1467 1736 δολιωτέρας
1498 1689 1642 1743 μέντοι

230 1751 440 1807 ἐνεργείας
467 1755 662 1794 ποιεῖται.
717 1749 772 1793 ἂν
797 1753 861 1798 μὲν
886 1751 964 1806 γάρ
992 1752 1060 1795 ἐπὶ
1087 1754 1162 1800 τήν
1189 1751 1400 1809 α’νατολήν
1426 1757 1569 1810 βλέπῃ,
1598 1757 1643 1798 οἱ

313 1873 335 1906 3
354 1871 429 1906 νέοι
448 1871 490 1906 C.
628 1873 669 1906 16
686 1875 765 1924 post
781 1868 971 1905 ἐλάττωσιν
993 1883 1061 1906 vox
1083 1872 1218 1906 videtur
1240 1872 1480 1918 praetermissa
1498 1885 1574 1908 esse
1596 1877 1638 1910 ab

312 1918 389 1962 ipso
412 1916 551 1951 librario
573 1917 631 1961 qui
652 1917 802 1950 codicem
824 1916 992 1950 exaravit.
1037 1917 1085 1950 H.

227 2039 304 2061 num
327 2028 449 2060 fretum
466 2037 573 2070 usque
589 2026 711 2059 bellum
730 2029 765 2059 et
784 2026 972 2059 internecio
995 2026 1062 2060 erit
1082 2026 1262 2070 legionum,
1286 2027 1366 2061 item
1383 2029 1488 2062 fames
1510 2033 1544 2062 et
1566 2029 1637 2064 lues

226 2073 404 2115 pecudum.
451 2072 503 2105 sin
536 2072 681 2105 declinat
712 2071 748 2103 in
771 2073 929 2113 Bootem,
964 2071 1074 2115 frigus
1106 2072 1231 2105 immite
1261 2083 1368 2116 usque
1398 2075 1440 2107 ad
1469 2074 1638 2110 Euxinum

226 2118 370 2149 Pontum
400 2120 433 2148 et
464 2121 683 2168 tempestates
715 2116 871 2148 insuetae
894 2097 1064 2159 incident,
1096 2117 1211 2150 hostes
1234 2117 1407 2151 incurrent
1429 2119 1637 2162 provincias.

226 2173 267 2194 ac
290 2161 397 2204 primo
417 2161 551 2203 quidem
569 2160 803 2194 detrimentum
821 2161 990 2204 accipient
1009 2161 1255 2205 provinciales,
1282 2168 1358 2206 post
1377 2168 1506 2205 autem,
1529 2164 1637 2208 copiis

224 2206 260 2238 in
284 2217 384 2238 unum
408 2205 708 2247 convenientibus,
742 2217 808 2238 non
841 2206 946 2238 solum
979 2209 1228 2250 superabuntur
1256 2207 1412 2251 barbari,
1445 2189 1507 2241 seti
1534 2209 1637 2242 duces

225 2251 325 2284 etiam
347 2261 461 2282 eorum
482 2249 609 2293 captivi
635 2251 718 2283 facti
740 2251 776 2282 in
802 2250 943 2283 vinculis
966 2256 1076 2285 erunt.
1123 2252 1286 2304 posthaec
1307 2252 1387 2286 inde
1408 2263 1562 2286 remeans
1580 2253 1635 2285 vi·-

224 2300 298 2328 ctor
319 2294 486 2327 exercitus
504 2294 676 2327 meridiem
695 2306 813 2328 versus
835 2295 870 2327 in
889 2295 1086 2329 civitatibus
1107 2296 1157 2328 ibi
1181 2297 1255 2330 sitis
1279 2297 1403 2331 stativa
1423 2303 1528 2341 ponet
1551 2297 1634 2330 erit-

224 2351 291 2384 que
312 2339 348 2372 in
367 2340 479 2372 laude.
526 2339 623 2384 ipsae
646 2350 780 2383 quoque
802 2340 1000 2372 sanctitates
1022 2341 1216 2384 relinquent
1237 2342 1372 2385 hostes,
1406 2346 1443 2374 ut
1461 2342 1497 2376 in
1519 2352 1634 2375 cumu-

222 2384 290 2417 lum
314 2385 358 2418 ad
378 2385 526 2417 victores
551 2395 761 2417 accessurae.
797 2384 881 2417 haec
904 2385 1148 2428 significantur,
1171 2387 1304 2428 quando
1327 2367 1542 2419 mediocriter
1561 2386 1634 2430 pal-

222 2429 310 2462 lidus
343 2429 457 2462 existit
489 2434 620 2461 cometa
648 2428 825 2480 ῌίρρθιιε·
870 2430 990 2472 quodsi
1016 2436 1107 2463 totus
1133 2431 1357 2473 aequabiliter
1383 2429 1634 2474 pallidissimus,

222 2475 371 2507 barbara
391 2474 525 2517 quidem
543 2485 610 2506 non
628 2473 784 2516 minatur,
807 2475 867 2506 sed
887 2474 1001 2507 civilia
1019 2475 1148 2508 indicat
1168 2475 1265 2516 bella,
1290 2486 1356 2507 non
1370 2475 1515 2508 minores
1534 2486 1632 2518 quam

222 2524 364 2551 externa
388 2519 529 2552 allatura
550 2517 771 2551 calamitates.
797 2530 905 2562 neque
923 2519 958 2552 id
977 2520 1093 2562 solum,
1112 2520 1172 2552 sed
1190 2519 1424 2554 detrimentum
1441 2530 1506 2562 quo
1533 2530 1588 2553 ue

220 2563 303 2596 illud
326 2575 407 2596 vero
432 2563 574 2596 maxime
596 2563 794 2605 notandum,
819 2568 1003 2606 cometam,
1026 2570 1063 2597 ut
1085 2564 1207 2597 dictum
1229 2570 1293 2605 est,
1318 2564 1444 2597 diutius
1466 2564 1501 2597 in
1535 2569 1631 2597 acteo

221 2607 347 2641 circulo
377 2613 590 2652 conspectum
626 2607 694 2650 (ad
722 2608 885 2641 orientem
918 2590 1005 2641 enini
1034 2619 1200 2652 nunquam
1230 2609 1318 2642 ultra
1349 2613 1479 2655 septem
1501 2608 1631 2643 dierum

222 2653 367 2696 spatium
390 2665 428 2687 se
452 2653 583 2696 aperiet
605 2653 769 2686 eiusmodi
798 2653 913 2696 sidus)
946 2653 1104 2687 diuturna
1132 2653 1219 2687 mala
1249 2653 1462 2698 significare;
1496 2653 1550 2687 sin
1567 2664 1630 2697 per

220 2698 328 2730 breve
349 2703 480 2740 tempus
503 2699 632 2741 ardeat,
657 2698 875 2750 temporaria.

312 2743 364 2776 13.
413 2742 617 2776 Cometes
662 2742 859 2787 xiphias.
915 2742 950 2776 id
984 2743 1076 2776 sidus
1109 2742 1305 2776 attribuitur
1333 2741 1526 2782 Mercuri03
1566 2751 1628 2774 nec

221 2785 327 2820 minus
346 2798 444 2833 quam
465 2786 633 2833 superius,
655 2787 721 2822 imo
740 2787 845 2833 magis
865 2787 1008 2823 infestas
1027 2787 1230 2823 efficientias
1247 2788 1360 2823 habet.
1407 2798 1483 2823 nam
1501 2785 1531 2821 si
1547 2796 1625 2834 spe-
