1748 3210
392 184 468 228 DE
500 168 786 231 MENSIBUS
816 186 1023 230 FRAGM.
1058 186 1282 231 CASEOL.
1350 168 1352 170 “
1480 188 1574 236 115

1376 252 1385 270 1

115 293 296 351 minvs
321 294 440 339 θεούς
466 298 511 345 τῇ
539 295 667 352 θυσία
696 292 992 350 δεξιούμενοι,
1033 295 1108 340 καὶ
1135 298 1227 351 πῦρ
1257 294 1471 353 ἄσβεστον
1499 296 1580 342 αὖ-

113 367 198 407 τοῖε
225 359 505 417 ἀναφέροντες
534 360 596 415 ὥς
625 362 680 408 ὂν
708 363 854 410 αὐτοῖς
886 362 1182 420 ὁμοιότατον.”
1203 379 1207 382 ·
1237 362 1286 409 ἐκ
1314 363 1475 422 ταύτης
1502 369 1579 422 τῆς

112 428 274 486 ἡμέρας
300 429 488 482 Εὔδοξος
516 434 706 487 χειμῶνα
732 431 855 487 λέγει.

167 519 169 522 ·
228 499 293 554 Τῇ
321 496 368 541 δὲ
396 496 582 556 ἐπιούσῃ
613 498 762 556 μνήμη
786 496 941 554 Ῥέμου
969 503 1034 539 καὶ
1060 501 1281 550 Ῥωμύλου·
1327 499 1399 545 ὅτε
1426 499 1582 557 Ἀμού-

80 570 190 611 6λιος
225 566 320 615 πρὸς
362 570 599 621 Νουμίτωρα
635 570 910 622 τυραννικῶς
948 568 1206 625 διακείμενος
1245 567 1324 618 τὸν
1364 567 1443 625 μὲν
1478 569 1583 615 υἱὸν

111 632 233 673 αὐτοῦ
262 633 405 682 ἀνεῖλε,
436 633 515 691 τήν
543 634 591 678 δὲ
617 633 841 691 θυγατέρα
870 637 1085 690 ἱερατεύειν
1111 636 1348 689 προσέταξε,
1378 638 1508 693 τῆσδέ
1541 654 1581 678 τε

110 703 299 750 τεκούσης,
330 702 380 746 ὥς
403 702 596 754 λέγουσιν,
623 701 668 754 ἐξ
686 700 850 762 ’Ἀρέως
878 703 1012 748 δείσας
1041 703 1158 749 αὐτὸς
1186 708 1581 761 καταποντωθῆναι

110 770 330 823 προσέταξε
357 771 406 808 τὰ
433 768 576 826 βρέφη.
609 773 699 813 τῶν
727 770 774 814 δὲ
803 772 1050 825 δορυφόρων
1077 771 1198 826 παρὰ
1226 771 1302 824 τὰς
1330 772 1468 829 ὄχθας
1495 780 1578 818 τοῦ·

113 834 335 892 Θύβριδος
363 837 587 898 ἐπιθεμένων
615 835 752 892 αὐτοί,
793 840 965 883 λύκαινα
1001 844 1303 892 προσελθοῦσα
1331 840 1410 892 τὰς
1437 840 1580 898 θηλοὶς

54 913 100 948 10
113 901 257 950 αὐτοῖς
273 905 548 961 προσένειμε·
575 903 728 961 ποιμήν
756 905 804 949 δὲ
832 909 963 950 τοῦτο
985 906 1260 962 θεασάμενος
1283 905 1452 964 ἀνέλαβε
1474 909 1579 962 τοὺς

108 973 268 1024 παῖδας
290 972 366 1016 καὶ
388 970 445 1024 ὦς
470 973 601 1017 ἰδίους
630 972 879 1027 ἀνέθρεψεν,
911 975 956 1019 οἲ
982 974 1056 1018 καὶ
1083 976 1275 1029 κτίζουσι
1302 978 1378 1025 τήν
1397 976 1578 1036 Ῥώμην.

107 1038 271 1084 ταύτόν
294 1039 372 1085 καὶ
398 1040 520 1096 παρὰ
549 1038 750 1098 Ζωπύρῳ
780 1044 842 1099 τῷ

103 1202 121 1215 .
133 1201 518 1216 ................
530 1191 581 1227 ος
590 1174 804 1232 ἁρμονίας
814 1176 1134 1234 διειλημμένης.
1146 1203 1159 1216 .
1173 1204 1184 1216 .
1197 1203 1209 1217 .
1221 1196 1234 1217 v.
1246 1204 1485 1220 ..........
1498 1195 1577 1235 ους·

47 1254 171 1299 ε15φρ
184 1269 345 1283 .......
356 1241 499 1287 πάντα
527 1243 602 1287 καὶ
630 1249 894 1299 φρουρεῖται
907 1271 1567 1289 ...........................

105 1313 151 1350 τὸ
182 1313 413 1362 Φαέθοντος
439 1310 587 1362 πάθος
614 1311 690 1358 καὶ
715 1311 771 1355 τὰ
799 1314 859 1351 ἐπὶ
888 1315 1156 1363 Δευκαλίωνος
1184 1315 1266 1356 τοῦ
1293 1313 1445 1366 ὕδατος
1473 1316 1577 1373 δρά-

105 1395 221 1435 ματα
250 1380 353 1418 ἰδέαν
384 1380 468 1417 τινὰ
497 1379 724 1423 αἰνίττεται
751 1382 833 1422 τῶν
877 1380 938 1421 ἐπὶ
966 1383 1057 1431 τοῖς
1089 1378 1210 1432 ὅλοις
1242 1382 1476 1431 δεδογμένων
1503 1400 1575 1424 πα-

105 1452 202 1486 θῶν.
242 1450 280 1486 οὶ
307 1448 349 1486 δὲ
381 1450 559 1497 Φοίνικες
587 1446 699 1490 κατὰ
723 1450 792 1490 τὸν
821 1452 892 1498 τῆς
921 1445 1173 1504 ὁμωνυμίας
1201 1450 1354 1499 τρόπον,
1388 1455 1459 1491 εἴτε
1475 1450 1576 1496 κατά

103 1530 206 1559 τινα
233 1511 468 1563 ἀλληγορίαν
497 1511 639 1565 ἄλλως
665 1529 758 1566 πως
783 1515 886 1569 περὶ
915 1514 1100 1570 Κρόνου
1129 1516 1311 1572 ἔχουσιν,
1357 1518 1406 1564 ὠς
1434 1520 1474 1559 ἐκ
1502 1525 1575 1572 τῆς

195 1640 216 1676 1
241 1636 478 1682 δεξιουμένου
502 1637 553 1672 C:
578 1638 732 1673 correxit
754 1638 900 1672 Hasius.
1040 1639 1084 1674 13
1107 1638 1233 1685 incipit
1259 1639 1315 1674 hic
1340 1641 1461 1676 folium
1485 1643 1573 1678 alte·

194 1697 271 1720 rum
293 1683 376 1720 libri
397 1685 453 1718 De
474 1684 668 1719 mensibus:
702 1686 764 1720 sed
794 1686 888 1719 inter
922 1683 988 1719 hoc
1019 1690 1057 1719 et
1088 1686 1185 1731 prius
1209 1686 1464 1722 interciderunt
1487 1690 1574 1725 folia

195 1732 241 1766 ad
264 1731 438 1765 minimum
462 1731 549 1774 duo,
584 1736 621 1764 et
653 1732 805 1765 fortasse
838 1730 943 1764 multo
967 1731 1088 1776 plura,
1121 1732 1158 1765 in
1182 1732 1308 1777 quibus
1333 1735 1504 1778 agebatur
1528 1737 1574 1770 de

196 1778 321 1813 diebus
344 1777 446 1811 festis
468 1776 625 1822 reliquis,
650 1789 768 1811 mense
784 1777 979 1811 Novembri
1001 1777 1184 1822 institutis,
1208 1778 1304 1812 Iovis
1322 1779 1437 1824 epu10,
1461 1793 1571 1826 equo-

195 1836 271 1858 rum
294 1823 513 1870 probatione,
538 1821 738 1868 pontificum
756 1835 841 1857 cena
856 1823 893 1857 in
909 1823 1074 1857 honorem
1091 1824 1257 1867 Cybeles,
1282 1824 1506 1860 Liberalibus
1523 1828 1571 1872 ΙΙ,

194 1869 434 1913 Brumalibus,
467 1869 606 1903 inferiis
630 1869 770 1904 Plutoni
802 1869 926 1903 sactis:
959 1870 1040 1903 vide
1065 1871 1107 1905 P.
1130 1871 1173 1905 F.
1197 1871 1414 1914 Fogginium
1436 1873 1473 1905 in
1496 1874 1572 1907 Fa-

195 1921 326 1951 ctorum
350 1917 435 1949 αππὶ
458 1915 605 1949 Roman.
630 1916 804 1960 reliqniis,
830 1917 961 1949 Romae
987 1917 1096 1959 1779,
1116 1917 1184 1959 fol.
1211 1929 1247 1961 p.
1275 1917 1354 1951 114.
1402 1918 1570 1964 deinceps

195 1962 404 1996 credendum
428 1967 482 1995 est
502 1961 661 2004 Lydum,
699 1963 741 1995 ad
766 1962 994 1995 Decembrem
1019 1963 1288 1995 transferentem
1312 1974 1392 1996 sese
1416 1963 1569 1999 Saturno

159 2038 163 2042 .
194 2009 365 2051 dicatum,
388 2011 530 2052 arrepta
550 2006 632 2040 inde
656 2007 838 2040 occasione
863 2007 906 2040 de
930 2008 1074 2041 Saturni
1099 2007 1254 2051 origine,
1279 2007 1437 2053 nomine,
1462 2012 1570 2044 rebus

195 2055 327 2100 gestis,
359 2064 421 2086 suo
452 2063 548 2086 more
581 2052 756 2086 disserere
780 2052 952 2096 coepisse.
1001 2064 1042 2086 eo
1067 2060 1163 2087 certe
1188 2053 1368 2097 pertinent
1389 2054 1570 2091 literarum

196 2099 351 2144 vestigia
381 2098 418 2132 in
448 2098 566 2132 fronte
587 2098 662 2131 folii
685 2097 792 2132 laceri
816 2099 1027 2142 madoreque
1051 2104 1089 2139 et
1110 2104 1285 2133 vetustate
1309 2099 1412 2134 valde
1435 2102 1567 2138 affecti.

195 2146 354 2181 fflsms.
495 2144 538 2180 18
560 2143 673 2178 malim
694 2143 766 2178 εἴτε
788 2141 895 2179 και-οἱ.
943 2144 1040 2178 ΗΔΒ.
1179 2145 1222 2180 19
1243 2142 1381 2190 χρόνον
1405 2146 1449 2182 C.

106 2259 232 2294 habet:
254 2255 431 2293 “colentes
448 2258 516 2293 hoc
533 2257 706 2293 sacrificio
724 2256 868 2292 caelites
888 2259 1105 2302 praesentes,
1127 2259 1165 2294 et
1182 2257 1370 2293 offerentes
1388 2259 1432 2294 iis
1450 2259 1567 2305 ignem

105 2310 304 2348 aeternum,
328 2307 420 2350 quod
444 2305 501 2340 hic
525 2305 573 2339 sit
590 2305 659 2339 illis
678 2315 780 2349 quam
799 2301 1027 2339 simillimus.”
1074 2303 1156 2337 inde
1179 2305 1223 2338 ab
1246 2303 1314 2339 hoc
1337 2305 1396 2340 die
1419 2306 1567 2341 hiemem

107 2362 186 2385 esse
203 2351 371 2385 Eudoxus
392 2357 514 2386 auctor
533 2356 600 2386 est.

196 2396 374 2431 Postridie
398 2398 472 2432 eius
495 2397 567 2432 diei
589 2396 754 2431 memoria
770 2394 909 2430 Romuli
931 2399 967 2429 et
987 2394 1110 2437 Remi,
1141 2406 1217 2429 cum
1238 2395 1414 2440 Amulius,
1444 2401 1569 2440 tyran-

105 2442 184 2477 nice
207 2453 246 2476 se
266 2454 392 2488 gerens
413 2445 582 2478 adversus
602 2443 841 2483 Numitorem,
867 2441 975 2475 filium
1001 2441 1075 2475 eius
1098 2440 1293 2485 interemit,
1317 2442 1423 2476 filiam
1447 2454 1566 2477 sacer-

106 2489 223 2522 dotem
243 2500 323 2523 esse
345 2489 471 2532 iussit;
495 2501 584 2535 quae
603 2500 679 2523 cum
699 2501 742 2523 ex
759 2489 888 2533 Marte,
912 2494 951 2521 ut
969 2488 1109 2530 ferunt,
1135 2487 1351 2532 peperisset,
1374 2487 1451 2532 ipse
1473 2494 1568 2523 metu

106 2534 268 2569 inductus
292 2535 444 2570 infantes
469 2536 569 2581 aquis
590 2535 701 2579 mergi
722 2535 886 2579 imperat.
934 2544 1021 2577 quos
1045 2533 1106 2567 ubi
1127 2534 1170 2567 ad
1193 2533 1345 2567 fluminis
1371 2533 1484 2578 ripam
1508 2546 1567 2568 sa-

106 2579 235 2614 tellites
257 2587 501 2626 exposuerant,
524 2581 605 2626 lupa
627 2582 797 2615 accedens
819 2582 929 2614 ubera
946 2578 1015 2612 illis
1035 2579 1189 2612 admovit
1211 2603 1220 2612 .
1245 2584 1379 2624 pastor,
1410 2591 1450 2613 re
1477 2579 1568 2622 visa,

108 2624 249 2659 sustulit
277 2637 404 2670 pueros
433 2633 470 2662 et
499 2632 539 2661 ut
565 2639 645 2662 suos
676 2627 815 2671 eduxit,
851 2626 912 2672 qui
938 2625 1115 2671 posterius
1138 2625 1285 2660 Romam
1318 2626 1503 2663 condunt„
1531 2626 1569 2661 id

106 2672 221 2717 ipsum
243 2682 382 2716 quoque
404 2673 497 2718 apud
519 2673 709 2719 Zopyrum,
734 2673 795 2718 qui
812 2697 822 2708 .
842 2696 852 2707 .
871 2696 881 2706 .
899 2696 910 2706 .

111 2786 122 2798 .
141 2787 152 2797 .
171 2786 182 2796 .
200 2787 210 2797 .
228 2762 457 2797 Phaethontis
480 2775 580 2800 casus
603 2767 641 2799 et
667 2754 791 2799 diluvii
811 2761 1046 2798 Deucaleonei
1073 2760 1194 2796 fabula
1224 2760 1371 2805 figuram
1400 2762 1570 2807 quandam

108 2812 298 2863 ostentant·
306 2809 558 2863 calamitatum,
579 2821 668 2864 quae
685 2808 1117 2864 universo-egistimantur
1138 2806 1331 2861 imminere:
1376 2808 1570 2862 Phoenices

110 2859 245 2901 contra,
269 2866 346 2890 sive
363 2866 510 2891 nomime
529 2856 755 2892 similitudine
773 2857 869 2892 ducti
887 2867 964 2891 Sive
982 2865 1047 2900 per
1065 2853 1266 2898 allegoriam
1283 2853 1444 2901 aliquam,
1467 2854 1569 2890 aliter
