1748 3210
357 176 432 219 DE
465 172 911 218 MAGISTRATIBUS
945 174 991 219 P.
1015 173 1068 216 R.
1104 173 1205 216 LIB.
1239 172 1295 216 IL·
1473 174 1567 219 177

106 288 233 333 σιλεία
250 287 329 332 ὖπὸ
350 295 434 340 τοῖς
453 288 540 332 τότε
559 289 819 343 καλουμένοις
837 286 1008 344 κόμησιν
1025 286 1052 343 ἢ
1073 293 1332 345 στρατηγοῖς,
1365 287 1441 338 τὰς
1461 290 1505 331 δὲ
1526 290 1568 331 ἓν

105 363 166 416 τῷ
190 360 371 415 παλατίῳ
401 357 531 409 τάξεις
558 357 637 400 ὑπὸ
666 362 724 416 τῷ
742 356 986 415 πρωτεύοντι
1006 361 1087 400 τῶν
1105 355 1315 411 δυνάμεων
1337 361 1410 412 τῆς
1428 357 1568 411 αὐλῆς,

106 428 194 483 περὶ
219 421 268 469 οὗ
285 427 387 484 πρὸς
405 428 539 478 τέλος,
577 425 633 477 ὥς
649 425 902 480 ὑπεσχόμην,
949 428 1028 483 ἐρῶ
1040 459 1054 477 ,
1090 423 1135 468 ὃν
1158 428 1224 468 καὶ
1247 425 1370 469 αὐτὸν
1390 425 1568 483 ἄρχοντα

106 495 157 538 οὗ
177 493 336 552 μικρόν,
372 494 561 552 καθάπερ
585 496 680 545 τοὺς
699 496 935 550 λεγομένους
955 492 1256 552 στρατηλάτας,
1285 495 1328 537 αἱ
1346 498 1419 549 τῆς
1440 495 1567 552 ἔπαρ-

73 561 275 618 ῦχότητος
305 562 540 614 ἐλαττώσεις
561 563 818 606 ἀπετέλεσαν·
862 563 912 605 τὰ
935 563 1011 619 γὰρ
1035 567 1232 617 πολυτελῆ
1251 567 1331 606 τῶν
1352 564 1569 618 οἰκοδομη-

102 629 244 686 μάτων
259 630 539 686 καταλυόμενα
556 635 719 680 πολλοῖς
738 631 908 688 ε’παρκεῖ
917 631 1019 688 πρὸς
1038 630 1268 686 οἰκοδομήν.
1317 633 1384 674 καὶ
1405 632 1479 682 ἕως
1495 633 1569 686 μὲν

103 699 200 749 τοὺς
218 701 413 754 βασιλέας
431 701 620 750 ἐπεξιέναι
642 698 701 741 δι’
725 697 880 742 ἑαυτῶν
903 707 987 750 τοῖς
1003 700 1192 752 πολέμοις
1209 702 1459 753 συνέβαινεν,
1491 698 1572 754 εἶχέ

103 785 193 810 τινα
211 766 236 823 ἡ
257 767 362 825 ἀρχή
371 801 385 821 ,
429 771 464 810 εἴ
481 770 539 823 μὴ
561 765 783 822 τοσαύτην,
818 768 921 822 πλὴν
937 766 1037 824 ὑπὲρ
1058 766 1192 818 πάσας
1211 768 1286 818 τὰς
1304 768 1431 819 ἄλλας
1453 767 1569 822 ἰσχύν

104 853 147 878 τε
179 838 246 883 καὶ
277 835 470 892 δύναμιν·
518 835 625 888 ἐξότε
654 837 698 878 δὲ
723 834 944 886 Θεοδόσιος
969 840 1149 891 πρῶτος,
1199 840 1273 890 τῆς
1302 842 1383 878 τῶν
1417 838 1570 880 οῗκείων

49 913 94 949 Ῑθ
106 907 261 947 παίδων
279 904 486 964 ῥᾳστώνης
501 902 807 962 προνοούμενος,
826 903 936 960 νόμῳ
958 905 1030 957 [δέ]
1057 904 1131 959 τὴν
1151 903 1319 961 ἀνδρίαν
1341 906 1568 958 ἐχαλίνωσε,

103 971 289 1024 κωλύσας
311 973 368 1015 δι’
393 975 565 1024 ἐκείνους
578 973 652 1028 τὴν
669 973 870 1026 βασιλέως
887 970 1096 1027 Ῥωμαίων
1121 973 1185 1013 ἐπὶ
1205 973 1407 1027 πολέμους
1425 971 1570 1030 ὁρμήν,

62 1072 64 1075 -
101 1042 156 1088 τὸ,
180 1041 320 1083 λοιπὸν
344 1048 428 1092 τοῖς
452 1043 527 1095 μέν
553 1047 792 1098 στρατηγοῖς
818 1041 869 1083 τὰ
901 1046 981 1084 τῶν
1010 1040 1194 1094 πολέμων
1214 1044 1273 1098 τῷ
1295 1042 1339 1083 δὲ
1358 1043 1568 1100 μαγίστρῳ

102 1111 263 1151 διοικεῖν
278 1110 330 1152 τὰ
347 1114 420 1152 τοῦ
442 1111 637 1152 παλατιόυ
661 1111 793 1165 γέγονε
809 1107 951 1166 χώρα,
993 1106 1048 1159 ὥς
1068 1110 1195 1164 μηδὲν
1215 1109 1350 1166 ἕτερον
1372 1109 1474 1163 ἔχειν
1493 1109 1568 1165 τὴν

101 1175 358 1234 ἔπαρχότητα
389 1177 416 1233 ἢ
442 1176 569 1232 μόνην
595 1177 668 1232 τὴν
697 1178 759 1219 ἐπὶ
793 1184 882 1227 ταῖς
910 1177 1108 1228 δαπάναις
1134 1179 1357 1235 φροντίδα,
1395 1177 1444 1228 ἃς
1465 1178 1568 1229 εῗκός

46 1251 90 1289 15
103 1246 185 1288 ἔστι
215 1247 399 1301 γίνεσθαι
429 1246 534 1288 κατὰ
559 1248 604 1288 τὸ
628 1246 844 1302 ἀναγκαῖον
870 1248 964 1303 περί
993 1264 1035 1289 τε
1064 1246 1159 1295 τοὺς
1190 1246 1233 1295 ἐξ
1261 1245 1387 1300 αὐτῆς
1419 1245 1570 1303 ἄρχον-

98 1331 199 1366 τας,
235 1311 290 1364 ὥς
309 1313 430 1371 ἴσην,
477 1316 545 1356 καὶ
571 1316 662 1372 περὶ
692 1315 864 1365 ἐκείνους
887 1332 929 1370 γε
958 1314 1041 1371 μὴν
1072 1308 1127 1358 ὧν
1161 1314 1275 1357 αὐτοὶ
1306 1313 1444 1371 ἄρχειν
1472 1313 1567 1358 ἐτά-

92 1386 275 1438 χθησαν.
1413 1426 1415 1428 ,

242 1451 316 1496 12.
387 1454 439 1493 Ei
466 1451 513 1494 δέ
535 1469 595 1502 τις
623 1452 690 1493 καὶ
720 1450 815 1502 τοὺς
845 1452 889 1493 ἐκ
915 1455 996 1494 τῶν
1017 1449 1279 1509 προρρήσεων
1296 1449 1567 1507 στοχασμούς,

101 1516 173 1570 οῧς
189 1537 290 1568 τινες
309 1523 477 1562 καλοῦσι
489 1517 725 1577 χρησμούς,
761 1521 802 1561 ἓν
824 1519 993 1577 ἀριθμῷ
1027 1518 1156 1575 λόγων
1185 1524 1437 1576 παραλαβεῖν
1463 1519 1564 1563 ὓπο-

43 1596 90 1635 20
98 1588 225 1641 μένοι,
259 1587 385 1644 πέρας
403 1587 520 1641 ἔλαβε
543 1588 594 1630 τὰ
620 1590 817 1645 Φωντηΐῳ
839 1593 897 1645 τῷ
909 1585 1094 1645 Ῥωμαίῳ
1114 1587 1290 1645 ῥηθέντα
1313 1589 1428 1631 ποτέ·
1465 1590 1565 1630 ἐκεῖ-

98 1673 169 1706 νος
183 1656 261 1713 γὰρ
281 1658 443 1717 στίχους
462 1657 658 1706 δοθέντας
675 1656 786 1706 τινὰς
803 1658 931 1710 δῆθεν
946 1654 1139 1714 Ῥωμύλῳ
1165 1657 1260 1698 ποτὲ
1283 1659 1465 1713 πατρίοις
1489 1655 1563 1713 ῥή-

97 1741 223 1777 μασιν
244 1725 432 1781 ἀναφέρει
441 1757 454 1775 ,
489 1724 584 1775 τοὺς
605 1724 840 1782 ἀναφανδὸν
859 1725 1127 1781 προλέγοντας
1144 1723 1233 1767 τότε
1246 1722 1471 1778 Ῥωμαίους
1490 1725 1564 1781 τὴν

96 1791 222 1848 τύχην
241 1792 495 1847 ἀπολείψειν,
531 1793 629 1836 ὅταν
661 1794 776 1836 αὐτοὶ
808 1797 881 1848 τῆς
908 1796 1078 1851 πατρίου
1109 1797 1247 1850 φωνῆς
1275 1793 1565 1837 ἐπιλάθωνται.

172 1912 209 1947 ’1
232 1910 295 1946 καὶ
320 1910 371 1953 C,
406 1911 469 1946 sed
486 1912 509 1947 3
532 1911 576 1947 41
600 1907 640 1956 ἤ.
781 1910 824 1945 14
842 1905 888 1950 ἃς
905 1909 959 1954 F,
981 1906 1030 1954 ἣν
1053 1911 1097 1944 C.
1238 1910 1282 1947 19
1303 1910 1382 1957 lego
1407 1907 1467 1952 ἅς.
1515 1912 1562 1946 F.

186 1957 234 1993 20
255 1955 305 1991 τὰ
323 1956 427 2002 vulgo
447 1969 516 1992 om.
653 1958 698 1992 21
719 1956 821 1991 immo
839 1953 942 1996 τινὰς
964 1954 1161 1996 δοθέντας.

97 2057 219 2105 palatii
241 2058 436 2103 principem
461 2057 647 2091 aulicarum
670 2057 847 2102 copiarum
863 2056 1049 2102 praefecit,
1077 2057 1121 2092 de
1143 2068 1211 2102 quo
1235 2058 1280 2092 ad
1302 2060 1504 2100 extremum,
1524 2060 1564 2092 ut

96 2104 271 2150 pollicitus
295 2115 383 2147 sum,
407 2103 609 2148 explicab03
632 2114 734 2148 quem
757 2103 871 2148 ipsum
891 2103 1130 2147 magistratum
1155 2103 1246 2137 haud
1267 2114 1433 2147 parvum,
1458 2103 1564 2137 sicuti

98 2161 186 2195 quos
207 2147 461 2194 στρατηλάτας
477 2154 623 2192 vocant,
648 2150 892 2193 praefecturae
913 2148 1170 2182 imminutiones
1192 2149 1399 2183 reddidere:
1430 2149 1563 2194 quippe

97 2195 282 2239 magnifica
306 2195 467 2229 aedificia
497 2194 668 2228 dissoluta
698 2194 812 2228 multis
837 2195 880 2228 ad
901 2195 1151 2229 aedificandum
1178 2195 1368 2229 sufficiunt.
1417 2207 1458 2229 ac
1481 2196 1563 2229 dum

96 2241 326 2285 imperatores
347 2241 417 2284 ipsi
439 2240 530 2274 bella
553 2240 686 2283 obiere,
708 2240 830 2274 habuit
851 2242 1021 2284 quandam
1044 2241 1280 2284 magistratus,
1303 2240 1371 2274 etsi
1389 2252 1458 2274 non
1481 2240 1563 2274 tan-

97 2291 180 2330 tam,
205 2297 312 2331 super
334 2286 419 2320 alias
439 2291 554 2320 tamen
578 2297 696 2320 omnes
717 2286 908 2331 potentiam
931 2293 1035 2330 atque
1059 2286 1319 2321 auctoritatem:
1341 2297 1384 2319 ex
1408 2297 1476 2330 quo
1499 2297 1563 2320 au-

97 2336 168 2367 tem
191 2332 414 2366 Theodosius
434 2332 563 2376 primns
578 2358 588 2375 ‚
611 2332 759 2366 filiorum
777 2343 918 2366 suorum
935 2331 1098 2376 ignaviae
1117 2332 1334 2376 prospiciens
1348 2357 1358 2374 ,
1390 2331 1468 2375 lege
1487 2332 1563 2365 fre-

96 2389 176 2412 num
191 2377 315 2412 virtuti
332 2378 466 2422 iniecit,
490 2378 733 2422 imperatorem
745 2379 935 2412 Romanum
953 2379 990 2411 in
1011 2377 1104 2412 bella
1122 2377 1175 2411 ire
1196 2385 1261 2422 per
1279 2389 1338 2411 eos
1357 2377 1563 2421 prohibens,

96 2424 262 2469 deinceps
287 2435 377 2469 quae
400 2425 445 2458 ad
468 2424 591 2458 bellum
610 2424 806 2468 pertinent,
843 2425 966 2458 ducum
982 2451 992 2468 ‚
1016 2435 1105 2468 quae
1129 2425 1173 2457 ad
1194 2423 1380 2467 palatium,
1403 2423 1563 2466 magistri

97 2470 279 2515 provincia
306 2471 424 2511 fuere;
459 2475 498 2504 ut
521 2469 607 2503 nihil
630 2470 723 2504 aliud
743 2471 966 2515 praefectura
995 2470 1122 2503 habeat
1143 2469 1211 2503 nisi
1235 2469 1342 2502 solam
1365 2474 1563 2513 sumptuum

95 2515 440 2559 administrationem,
461 2527 549 2561 quos
567 2516 790 2561 perspicuum
814 2522 868 2550 est
889 2515 968 2549 fieri
991 2515 1027 2548 in
1048 2515 1171 2549 obvias
1190 2514 1431 2557 necessitates,
1455 2514 1570 2558 inque»

95 2560 317 2605 magistratus
338 2573 383 2596 ex
404 2561 476 2607 illa,
498 2567 538 2596 ut
557 2562 647 2606 dixi,
674 2567 790 2606 ortos,
814 2573 928 2606 neque
946 2561 1057 2595 minus
1074 2561 1112 2595 in
1132 2572 1192 2595 eos
1211 2560 1338 2605 quibus
1360 2560 1432 2604 ipsi
1454 2571 1560 2605 prae-

121 2606 204 2640 ositi
224 2612 319 2641 sunt.

94 2619 118 2653 p
189 2653 244 2687 12.
293 2652 430 2694 Quodsi
458 2653 535 2699 quis
562 2658 599 2688 et
624 2653 842 2688 coniecturas
868 2665 888 2687 e
914 2652 1234 2698 praedictionibus,
1267 2662 1358 2696 quae
1379 2650 1520 2685 oracula
1543 2661 1564 2686 a

97 2697 270 2732 nonnullis
287 2705 478 2739 vocant-ur,
501 2700 674 2734 rationum
691 2699 729 2733 in
747 2711 888 2733 numero
911 2700 1041 2732 habere
1065 2711 1134 2732 non
1154 2704 1314 2741 recuset,
1347 2697 1476 2731 exitum
1499 2697 1563 2731 ha-

95 2745 205 2779 buere
229 2756 250 2778 a
274 2744 425 2779 Fonteio
446 2745 602 2780 Romano
624 2747 796 2791 quondam
819 2745 926 2780 dicta.
951 2744 1009 2779 ille
1033 2747 1124 2779 enim
1146 2755 1270 2778 versus
1294 2744 1461 2788 quosdam
1484 2742 1563 2778 olim

96 2789 234 2824 scilicet
262 2790 409 2824 Romulo
441 2791 541 2825 datos
571 2792 688 2836 patrio
721 2803 882 2826 sermone
911 2792 1041 2834 refert,
1080 2802 1100 2824 a
1127 2796 1202 2824 erte
1225 2790 1468 2835 praedicentes
1491 2795 1564 2822 tum

96 2836 271 2871 Romanos
290 2838 464 2871 fortunam
482 2837 738 2883 derelicturam,
760 2849 838 2873 cum
858 2836 928 2883 ipsi
950 2837 1088 2882 patriae
1101 2803 1248 2882 linguae
1273 2835 1373 2869 obliti
1394 2835 1565 2876 {uissent3

153 2889 300 2925 loannes
328 2889 458 2934 hydas.
1234 2885 1288 2925 12
