<?xml version="1.0" encoding="UTF-8"?>
<!DOCTYPE html PUBLIC "-//W3C//DTD XHTML 1.0 Transitional//EN"
    "http://www.w3.org/TR/xhtml1/DTD/xhtml1-transitional.dtd">
<html xmlns="http://www.w3.org/1999/xhtml" xml:lang="en" lang="en">
 <head>
  <title>
</title>
<meta http-equiv="Content-Type" content="text/html;charset=utf-8" />
  <meta name='ocr-system' content='tesseract 3.04.00' />
  <meta name='ocr-capabilities' content='ocr_page ocr_carea ocr_par ocr_line ocrx_word'/>
</head>
<body>
  <div class='ocr_page' id='page_1' title='image "./corpusscriptorum27niebuoft/corpusscriptorum27niebuoft_0245.png"; bbox 0 0 1748 3210; ppageno 0'>
   <div class='ocr_carea' id='block_1_1' title="bbox 343 151 1549 198">
    <p class='ocr_par' dir='ltr' id='par_1_1' title="bbox 343 151 1549 198">
     <span class='ocr_line' id='line_1_1' title="bbox 343 151 1549 198; baseline 0 0"><span class='ocrx_word' id='word_1_1' title='bbox 343 155 419 198; x_wconf 91' lang='lat' dir='ltr'><strong>DE</strong></span> <span class='ocrx_word' id='word_1_2' title='bbox 448 151 900 198; x_wconf 76' lang='lat' dir='ltr'>MAGISTRATIBUS</span> <span class='ocrx_word' id='word_1_3' title='bbox 933 152 980 196; x_wconf 86' lang='grc' dir='ltr'><strong>Ρ.</strong></span> <span class='ocrx_word' id='word_1_4' title='bbox 1011 152 1066 196; x_wconf 88' lang='lat' dir='ltr'><strong>R.</strong></span> <span class='ocrx_word' id='word_1_5' title='bbox 1099 151 1204 195; x_wconf 90' lang='lat' dir='ltr'>LIB.</span> <span class='ocrx_word' id='word_1_6' title='bbox 1237 151 1293 196; x_wconf 85' lang='lat'><strong>11.</strong></span> <span class='ocrx_word' id='word_1_7' title='bbox 1457 152 1549 198; x_wconf 88' lang='lat'><strong>175</strong></span> 
     </span>
    </p>
   </div>
   <div class='ocr_carea' id='block_1_2' title="bbox 33 261 1554 1768">
    <p class='ocr_par' dir='ltr' id='par_1_2' title="bbox 33 261 1554 1768">
     <span class='ocr_line' id='line_1_2' title="bbox 93 261 1552 328; baseline -0.005 -14"><span class='ocrx_word' id='word_1_8' title='bbox 93 271 228 328; x_wconf 66' lang='grc' dir='ltr'><em>τιμίας</em></span> <span class='ocrx_word' id='word_1_9' title='bbox 243 268 443 321; x_wconf 69' lang='grc' dir='ltr'><em>ἀξιωθείς.</em></span> <span class='ocrx_word' id='word_1_10' title='bbox 511 270 628 327; x_wconf 76' lang='grc' dir='ltr'><em>ξίφος</em></span> <span class='ocrx_word' id='word_1_11' title='bbox 650 269 693 311; x_wconf 75' lang='grc' dir='ltr'><strong>δὲ</strong></span> <span class='ocrx_word' id='word_1_12' title='bbox 713 267 901 320; x_wconf 72' lang='grc' dir='ltr'><em>ἕζιόννυτο</em></span> <span class='ocrx_word' id='word_1_13' title='bbox 923 267 1116 311; x_wconf 74' lang='grc' dir='ltr'><em>ἀνέκαθεν</em></span> <span class='ocrx_word' id='word_1_14' title='bbox 1133 264 1155 308; x_wconf 82' lang='grc' dir='ltr'><strong>ὃ</strong></span> <span class='ocrx_word' id='word_1_15' title='bbox 1174 264 1368 322; x_wconf 70' lang='grc' dir='ltr'><em>ὕπαρχος,</em></span> <span class='ocrx_word' id='word_1_16' title='bbox 1395 261 1463 306; x_wconf 73' lang='grc' dir='ltr'><strong>οἷα</strong></span> <span class='ocrx_word' id='word_1_17' title='bbox 1484 266 1552 307; x_wconf 82' lang='grc' dir='ltr'><em>καὶ</em></span> 
     </span>
     <span class='ocr_line' id='line_1_3' title="bbox 92 333 1552 394; baseline -0.007 -10"><span class='ocrx_word' id='word_1_18' title='bbox 92 345 173 392; x_wconf 74' lang='grc' dir='ltr'><strong>τῶν</strong></span> <span class='ocrx_word' id='word_1_19' title='bbox 193 338 325 382; x_wconf 71' lang='grc' dir='ltr'><em>ὅπλων</em></span> <span class='ocrx_word' id='word_1_20' title='bbox 347 338 448 394; x_wconf 70' lang='grc' dir='ltr'><em>ἔχων</em></span> <span class='ocrx_word' id='word_1_21' title='bbox 468 339 541 393; x_wconf 82' lang='grc' dir='ltr'><strong>τὴν</strong></span> <span class='ocrx_word' id='word_1_22' title='bbox 566 338 757 392; x_wconf 83' lang='grc' dir='ltr'><em>δύναμιν·</em></span> <span class='ocrx_word' id='word_1_23' title='bbox 792 339 859 380; x_wconf 81' lang='grc' dir='ltr'><em>καὶ</em></span> <span class='ocrx_word' id='word_1_24' title='bbox 889 342 1007 381; x_wconf 73' lang='grc' dir='ltr'><em>τοῦτο</em></span> <span class='ocrx_word' id='word_1_25' title='bbox 1041 336 1210 378; x_wconf 82' lang='grc' dir='ltr'><em>δυνατὸν</em></span> <span class='ocrx_word' id='word_1_26' title='bbox 1237 335 1378 384; x_wconf 78' lang='grc' dir='ltr'><em>αὐταῖς</em></span> <span class='ocrx_word' id='word_1_27' title='bbox 1407 333 1552 387; x_wconf 74' lang='grc' dir='ltr'><em>ὄψεσιν</em></span> 
     </span>
     <span class='ocr_line' id='line_1_4' title="bbox 92 404 1551 465; baseline -0.006 -14"><span class='ocrx_word' id='word_1_28' title='bbox 92 410 248 461; x_wconf 58' lang='lat' dir='ltr'><strong>hri-*tofi</strong></span> <span class='ocrx_word' id='word_1_29' title='bbox 267 406 467 465; x_wconf 73' lang='grc' dir='ltr'><em>παρόντος</em></span> <span class='ocrx_word' id='word_1_30' title='bbox 488 405 636 465; x_wconf 80' lang='grc' dir='ltr'><em>εὗρεῖν,</em></span> <span class='ocrx_word' id='word_1_31' title='bbox 674 407 748 462; x_wconf 75' lang='grc' dir='ltr'><em>εἴγε</em></span> <span class='ocrx_word' id='word_1_32' title='bbox 779 424 840 456; x_wconf 89' lang='grc' dir='ltr'><strong>τις</strong></span> <span class='ocrx_word' id='word_1_33' title='bbox 865 405 1107 463; x_wconf 78' lang='grc' dir='ltr'><em>φιλάρχαιος</em></span> <span class='ocrx_word' id='word_1_34' title='bbox 1126 404 1182 447; x_wconf 79' lang='grc' dir='ltr'><strong>ὢν</strong></span> <span class='ocrx_word' id='word_1_35' title='bbox 1205 406 1266 447; x_wconf 71' lang='grc' dir='ltr'><em>ε’πὶ</em></span> <span class='ocrx_word' id='word_1_36' title='bbox 1289 404 1361 458; x_wconf 79' lang='grc' dir='ltr'><strong>τὴν</strong></span> <span class='ocrx_word' id='word_1_37' title='bbox 1380 404 1551 457; x_wconf 83' lang='grc' dir='ltr'><em>Καλχη-</em></span> 
     </span>
     <span class='ocr_line' id='line_1_5' title="bbox 92 469 1554 534; baseline -0.004 -14"><span class='ocrx_word' id='word_1_38' title='bbox 92 475 192 523; x_wconf 67' lang='grc' dir='ltr'><em>δόνα</em></span> <span class='ocrx_word' id='word_1_39' title='bbox 217 478 461 534; x_wconf 74' lang='grc' dir='ltr'><em>περαιωθεὶς</em></span> <span class='ocrx_word' id='word_1_40' title='bbox 491 476 565 531; x_wconf 76' lang='grc' dir='ltr'><strong>τὴν</strong></span> <span class='ocrx_word' id='word_1_41' title='bbox 593 477 796 521; x_wconf 84' lang='grc' dir='ltr'><em>Φιλίππου</em></span> <span class='ocrx_word' id='word_1_42' title='bbox 826 479 898 517; x_wconf 77' lang='grc' dir='ltr'><strong>τοῦ</strong></span> <span class='ocrx_word' id='word_1_43' title='bbox 929 472 1113 531; x_wconf 71' lang='grc' dir='ltr'><em>ὑπάρχου</em></span> <span class='ocrx_word' id='word_1_44' title='bbox 1144 471 1276 516; x_wconf 72' lang='grc' dir='ltr'><em>εἰκόνα</em></span> <span class='ocrx_word' id='word_1_45' title='bbox 1304 469 1554 526; x_wconf 72' lang='grc' dir='ltr'><em>καταμάθοι.</em></span> 
     </span>
     <span class='ocr_line' id='line_1_6' title="bbox 57 535 1554 601; baseline -0.007 -11"><span class='ocrx_word' id='word_1_46' title='bbox 57 546 206 600; x_wconf 58' lang='grc' dir='ltr'><em>Εσὺιην</em></span> <span class='ocrx_word' id='word_1_47' title='bbox 235 546 279 587; x_wconf 83' lang='grc' dir='ltr'><strong>δὲ</strong></span> <span class='ocrx_word' id='word_1_48' title='bbox 304 545 350 588; x_wconf 83' lang='grc' dir='ltr'><strong>τὸ</strong></span> <span class='ocrx_word' id='word_1_49' title='bbox 380 543 598 596; x_wconf 76' lang='grc' dir='ltr'><em>ὖποζώνιον</em></span> <span class='ocrx_word' id='word_1_50' title='bbox 629 545 745 601; x_wconf 81' lang='grc' dir='ltr'><em>ξίφος</em></span> <span class='ocrx_word' id='word_1_51' title='bbox 760 541 949 596; x_wconf 80' lang='grc' dir='ltr'><em>Ῥωμαῖοι</em></span> <span class='ocrx_word' id='word_1_52' title='bbox 972 547 1182 594; x_wconf 82' lang='grc' dir='ltr'><em>καλοῦσιν,</em></span> <span class='ocrx_word' id='word_1_53' title='bbox 1217 543 1259 592; x_wconf 73' lang='grc' dir='ltr'><strong>ἐξ</strong></span> <span class='ocrx_word' id='word_1_54' title='bbox 1280 535 1329 584; x_wconf 71' lang='grc' dir='ltr'><em>οὗ</em></span> <span class='ocrx_word' id='word_1_55' title='bbox 1350 541 1554 598; x_wconf 83' lang='grc' dir='ltr'><strong><em>σικαρίους</em></strong></span> 
     </span>
     <span class='ocr_line' id='line_1_7' title="bbox 88 611 1550 671; baseline -0.005 -13"><span class='ocrx_word' id='word_1_56' title='bbox 88 615 185 664; x_wconf 70' lang='grc' dir='ltr'><em>’τοὺς</em></span> <span class='ocrx_word' id='word_1_57' title='bbox 201 614 444 671; x_wconf 77' lang='grc' dir='ltr'><em>κρεουργοὺς</em></span> <span class='ocrx_word' id='word_1_58' title='bbox 459 615 528 656; x_wconf 83' lang='grc' dir='ltr'><em>καὶ</em></span> <span class='ocrx_word' id='word_1_59' title='bbox 546 611 779 666; x_wconf 78' lang='grc' dir='ltr'><em>σικάτατὴν</em></span> <span class='ocrx_word' id='word_1_60' title='bbox 796 613 840 654; x_wconf 74' lang='grc' dir='ltr'><strong>ἐκ</strong></span> <span class='ocrx_word' id='word_1_61' title='bbox 859 616 1022 669; x_wconf 79' lang='grc' dir='ltr'><em>σαρκῶν</em></span> <span class='ocrx_word' id='word_1_62' title='bbox 1040 613 1096 662; x_wconf 76' lang='grc' dir='ltr'><em>εἷς</em></span> <span class='ocrx_word' id='word_1_63' title='bbox 1113 611 1237 654; x_wconf 80' lang='grc' dir='ltr'><em>λεπτὰ</em></span> <span class='ocrx_word' id='word_1_64' title='bbox 1258 616 1550 653; x_wconf 83' lang='grc' dir='ltr'><em>κατακοπεῖσαν</em></span> 
     </span>
     <span class='ocr_line' id='line_1_8' title="bbox 86 681 1519 737; baseline -0.001 -13"><span class='ocrx_word' id='word_1_65' title='bbox 86 681 256 737; x_wconf 60' lang='grc' dir='ltr'><em>ἐδωδήν.</em></span> <span class='ocrx_word' id='word_1_66' title='bbox 1518 719 1519 722; x_wconf 75' lang='grc'><em>,</em></span> 
     </span>
     <span class='ocr_line' id='line_1_9' title="bbox 230 746 1549 806; baseline -0.004 -13"><span class='ocrx_word' id='word_1_67' title='bbox 230 750 307 796; x_wconf 90' lang='grc'><strong>10.</strong></span> <span class='ocrx_word' id='word_1_68' title='bbox 365 749 476 793; x_wconf 75' lang='grc' dir='ltr'><strong>Ἀλλ’</strong></span> <span class='ocrx_word' id='word_1_69' title='bbox 509 748 638 806; x_wconf 75' lang='grc' dir='ltr'><em>ἀρχὴν</em></span> <span class='ocrx_word' id='word_1_70' title='bbox 669 746 747 790; x_wconf 87' lang='grc' dir='ltr'><em>ὅσα</em></span> <span class='ocrx_word' id='word_1_71' title='bbox 776 748 973 803; x_wconf 75' lang='grc' dir='ltr'><em>λέλογχεν,</em></span> <span class='ocrx_word' id='word_1_72' title='bbox 1008 746 1085 802; x_wconf 70' lang='grc' dir='ltr'><em>ἔχει</em></span> <span class='ocrx_word' id='word_1_73' title='bbox 1106 749 1239 799; x_wconf 82' lang='grc' dir='ltr'><em>τέλος,</em></span> <span class='ocrx_word' id='word_1_74' title='bbox 1269 748 1316 790; x_wconf 86' lang='grc' dir='ltr'><strong>τὸ</strong></span> <span class='ocrx_word' id='word_1_75' title='bbox 1343 746 1549 801; x_wconf 84' lang='grc' dir='ltr'><em>ποιητικὸν</em></span> 
     </span>
     <span class='ocr_line' id='line_1_10' title="bbox 90 814 1549 875; baseline -0.004 -12"><span class='ocrx_word' id='word_1_76' title='bbox 90 821 224 863; x_wconf 66' lang='grc' dir='ltr'><em>εἰπεῖν.</em></span> <span class='ocrx_word' id='word_1_77' title='bbox 253 820 558 865; x_wconf 79' lang='grc' dir='ltr'><em>Κωνσταντίνου</em></span> <span class='ocrx_word' id='word_1_78' title='bbox 578 818 656 875; x_wconf 82' lang='grc' dir='ltr'><em>γὰρ</em></span> <span class='ocrx_word' id='word_1_79' title='bbox 675 817 776 871; x_wconf 82' lang='grc' dir='ltr'><em>μετὰ</em></span> <span class='ocrx_word' id='word_1_80' title='bbox 795 821 868 871; x_wconf 84' lang='grc' dir='ltr'><strong>τῆς</strong></span> <span class='ocrx_word' id='word_1_81' title='bbox 878 816 1000 871; x_wconf 82' lang='grc' dir='ltr'><em>τύχης</em></span> <span class='ocrx_word' id='word_1_82' title='bbox 1012 817 1084 870; x_wconf 82' lang='grc' dir='ltr'><strong>τὴν</strong></span> <span class='ocrx_word' id='word_1_83' title='bbox 1099 815 1256 871; x_wconf 84' lang='grc' dir='ltr'><em>Ῥώμην</em></span> <span class='ocrx_word' id='word_1_84' title='bbox 1270 814 1549 866; x_wconf 74' lang='grc' dir='ltr'><em>ἀπολιπόντος,</em></span> 
     </span>
     <span class='ocr_line' id='line_1_11' title="bbox 37 882 1550 942; baseline -0.006 -8"><span class='ocrx_word' id='word_1_85' title='bbox 37 891 159 936; x_wconf 72' lang='lat' dir='ltr'><strong>lomi</strong></span> <span class='ocrx_word' id='word_1_86' title='bbox 186 892 267 932; x_wconf 77' lang='grc' dir='ltr'><strong>τῶν</strong></span> <span class='ocrx_word' id='word_1_87' title='bbox 298 886 527 942; x_wconf 75' lang='grc' dir='ltr'><em>δυνάμεων,</em></span> <span class='ocrx_word' id='word_1_88' title='bbox 563 886 655 928; x_wconf 83' lang='grc' dir='ltr'><strong><em>ὅσαι</em></strong></span> <span class='ocrx_word' id='word_1_89' title='bbox 686 886 756 927; x_wconf 81' lang='grc' dir='ltr'><strong>τὸν</strong></span> <span class='ocrx_word' id='word_1_90' title='bbox 776 885 934 942; x_wconf 83' lang='grc' dir='ltr'><em>Ἴστρον</em></span> <span class='ocrx_word' id='word_1_91' title='bbox 967 883 1215 941; x_wconf 71' lang='grc' dir='ltr'><em>ἐφρούρουν,</em></span> <span class='ocrx_word' id='word_1_92' title='bbox 1251 887 1315 926; x_wconf 76' lang='grc' dir='ltr'><strong>ἐπὶ</strong></span> <span class='ocrx_word' id='word_1_93' title='bbox 1343 885 1415 938; x_wconf 74' lang='grc' dir='ltr'><strong>τὴν</strong></span> <span class='ocrx_word' id='word_1_94' title='bbox 1438 882 1550 926; x_wconf 82' lang='grc' dir='ltr'><em>κάτω</em></span> 
     </span>
     <span class='ocr_line' id='line_1_12' title="bbox 82 954 1553 1014; baseline -0.005 -13"><span class='ocrx_word' id='word_1_95' title='bbox 82 957 221 1001; x_wconf 80' lang='grc' dir='ltr'><em>Ἀσίαν</em></span> <span class='ocrx_word' id='word_1_96' title='bbox 245 954 378 1014; x_wconf 76' lang='grc' dir='ltr'><strong>ψήφῳ</strong></span> <span class='ocrx_word' id='word_1_97' title='bbox 397 960 469 998; x_wconf 78' lang='grc' dir='ltr'><strong>τοῦ</strong></span> <span class='ocrx_word' id='word_1_98' title='bbox 490 955 687 1008; x_wconf 78' lang='grc' dir='ltr'><em>βασιλέως</em></span> <span class='ocrx_word' id='word_1_99' title='bbox 707 956 1024 1010; x_wconf 74' lang='grc' dir='ltr'><em>διασπαρεισῶν,</em></span> <span class='ocrx_word' id='word_1_100' title='bbox 1063 954 1246 995; x_wconf 73' lang='grc' dir='ltr'><em>Σκυθίαν</em></span> <span class='ocrx_word' id='word_1_101' title='bbox 1266 954 1340 1007; x_wconf 79' lang='grc' dir='ltr'><strong>μὲν</strong></span> <span class='ocrx_word' id='word_1_102' title='bbox 1359 954 1425 994; x_wconf 81' lang='grc' dir='ltr'><em>καὶ</em></span> <span class='ocrx_word' id='word_1_103' title='bbox 1448 954 1553 994; x_wconf 86' lang='lat' dir='ltr'><strong>Mv-</strong></span> 
     </span>
     <span class='ocr_line' id='line_1_13' title="bbox 90 1019 1551 1080; baseline -0.004 -12"><span class='ocrx_word' id='word_1_104' title='bbox 90 1027 182 1068; x_wconf 79' lang='grc' dir='ltr'><em>σίαν</em></span> <span class='ocrx_word' id='word_1_105' title='bbox 201 1027 267 1068; x_wconf 81' lang='grc' dir='ltr'><em>καὶ</em></span> <span class='ocrx_word' id='word_1_106' title='bbox 287 1026 383 1075; x_wconf 79' lang='grc' dir='ltr'><em>τοὺς</em></span> <span class='ocrx_word' id='word_1_107' title='bbox 405 1025 447 1074; x_wconf 74' lang='grc' dir='ltr'><strong>ἐξ</strong></span> <span class='ocrx_word' id='word_1_108' title='bbox 465 1025 619 1066; x_wconf 70' lang='grc' dir='ltr'><em>ἐκείνων</em></span> <span class='ocrx_word' id='word_1_109' title='bbox 639 1022 792 1080; x_wconf 76' lang='grc' dir='ltr'><em>φόρους</em></span> <span class='ocrx_word' id='word_1_110' title='bbox 811 1021 1018 1077; x_wconf 72' lang='grc' dir='ltr'><strong>ἐζημιώθη</strong></span> <span class='ocrx_word' id='word_1_111' title='bbox 1039 1022 1084 1064; x_wconf 80' lang='grc' dir='ltr'><strong>τὸ</strong></span> <span class='ocrx_word' id='word_1_112' title='bbox 1109 1021 1316 1076; x_wconf 87' lang='grc' dir='ltr'><em>δημόσιον,</em></span> <span class='ocrx_word' id='word_1_113' title='bbox 1351 1026 1430 1063; x_wconf 83' lang='grc' dir='ltr'><strong>τῶν</strong></span> <span class='ocrx_word' id='word_1_114' title='bbox 1450 1019 1551 1076; x_wconf 66' lang='grc' dir='ltr'><em>ὑπὲρ</em></span> 
     </span>
     <span class='ocr_line' id='line_1_14' title="bbox 77 1084 1551 1151; baseline -0.005 -14"><span class='ocrx_word' id='word_1_115' title='bbox 77 1084 238 1151; x_wconf 76' lang='grc' dir='ltr'><em>Ἴστρον</em></span> <span class='ocrx_word' id='word_1_116' title='bbox 260 1091 486 1150; x_wconf 79' lang='grc' dir='ltr'><em>βαρβάρων</em></span> <span class='ocrx_word' id='word_1_117' title='bbox 515 1092 687 1147; x_wconf 86' lang='grc' dir='ltr'><em>μηδενὸς</em></span> <span class='ocrx_word' id='word_1_118' title='bbox 708 1092 1004 1145; x_wconf 71' lang='grc' dir='ltr'><em>ἅνθισταμένου</em></span> <span class='ocrx_word' id='word_1_119' title='bbox 1027 1089 1351 1147; x_wconf 79' lang='grc' dir='ltr'><em>κατατρεχόντων</em></span> <span class='ocrx_word' id='word_1_120' title='bbox 1371 1090 1444 1143; x_wconf 77' lang='grc' dir='ltr'><strong>τὴν</strong></span> <span class='ocrx_word' id='word_1_121' title='bbox 1466 1089 1551 1131; x_wconf 83' lang='grc' dir='ltr'><strong><em>Εὖ·-</em></strong></span> 
     </span>
     <span class='ocr_line' id='line_1_15' title="bbox 89 1158 1550 1221; baseline -0.004 -16"><span class='ocrx_word' id='word_1_122' title='bbox 89 1162 228 1221; x_wconf 81' lang='grc' dir='ltr'><em>ρώπην</em></span> <span class='ocrx_word' id='word_1_123' title='bbox 238 1194 252 1213; x_wconf 92' lang='grc'><strong>,</strong></span> <span class='ocrx_word' id='word_1_124' title='bbox 298 1166 379 1204; x_wconf 79' lang='grc' dir='ltr'><strong>τῶν</strong></span> <span class='ocrx_word' id='word_1_125' title='bbox 410 1162 453 1203; x_wconf 76' lang='grc' dir='ltr'><strong>δέ·</strong></span> <span class='ocrx_word' id='word_1_126' title='bbox 482 1162 584 1217; x_wconf 82' lang='grc' dir='ltr'><em>πρὸς</em></span> <span class='ocrx_word' id='word_1_127' title='bbox 603 1161 676 1214; x_wconf 84' lang='grc' dir='ltr'><strong>τὴν</strong></span> <span class='ocrx_word' id='word_1_128' title='bbox 699 1161 750 1202; x_wconf 68' lang='grc' dir='ltr'><strong>ἕω</strong></span> <span class='ocrx_word' id='word_1_129' title='bbox 768 1161 879 1217; x_wconf 85' lang='grc' dir='ltr'><em>παρὰ</em></span> <span class='ocrx_word' id='word_1_130' title='bbox 901 1161 947 1202; x_wconf 85' lang='grc' dir='ltr'><strong>τὸ</strong></span> <span class='ocrx_word' id='word_1_131' title='bbox 968 1158 1092 1201; x_wconf 84' lang='grc' dir='ltr'><em>πάλαι</em></span> <span class='ocrx_word' id='word_1_132' title='bbox 1113 1162 1285 1213; x_wconf 87' lang='grc' dir='ltr'><em>δασμοῖς</em></span> <span class='ocrx_word' id='word_1_133' title='bbox 1306 1159 1353 1201; x_wconf 80' lang='grc' dir='ltr'><em>οὗ</em></span> <span class='ocrx_word' id='word_1_134' title='bbox 1373 1160 1550 1214; x_wconf 85' lang='grc' dir='ltr'><em>μετρίοις</em></span> 
     </span>
     <span class='ocr_line' id='line_1_16' title="bbox 34 1227 1552 1289; baseline -0.004 -16"><span class='ocrx_word' id='word_1_135' title='bbox 34 1236 79 1273; x_wconf 83' lang='grc'><strong>15</strong></span> <span class='ocrx_word' id='word_1_136' title='bbox 88 1231 376 1289; x_wconf 77' lang='grc' dir='ltr'><em>βαρυνθέντων</em></span> <span class='ocrx_word' id='word_1_137' title='bbox 408 1228 558 1285; x_wconf 73' lang='grc' dir='ltr'><em>ἀνάγκη</em></span> <span class='ocrx_word' id='word_1_138' title='bbox 589 1230 721 1284; x_wconf 85' lang='grc' dir='ltr'><em>γε’γονε</em></span> <span class='ocrx_word' id='word_1_139' title='bbox 751 1228 821 1271; x_wconf 84' lang='grc' dir='ltr'><strong>τὸν</strong></span> <span class='ocrx_word' id='word_1_140' title='bbox 848 1228 1031 1285; x_wconf 78' lang='grc' dir='ltr'><em>ὕπαρχον</em></span> <span class='ocrx_word' id='word_1_141' title='bbox 1059 1229 1200 1283; x_wconf 79' lang='grc' dir='ltr'><em>μηκέτι</em></span> <span class='ocrx_word' id='word_1_142' title='bbox 1233 1229 1306 1282; x_wconf 79' lang='grc' dir='ltr'><strong>μὲν</strong></span> <span class='ocrx_word' id='word_1_143' title='bbox 1329 1232 1401 1281; x_wconf 77' lang='grc' dir='ltr'><strong>τῆς</strong></span> <span class='ocrx_word' id='word_1_144' title='bbox 1426 1227 1552 1280; x_wconf 74' lang='grc' dir='ltr'><em>αὐλῆς</em></span> 
     </span>
     <span class='ocr_line' id='line_1_17' title="bbox 89 1295 1551 1354; baseline -0.005 -11"><span class='ocrx_word' id='word_1_145' title='bbox 89 1301 157 1343; x_wconf 80' lang='grc' dir='ltr'><em>καὶ</em></span> <span class='ocrx_word' id='word_1_146' title='bbox 173 1303 253 1342; x_wconf 84' lang='grc' dir='ltr'><strong>τῶν</strong></span> <span class='ocrx_word' id='word_1_147' title='bbox 272 1301 314 1340; x_wconf 73' lang='grc' dir='ltr'><strong>ἐν</strong></span> <span class='ocrx_word' id='word_1_148' title='bbox 336 1297 473 1347; x_wconf 83' lang='grc' dir='ltr'><em>ὅπλοις</em></span> <span class='ocrx_word' id='word_1_149' title='bbox 494 1298 630 1354; x_wconf 80' lang='grc' dir='ltr'><em>ἄρχειν</em></span> <span class='ocrx_word' id='word_1_150' title='bbox 653 1295 882 1350; x_wconf 73' lang='grc' dir='ltr'><em>δυνάμεων,</em></span> <span class='ocrx_word' id='word_1_151' title='bbox 920 1302 991 1351; x_wconf 75' lang='grc' dir='ltr'><strong>τῆς</strong></span> <span class='ocrx_word' id='word_1_152' title='bbox 1018 1297 1092 1350; x_wconf 74' lang='grc' dir='ltr'><strong>μὲν</strong></span> <span class='ocrx_word' id='word_1_153' title='bbox 1120 1301 1178 1354; x_wconf 76' lang='grc' dir='ltr'><strong>τῷ</strong></span> <span class='ocrx_word' id='word_1_154' title='bbox 1206 1297 1403 1352; x_wconf 78' lang='grc' dir='ltr'><em>λεγομένῳ</em></span> <span class='ocrx_word' id='word_1_155' title='bbox 1428 1297 1551 1349; x_wconf 85' lang='grc' dir='ltr'><em>μαγί-</em></span> 
     </span>
     <span class='ocr_line' id='line_1_18' title="bbox 89 1365 1551 1425; baseline -0.003 -15"><span class='ocrx_word' id='word_1_156' title='bbox 89 1384 199 1425; x_wconf 82' lang='grc' dir='ltr'><em>στρῳ</em></span> <span class='ocrx_word' id='word_1_157' title='bbox 218 1368 544 1424; x_wconf 70' lang='grc' dir='ltr'><em>παραδοθείσης,</em></span> <span class='ocrx_word' id='word_1_158' title='bbox 587 1370 667 1408; x_wconf 79' lang='grc' dir='ltr'><strong>τῶν</strong></span> <span class='ocrx_word' id='word_1_159' title='bbox 694 1367 739 1407; x_wconf 81' lang='grc' dir='ltr'><strong>δὲ</strong></span> <span class='ocrx_word' id='word_1_160' title='bbox 766 1373 850 1415; x_wconf 80' lang='grc' dir='ltr'><em>τοῖς</em></span> <span class='ocrx_word' id='word_1_161' title='bbox 881 1365 973 1422; x_wconf 78' lang='grc' dir='ltr'><em>ἄρτι</em></span> <span class='ocrx_word' id='word_1_162' title='bbox 999 1370 1290 1407; x_wconf 72' lang='grc' dir='ltr'><em>κατασταθεῖσι</em></span> <span class='ocrx_word' id='word_1_163' title='bbox 1312 1371 1551 1419; x_wconf 79' lang='grc' dir='ltr'><em>στρατηγοῖς</em></span> 
     </span>
     <span class='ocr_line' id='line_1_19' title="bbox 88 1431 1550 1494; baseline -0.003 -15"><span class='ocrx_word' id='word_1_164' title='bbox 88 1438 346 1487; x_wconf 72' lang='grc' dir='ltr'><em>ἐκτεθεισῶν,</em></span> <span class='ocrx_word' id='word_1_165' title='bbox 392 1436 465 1490; x_wconf 84' lang='grc' dir='ltr'><strong>τὴν</strong></span> <span class='ocrx_word' id='word_1_166' title='bbox 487 1436 532 1477; x_wconf 81' lang='grc' dir='ltr'><strong>δὲ</strong></span> <span class='ocrx_word' id='word_1_167' title='bbox 554 1435 752 1489; x_wconf 76' lang='grc' dir='ltr'><em>ἀνατολὴν</em></span> <span class='ocrx_word' id='word_1_168' title='bbox 772 1435 874 1490; x_wconf 86' lang='grc' dir='ltr'><em>πρὸς</em></span> <span class='ocrx_word' id='word_1_169' title='bbox 891 1440 941 1490; x_wconf 79' lang='grc' dir='ltr'><strong>τῇ</strong></span> <span class='ocrx_word' id='word_1_170' title='bbox 961 1432 1070 1476; x_wconf 81' lang='grc' dir='ltr'><em>κάτω</em></span> <span class='ocrx_word' id='word_1_171' title='bbox 1084 1434 1220 1494; x_wconf 51' lang='grc' dir='ltr'><em>Ἀσιίιι,</em></span> <span class='ocrx_word' id='word_1_172' title='bbox 1264 1435 1331 1475; x_wconf 82' lang='grc' dir='ltr'><em>καὶ</em></span> <span class='ocrx_word' id='word_1_173' title='bbox 1351 1433 1428 1475; x_wconf 79' lang='grc' dir='ltr'><em>ὅσα</em></span> <span class='ocrx_word' id='word_1_174' title='bbox 1449 1431 1550 1475; x_wconf 80' lang='grc' dir='ltr'><em>ταύ-</em></span> 
     </span>
     <span class='ocr_line' id='line_1_20' title="bbox 87 1501 1550 1560; baseline -0.004 -12"><span class='ocrx_word' id='word_1_175' title='bbox 87 1522 183 1560; x_wconf 80' lang='grc' dir='ltr'><em>της,</em></span> <span class='ocrx_word' id='word_1_176' title='bbox 232 1506 458 1547; x_wconf 82' lang='grc' dir='ltr'><em>διοικοῦντα</em></span> <span class='ocrx_word' id='word_1_177' title='bbox 486 1503 532 1545; x_wconf 76' lang='grc' dir='ltr'><strong>τὸ</strong></span> <span class='ocrx_word' id='word_1_178' title='bbox 563 1503 701 1546; x_wconf 79' lang='grc' dir='ltr'><em>λοιπὸν</em></span> <span class='ocrx_word' id='word_1_179' title='bbox 732 1507 803 1557; x_wconf 81' lang='grc' dir='ltr'><strong>τῆς</strong></span> <span class='ocrx_word' id='word_1_180' title='bbox 836 1502 1034 1556; x_wconf 78' lang='grc' dir='ltr'><em>ἇιατολῆς</em></span> <span class='ocrx_word' id='word_1_181' title='bbox 1064 1504 1324 1559; x_wconf 80' lang='grc' dir='ltr'><em>χρηματίζειν</em></span> <span class='ocrx_word' id='word_1_182' title='bbox 1353 1501 1550 1558; x_wconf 71' lang='grc' dir='ltr'><em>υπαρχον.</em></span> 
     </span>
     <span class='ocr_line' id='line_1_21' title="bbox 33 1567 1549 1630; baseline -0.002 -15"><span class='ocrx_word' id='word_1_183' title='bbox 33 1571 253 1630; x_wconf 73' lang='grc' dir='ltr'><em>Ξοδιεσυρη</em></span> <span class='ocrx_word' id='word_1_184' title='bbox 273 1573 316 1614; x_wconf 83' lang='grc' dir='ltr'><em>δε</em></span> <span class='ocrx_word' id='word_1_185' title='bbox 336 1567 500 1615; x_wconf 55' lang='grc' dir='ltr'><em>οὗὸεντ</em></span> <span class='ocrx_word' id='word_1_186' title='bbox 474 1590 592 1626; x_wconf 88' lang='grc' dir='ltr'><em>ηττον</em></span> <span class='ocrx_word' id='word_1_187' title='bbox 611 1569 636 1626; x_wconf 77' lang='grc' dir='ltr'><em>ἦ</em></span> <span class='ocrx_word' id='word_1_188' title='bbox 655 1575 727 1626; x_wconf 79' lang='grc' dir='ltr'><strong>τῆς</strong></span> <span class='ocrx_word' id='word_1_189' title='bbox 745 1571 872 1627; x_wconf 80' lang='grc' dir='ltr'><em>ἀρχῆς</em></span> <span class='ocrx_word' id='word_1_190' title='bbox 889 1571 1144 1613; x_wconf 35' lang='grc' dir='ltr'><em>ὸυναστειηα</em></span> <span class='ocrx_word' id='word_1_191' title='bbox 1125 1571 1219 1627; x_wconf 81' lang='grc' dir='ltr'><em>α’χρι</em></span> <span class='ocrx_word' id='word_1_192' title='bbox 1242 1575 1323 1614; x_wconf 80' lang='grc' dir='ltr'><strong>τῶν</strong></span> <span class='ocrx_word' id='word_1_193' title='bbox 1334 1570 1549 1626; x_wconf 85' lang='grc' dir='ltr'><em>Ἀρκαὸίου</em></span> 
     </span>
     <span class='ocr_line' id='line_1_22' title="bbox 87 1637 1548 1725; baseline -0.003 -41"><span class='ocrx_word' id='word_1_194' title='bbox 87 1646 161 1684; x_wconf 80' lang='grc' dir='ltr'><strong>τοῦ</strong></span> <span class='ocrx_word' id='word_1_195' title='bbox 183 1641 337 1725; x_wconf 80' lang='grc' dir='ltr'><em>πατρὸς</em></span> <span class='ocrx_word' id='word_1_196' title='bbox 357 1641 577 1684; x_wconf 88' lang='grc' dir='ltr'><em>Θεοδοσίου</em></span> <span class='ocrx_word' id='word_1_197' title='bbox 601 1644 674 1683; x_wconf 79' lang='grc' dir='ltr'><strong>τοῦ</strong></span> <span class='ocrx_word' id='word_1_198' title='bbox 695 1641 785 1682; x_wconf 87' lang='grc' dir='ltr'><strong>νεόυ</strong></span> <span class='ocrx_word' id='word_1_199' title='bbox 807 1644 980 1696; x_wconf 84' lang='grc' dir='ltr'><em>καιρῶν,</em></span> <span class='ocrx_word' id='word_1_200' title='bbox 1020 1640 1091 1696; x_wconf 72' lang='grc' dir='ltr'><strong>ἐφ’</strong></span> <span class='ocrx_word' id='word_1_201' title='bbox 1116 1657 1162 1681; x_wconf 90' lang='grc' dir='ltr'><em>ου</em></span> <span class='ocrx_word' id='word_1_202' title='bbox 1183 1640 1413 1694; x_wconf 72' lang='grc' dir='ltr'><em>συμβεβηκε</em></span> <span class='ocrx_word' id='word_1_203' title='bbox 1432 1637 1548 1681; x_wconf 88' lang='grc' dir='ltr'><em>Ῥου-</em></span> 
     </span>
     <span class='ocr_line' id='line_1_23' title="bbox 89 1707 1549 1768; baseline -0.001 -16"><span class='ocrx_word' id='word_1_204' title='bbox 89 1717 206 1768; x_wconf 79' lang='grc' dir='ltr'><em>φῖνον</em></span> <span class='ocrx_word' id='word_1_205' title='bbox 234 1711 304 1754; x_wconf 87' lang='grc' dir='ltr'><strong>τὸν</strong></span> <span class='ocrx_word' id='word_1_206' title='bbox 331 1711 492 1765; x_wconf 74' lang='grc' dir='ltr'><em>ἐπίκλην</em></span> <span class='ocrx_word' id='word_1_207' title='bbox 527 1709 767 1767; x_wconf 80' lang='grc' dir='ltr'><em>ἀκόρεστον,</em></span> <span class='ocrx_word' id='word_1_208' title='bbox 807 1708 872 1759; x_wconf 68' lang='lat' dir='ltr'><strong>dg</strong></span> <span class='ocrx_word' id='word_1_209' title='bbox 882 1727 931 1764; x_wconf 88' lang='grc' dir='ltr'><strong>ην</strong></span> <span class='ocrx_word' id='word_1_210' title='bbox 959 1707 1141 1765; x_wconf 72' lang='grc' dir='ltr'><em>υπαρχος</em></span> <span class='ocrx_word' id='word_1_211' title='bbox 1165 1709 1296 1767; x_wconf 77' lang='grc' dir='ltr'><em>αὐτῶ,</em></span> <span class='ocrx_word' id='word_1_212' title='bbox 1330 1710 1549 1765; x_wconf 81' lang='grc' dir='ltr'><em>τυραννίδα</em></span> 
     </span>
    </p>
   </div>
   <div class='ocr_carea' id='block_1_3' title="bbox 179 1814 1546 1954">
    <p class='ocr_par' dir='ltr' id='par_1_3' title="bbox 179 1814 1546 1954">
     <span class='ocr_line' id='line_1_24' title="bbox 179 1814 1546 1862; baseline -0.002 -9"><span class='ocrx_word' id='word_1_213' title='bbox 179 1819 202 1853; x_wconf 88' lang='lat'>8</span> <span class='ocrx_word' id='word_1_214' title='bbox 228 1829 306 1853; x_wconf 74' lang='lat' dir='ltr'><strong>oum</strong></span> <span class='ocrx_word' id='word_1_215' title='bbox 330 1819 372 1853; x_wconf 86' lang='lat' dir='ltr'><strong>C.</strong></span> <span class='ocrx_word' id='word_1_216' title='bbox 420 1830 464 1852; x_wconf 94' lang='lat' dir='ltr'><strong>an</strong></span> <span class='ocrx_word' id='word_1_217' title='bbox 487 1814 607 1852; x_wconf 71' lang='grc' dir='ltr'><em>οσσοιῖ)</em></span> <span class='ocrx_word' id='word_1_218' title='bbox 742 1818 764 1852; x_wconf 87' lang='lat'><strong>9</strong></span> <span class='ocrx_word' id='word_1_219' title='bbox 784 1829 804 1851; x_wconf 87' lang='lat' dir='ltr'><strong>a</strong></span> <span class='ocrx_word' id='word_1_220' title='bbox 822 1816 1106 1851; x_wconf 81' lang='grc' dir='ltr'><em>Κωνσταντίνου</em></span> <span class='ocrx_word' id='word_1_221' title='bbox 1131 1817 1175 1851; x_wconf 90' lang='lat' dir='ltr'><strong>ad</strong></span> <span class='ocrx_word' id='word_1_222' title='bbox 1198 1817 1300 1851; x_wconf 89' lang='lat' dir='ltr'><strong>finem</strong></span> <span class='ocrx_word' id='word_1_223' title='bbox 1326 1817 1427 1851; x_wconf 85' lang='lat' dir='ltr'><strong>huius</strong></span> <span class='ocrx_word' id='word_1_224' title='bbox 1449 1817 1546 1862; x_wconf 84' lang='lat' dir='ltr'><strong>capi-</strong></span> 
     </span>
     <span class='ocr_line' id='line_1_25' title="bbox 179 1863 1546 1919; baseline 0 -21"><span class='ocrx_word' id='word_1_225' title='bbox 179 1864 227 1898; x_wconf 83' lang='lat' dir='ltr'><strong>tis</strong></span> <span class='ocrx_word' id='word_1_226' title='bbox 250 1876 359 1910; x_wconf 88' lang='lat' dir='ltr'><strong>usque</strong></span> <span class='ocrx_word' id='word_1_227' title='bbox 383 1870 555 1907; x_wconf 82' lang='lat' dir='ltr'><strong>enarrata,</strong></span> <span class='ocrx_word' id='word_1_228' title='bbox 557 1863 705 1919; x_wconf 84' lang='lat' dir='ltr'>paucis</span> <span class='ocrx_word' id='word_1_229' title='bbox 717 1863 886 1908; x_wconf 79' lang='lat' dir='ltr'><strong>exceptis,</strong></span> <span class='ocrx_word' id='word_1_230' title='bbox 913 1865 935 1898; x_wconf 85' lang='lat'><strong>3</strong></span> <span class='ocrx_word' id='word_1_231' title='bbox 957 1863 1058 1897; x_wconf 82' lang='lat'><strong>40-</strong></span> <span class='ocrx_word' id='word_1_232' title='bbox 1067 1863 1124 1907; x_wconf 73' lang='lat'><strong>42,</strong></span> <span class='ocrx_word' id='word_1_233' title='bbox 1148 1864 1192 1898; x_wconf 86' lang='lat' dir='ltr'><strong>ad</strong></span> <span class='ocrx_word' id='word_1_234' title='bbox 1214 1865 1359 1899; x_wconf 89' lang='lat' dir='ltr'><strong>verbum</strong></span> <span class='ocrx_word' id='word_1_235' title='bbox 1379 1870 1546 1909; x_wconf 88' lang='lat' dir='ltr'><strong>repetun—</strong></span> 
     </span>
     <span class='ocr_line' id='line_1_26' title="bbox 179 1904 1017 1954; baseline -0.001 -10"><span class='ocrx_word' id='word_1_236' title='bbox 179 1915 249 1945; x_wconf 85' lang='lat' dir='ltr'><strong>tur.</strong></span> <span class='ocrx_word' id='word_1_237' title='bbox 295 1911 342 1945; x_wconf 78' lang='lat' dir='ltr'><strong>F.</strong></span> <span class='ocrx_word' id='word_1_238' title='bbox 479 1911 524 1944; x_wconf 78' lang='lat'><strong>20</strong></span> <span class='ocrx_word' id='word_1_239' title='bbox 544 1904 658 1954; x_wconf 83' lang='grc' dir='ltr'><em>ἧττον</em></span> <span class='ocrx_word' id='word_1_240' title='bbox 682 1908 705 1953; x_wconf 85' lang='grc' dir='ltr'><strong><em>ἠ</em></strong></span> <span class='ocrx_word' id='word_1_241' title='bbox 731 1910 800 1944; x_wconf 87' lang='lat' dir='ltr'><strong>add</strong></span> <span class='ocrx_word' id='word_1_242' title='bbox 822 1910 853 1943; x_wconf 77' lang='lat' dir='ltr'>F</span> <span class='ocrx_word' id='word_1_243' title='bbox 879 1922 897 1944; x_wconf 88' lang='lat' dir='ltr'><strong>e</strong></span> <span class='ocrx_word' id='word_1_244' title='bbox 919 1910 941 1944; x_wconf 85' lang='grc'>3</span> <span class='ocrx_word' id='word_1_245' title='bbox 959 1910 1017 1944; x_wconf 82' lang='lat'><strong>40.</strong></span> 
     </span>
    </p>
   </div>
   <div class='ocr_carea' id='block_1_4' title="bbox 53 2000 1565 2878">
    <p class='ocr_par' dir='ltr' id='par_1_4' title="bbox 88 2000 1553 2265">
     <span class='ocr_line' id='line_1_27' title="bbox 88 2000 1553 2047; baseline -0.001 -10"><span class='ocrx_word' id='word_1_246' title='bbox 88 2002 331 2037; x_wconf 86' lang='lat' dir='ltr'><strong>communitate</strong></span> <span class='ocrx_word' id='word_1_247' title='bbox 354 2001 431 2047; x_wconf 88' lang='lat' dir='ltr'><strong>pari</strong></span> <span class='ocrx_word' id='word_1_248' title='bbox 461 2001 594 2035; x_wconf 85' lang='lat' dir='ltr'><strong>honore</strong></span> <span class='ocrx_word' id='word_1_249' title='bbox 622 2000 746 2045; x_wconf 83' lang='lat' dir='ltr'><strong>dignus</strong></span> <span class='ocrx_word' id='word_1_250' title='bbox 774 2000 927 2034; x_wconf 85' lang='lat' dir='ltr'><strong>habitus.</strong></span> <span class='ocrx_word' id='word_1_251' title='bbox 975 2012 1092 2035; x_wconf 87' lang='lat' dir='ltr'><strong>ensem</strong></span> <span class='ocrx_word' id='word_1_252' title='bbox 1113 2000 1196 2035; x_wconf 85' lang='lat' dir='ltr'><strong>inde</strong></span> <span class='ocrx_word' id='word_1_253' title='bbox 1221 2002 1264 2036; x_wconf 89' lang='lat' dir='ltr'><strong>ab</strong></span> <span class='ocrx_word' id='word_1_254' title='bbox 1288 2001 1390 2036; x_wconf 87' lang='lat' dir='ltr'><strong>initio</strong></span> <span class='ocrx_word' id='word_1_255' title='bbox 1410 2002 1553 2046; x_wconf 83' lang='lat' dir='ltr'><strong>praefe-</strong></span> 
     </span>
     <span class='ocr_line' id='line_1_28' title="bbox 89 2046 1552 2102; baseline -0.001 -19"><span class='ocrx_word' id='word_1_256' title='bbox 89 2054 165 2083; x_wconf 78' lang='lat' dir='ltr'><strong>ctus</strong></span> <span class='ocrx_word' id='word_1_257' title='bbox 179 2048 366 2102; x_wconf 84' lang='lat' dir='ltr'><strong>praetorio</strong></span> <span class='ocrx_word' id='word_1_258' title='bbox 390 2049 555 2091; x_wconf 84' lang='lat' dir='ltr'>gerebat,</span> <span class='ocrx_word' id='word_1_259' title='bbox 581 2047 711 2091; x_wconf 85' lang='lat' dir='ltr'>quippe</span> <span class='ocrx_word' id='word_1_260' title='bbox 735 2047 794 2091; x_wconf 91' lang='lat' dir='ltr'><strong>qui</strong></span> <span class='ocrx_word' id='word_1_261' title='bbox 818 2047 928 2090; x_wconf 87' lang='lat' dir='ltr'><strong>copiis</strong></span> <span class='ocrx_word' id='word_1_262' title='bbox 949 2046 1052 2080; x_wconf 86' lang='lat' dir='ltr'><strong>etiam</strong></span> <span class='ocrx_word' id='word_1_263' title='bbox 1075 2055 1278 2090; x_wconf 88' lang='lat' dir='ltr'><strong>praeesset;</strong></span> <span class='ocrx_word' id='word_1_264' title='bbox 1312 2049 1402 2092; x_wconf 93' lang='lat' dir='ltr'><strong>quod</strong></span> <span class='ocrx_word' id='word_1_265' title='bbox 1428 2048 1552 2082; x_wconf 88' lang='lat' dir='ltr'><strong>hodie-</strong></span> 
     </span>
     <span class='ocr_line' id='line_1_29' title="bbox 90 2091 1549 2139; baseline 0 -11"><span class='ocrx_word' id='word_1_266' title='bbox 90 2105 159 2138; x_wconf 85' lang='lat' dir='ltr'><strong>que</strong></span> <span class='ocrx_word' id='word_1_267' title='bbox 177 2094 254 2139; x_wconf 85' lang='lat' dir='ltr'><strong>ipso</strong></span> <span class='ocrx_word' id='word_1_268' title='bbox 278 2094 446 2138; x_wconf 87' lang='lat' dir='ltr'><strong>adspectu</strong></span> <span class='ocrx_word' id='word_1_269' title='bbox 466 2093 624 2136; x_wconf 84' lang='lat' dir='ltr'><strong>reperire</strong></span> <span class='ocrx_word' id='word_1_270' title='bbox 644 2091 749 2135; x_wconf 87' lang='lat' dir='ltr'><strong>licet,</strong></span> <span class='ocrx_word' id='word_1_271' title='bbox 786 2092 817 2125; x_wconf 87' lang='lat' dir='ltr'><strong>si</strong></span> <span class='ocrx_word' id='word_1_272' title='bbox 848 2092 925 2137; x_wconf 90' lang='lat' dir='ltr'><strong>quis</strong></span> <span class='ocrx_word' id='word_1_273' title='bbox 959 2092 1178 2136; x_wconf 79' lang='lat' dir='ltr'>antiquitatis</span> <span class='ocrx_word' id='word_1_274' title='bbox 1202 2099 1334 2127; x_wconf 86' lang='lat' dir='ltr'><strong>amator</strong></span> <span class='ocrx_word' id='word_1_275' title='bbox 1353 2093 1549 2128; x_wconf 83' lang='lat' dir='ltr'><strong>Chalcedo-</strong></span> 
     </span>
     <span class='ocr_line' id='line_1_30' title="bbox 88 2138 1550 2183; baseline -0.001 -9"><span class='ocrx_word' id='word_1_276' title='bbox 88 2151 167 2174; x_wconf 88' lang='lat' dir='ltr'><strong>nem</strong></span> <span class='ocrx_word' id='word_1_277' title='bbox 187 2146 406 2173; x_wconf 82' lang='lat' dir='ltr'><strong>transvectus</strong></span> <span class='ocrx_word' id='word_1_278' title='bbox 429 2138 583 2183; x_wconf 77' lang='lat' dir='ltr'><strong>Philippi</strong></span> <span class='ocrx_word' id='word_1_279' title='bbox 614 2138 784 2182; x_wconf 78' lang='lat' dir='ltr'><strong>praefecti</strong></span> <span class='ocrx_word' id='word_1_280' title='bbox 817 2138 994 2182; x_wconf 88' lang='lat' dir='ltr'><strong>praetorio</strong></span> <span class='ocrx_word' id='word_1_281' title='bbox 1026 2138 1178 2182; x_wconf 83' lang='lat' dir='ltr'><strong>effigiem</strong></span> <span class='ocrx_word' id='word_1_282' title='bbox 1205 2139 1394 2173; x_wconf 86' lang='lat' dir='ltr'><strong>intueatur.</strong></span> <span class='ocrx_word' id='word_1_283' title='bbox 1442 2140 1550 2174; x_wconf 86' lang='lat' dir='ltr'><strong>sicam</strong></span> 
     </span>
     <span class='ocr_line' id='line_1_31' title="bbox 89 2184 1550 2237; baseline 0 -18"><span class='ocrx_word' id='word_1_284' title='bbox 89 2191 202 2219; x_wconf 87' lang='lat' dir='ltr'><strong>autem</strong></span> <span class='ocrx_word' id='word_1_285' title='bbox 223 2185 371 2219; x_wconf 85' lang='lat' dir='ltr'><strong>Romani</strong></span> <span class='ocrx_word' id='word_1_286' title='bbox 394 2197 522 2237; x_wconf 82' lang='lat' dir='ltr'>ensem,</span> <span class='ocrx_word' id='word_1_287' title='bbox 546 2184 606 2228; x_wconf 88' lang='lat' dir='ltr'><strong>qui</strong></span> <span class='ocrx_word' id='word_1_288' title='bbox 629 2186 694 2218; x_wconf 86' lang='lat' dir='ltr'><strong>sub</strong></span> <span class='ocrx_word' id='word_1_289' title='bbox 719 2184 855 2227; x_wconf 79' lang='lat' dir='ltr'><strong>cingulo</strong></span> <span class='ocrx_word' id='word_1_290' title='bbox 882 2185 1035 2228; x_wconf 76' lang='lat' dir='ltr'>geritur,</span> <span class='ocrx_word' id='word_1_291' title='bbox 1059 2191 1205 2226; x_wconf 83' lang='lat' dir='ltr'><strong>vocant3</strong></span> <span class='ocrx_word' id='word_1_292' title='bbox 1234 2187 1324 2219; x_wconf 91' lang='lat' dir='ltr'><strong>unde</strong></span> <span class='ocrx_word' id='word_1_293' title='bbox 1346 2186 1466 2219; x_wconf 86' lang='lat' dir='ltr'><strong>sicarii</strong></span> <span class='ocrx_word' id='word_1_294' title='bbox 1488 2186 1550 2231; x_wconf 93' lang='lat' dir='ltr'><strong>qui</strong></span> 
     </span>
     <span class='ocr_line' id='line_1_32' title="bbox 89 2229 1410 2274; baseline 0.001 -10"><span class='ocrx_word' id='word_1_295' title='bbox 89 2242 227 2265; x_wconf 83' lang='lat' dir='ltr'><strong>carnem</strong></span> <span class='ocrx_word' id='word_1_296' title='bbox 249 2237 390 2274; x_wconf 81' lang='lat' dir='ltr'>secant,</span> <span class='ocrx_word' id='word_1_297' title='bbox 414 2237 451 2264; x_wconf 83' lang='lat' dir='ltr'><strong>et</strong></span> <span class='ocrx_word' id='word_1_298' title='bbox 471 2229 582 2264; x_wconf 64' lang='lat' dir='ltr'><strong>sic-ata</strong></span> <span class='ocrx_word' id='word_1_299' title='bbox 604 2230 701 2264; x_wconf 83' lang='lat' dir='ltr'><strong>cibus</strong></span> <span class='ocrx_word' id='word_1_300' title='bbox 723 2242 826 2264; x_wconf 86' lang='lat' dir='ltr'><strong>carne</strong></span> <span class='ocrx_word' id='word_1_301' title='bbox 848 2230 885 2264; x_wconf 92' lang='lat' dir='ltr'><strong>in</strong></span> <span class='ocrx_word' id='word_1_302' title='bbox 908 2230 1055 2264; x_wconf 72' lang='lat' dir='ltr'><strong>sinstula</strong></span> <span class='ocrx_word' id='word_1_303' title='bbox 1073 2233 1210 2264; x_wconf 87' lang='lat' dir='ltr'><strong>concisa</strong></span> <span class='ocrx_word' id='word_1_304' title='bbox 1235 2238 1410 2265; x_wconf 75' lang='lat' dir='ltr'><strong>constans.</strong></span> 
     </span>
    </p>

    <p class='ocr_par' dir='ltr' id='par_1_5' title="bbox 87 2276 1565 2785">
     <span class='ocr_line' id='line_1_33' title="bbox 182 2276 1548 2323; baseline 0.001 -12"><span class='ocrx_word' id='word_1_305' title='bbox 182 2278 238 2311; x_wconf 87' lang='grc'><strong>10.</strong></span> <span class='ocrx_word' id='word_1_306' title='bbox 286 2277 359 2310; x_wconf 86' lang='lat' dir='ltr'><strong>Sed</strong></span> <span class='ocrx_word' id='word_1_307' title='bbox 382 2277 472 2311; x_wconf 89' lang='lat' dir='ltr'><strong>enim</strong></span> <span class='ocrx_word' id='word_1_308' title='bbox 494 2276 628 2310; x_wconf 85' lang='lat' dir='ltr'><strong>initium</strong></span> <span class='ocrx_word' id='word_1_309' title='bbox 646 2287 870 2321; x_wconf 82' lang='lat' dir='ltr'><strong>quaecunque</strong></span> <span class='ocrx_word' id='word_1_310' title='bbox 888 2277 1012 2310; x_wconf 88' lang='lat' dir='ltr'><strong>sortita</strong></span> <span class='ocrx_word' id='word_1_311' title='bbox 1027 2277 1130 2310; x_wconf 90' lang='lat' dir='ltr'><strong>finem</strong></span> <span class='ocrx_word' id='word_1_312' title='bbox 1145 2278 1285 2322; x_wconf 83' lang='lat' dir='ltr'><strong>habent,</strong></span> <span class='ocrx_word' id='word_1_313' title='bbox 1310 2284 1348 2311; x_wconf 89' lang='lat' dir='ltr'><strong>ut</strong></span> <span class='ocrx_word' id='word_1_314' title='bbox 1363 2277 1414 2311; x_wconf 85' lang='lat' dir='ltr'><strong>ait</strong></span> <span class='ocrx_word' id='word_1_315' title='bbox 1429 2283 1548 2323; x_wconf 88' lang='lat' dir='ltr'><strong>poeta.</strong></span> 
     </span>
     <span class='ocr_line' id='line_1_34' title="bbox 87 2323 1549 2377; baseline 0.001 -20"><span class='ocrx_word' id='word_1_316' title='bbox 87 2326 313 2368; x_wconf 78' lang='lat' dir='ltr'><strong>posteaquam</strong></span> <span class='ocrx_word' id='word_1_317' title='bbox 329 2323 419 2356; x_wconf 89' lang='lat' dir='ltr'><strong>enim</strong></span> <span class='ocrx_word' id='word_1_318' title='bbox 437 2323 685 2356; x_wconf 87' lang='lat' dir='ltr'><strong>Constantinus</strong></span> <span class='ocrx_word' id='word_1_319' title='bbox 710 2334 784 2356; x_wconf 92' lang='lat' dir='ltr'><strong>cum</strong></span> <span class='ocrx_word' id='word_1_320' title='bbox 806 2324 945 2356; x_wconf 87' lang='lat' dir='ltr'><strong>fortuna</strong></span> <span class='ocrx_word' id='word_1_321' title='bbox 963 2323 1107 2356; x_wconf 81' lang='lat' dir='ltr'><strong>Romam</strong></span> <span class='ocrx_word' id='word_1_322' title='bbox 1128 2323 1282 2368; x_wconf 85' lang='lat' dir='ltr'><strong>reliquit,</strong></span> <span class='ocrx_word' id='word_1_323' title='bbox 1307 2330 1412 2377; x_wconf 81' lang='lat' dir='ltr'><strong>atque</strong></span> <span class='ocrx_word' id='word_1_324' title='bbox 1429 2335 1549 2358; x_wconf 80' lang='lat' dir='ltr'><strong>omnes</strong></span> 
     </span>
     <span class='ocr_line' id='line_1_35' title="bbox 88 2367 1548 2414; baseline 0.001 -11"><span class='ocrx_word' id='word_1_325' title='bbox 88 2380 178 2414; x_wconf 79' lang='lat' dir='ltr'><strong>quae</strong></span> <span class='ocrx_word' id='word_1_326' title='bbox 200 2370 327 2403; x_wconf 87' lang='lat' dir='ltr'><strong>Istrum</strong></span> <span class='ocrx_word' id='word_1_327' title='bbox 355 2369 591 2404; x_wconf 78' lang='lat' dir='ltr'><strong>custodierant</strong></span> <span class='ocrx_word' id='word_1_328' title='bbox 621 2367 744 2413; x_wconf 87' lang='lat' dir='ltr'><strong>copiae</strong></span> <span class='ocrx_word' id='word_1_329' title='bbox 766 2371 907 2403; x_wconf 86' lang='lat' dir='ltr'><strong>decreto</strong></span> <span class='ocrx_word' id='word_1_330' title='bbox 931 2369 1150 2413; x_wconf 85' lang='lat' dir='ltr'><strong>imperatoris</strong></span> <span class='ocrx_word' id='word_1_331' title='bbox 1173 2381 1238 2414; x_wconf 83' lang='lat' dir='ltr'><strong>per</strong></span> <span class='ocrx_word' id='word_1_332' title='bbox 1261 2370 1378 2404; x_wconf 84' lang='lat' dir='ltr'><strong>Asiam</strong></span> <span class='ocrx_word' id='word_1_333' title='bbox 1399 2371 1548 2404; x_wconf 83' lang='lat' dir='ltr'><strong>inferio-</strong></span> 
     </span>
     <span class='ocr_line' id='line_1_36' title="bbox 87 2415 1550 2471; baseline 0.001 -23"><span class='ocrx_word' id='word_1_334' title='bbox 87 2426 162 2448; x_wconf 83' lang='lat' dir='ltr'><strong>rem</strong></span> <span class='ocrx_word' id='word_1_335' title='bbox 182 2426 326 2471; x_wconf 82' lang='lat' dir='ltr'><strong>sparsae</strong></span> <span class='ocrx_word' id='word_1_336' title='bbox 345 2421 448 2458; x_wconf 87' lang='lat' dir='ltr'><strong>sunt,</strong></span> <span class='ocrx_word' id='word_1_337' title='bbox 484 2415 664 2458; x_wconf 84' lang='lat' dir='ltr'><strong>Scythiam</strong></span> <span class='ocrx_word' id='word_1_338' title='bbox 687 2415 906 2459; x_wconf 87' lang='lat' dir='ltr'><strong>Mysiamque</strong></span> <span class='ocrx_word' id='word_1_339' title='bbox 939 2422 975 2449; x_wconf 89' lang='lat' dir='ltr'><strong>et</strong></span> <span class='ocrx_word' id='word_1_340' title='bbox 1008 2415 1142 2449; x_wconf 83' lang='lat' dir='ltr'><strong>illarum</strong></span> <span class='ocrx_word' id='word_1_341' title='bbox 1165 2415 1353 2459; x_wconf 87' lang='lat' dir='ltr'><strong>vectigalia</strong></span> <span class='ocrx_word' id='word_1_342' title='bbox 1376 2416 1550 2450; x_wconf 82' lang='lat' dir='ltr'><strong>aerarium</strong></span> 
     </span>
     <span class='ocr_line' id='line_1_37' title="bbox 88 2459 1550 2506; baseline 0.001 -11"><span class='ocrx_word' id='word_1_343' title='bbox 88 2461 215 2504; x_wconf 82' lang='lat' dir='ltr'><strong>amisit,</strong></span> <span class='ocrx_word' id='word_1_344' title='bbox 215 2459 408 2504; x_wconf 83' lang='lat' dir='ltr'><strong>barbaris,</strong></span> <span class='ocrx_word' id='word_1_345' title='bbox 432 2461 492 2506; x_wconf 84' lang='lat' dir='ltr'><strong>qui</strong></span> <span class='ocrx_word' id='word_1_346' title='bbox 510 2461 599 2495; x_wconf 86' lang='lat' dir='ltr'><strong>ultra</strong></span> <span class='ocrx_word' id='word_1_347' title='bbox 622 2461 748 2495; x_wconf 88' lang='lat' dir='ltr'><strong>Istrum</strong></span> <span class='ocrx_word' id='word_1_348' title='bbox 771 2461 984 2505; x_wconf 79' lang='lat' dir='ltr'><strong>habitabant,</strong></span> <span class='ocrx_word' id='word_1_349' title='bbox 1007 2462 1185 2506; x_wconf 86' lang='lat' dir='ltr'><strong>Europam</strong></span> <span class='ocrx_word' id='word_1_350' title='bbox 1204 2462 1340 2495; x_wconf 86' lang='lat' dir='ltr'><strong>nemine</strong></span> <span class='ocrx_word' id='word_1_351' title='bbox 1360 2462 1550 2496; x_wconf 82' lang='lat' dir='ltr'><strong>resistente</strong></span> 
     </span>
     <span class='ocr_line' id='line_1_38' title="bbox 87 2507 1565 2552; baseline 0.001 -11"><span class='ocrx_word' id='word_1_352' title='bbox 87 2507 383 2548; x_wconf 38' lang='lat' dir='ltr'><strong>incursantibusffi</strong></span> <span class='ocrx_word' id='word_1_353' title='bbox 399 2507 556 2541; x_wconf 86' lang='lat' dir='ltr'><strong>Orientis</strong></span> <span class='ocrx_word' id='word_1_354' title='bbox 589 2511 717 2541; x_wconf 89' lang='lat' dir='ltr'><strong>autem</strong></span> <span class='ocrx_word' id='word_1_355' title='bbox 734 2508 871 2552; x_wconf 81' lang='lat' dir='ltr'><strong>populis</strong></span> <span class='ocrx_word' id='word_1_356' title='bbox 897 2514 1018 2541; x_wconf 86' lang='lat' dir='ltr'><strong>contra</strong></span> <span class='ocrx_word' id='word_1_357' title='bbox 1048 2507 1233 2552; x_wconf 86' lang='lat' dir='ltr'><strong>pristinum</strong></span> <span class='ocrx_word' id='word_1_358' title='bbox 1256 2520 1384 2542; x_wconf 88' lang='lat' dir='ltr'><strong>morem</strong></span> <span class='ocrx_word' id='word_1_359' title='bbox 1405 2507 1565 2542; x_wconf 77' lang='lat' dir='ltr'><strong>tributis=·</strong></span> 
     </span>
     <span class='ocr_line' id='line_1_39' title="bbox 87 2552 1549 2599; baseline 0.001 -12"><span class='ocrx_word' id='word_1_360' title='bbox 87 2552 182 2588; x_wconf 80' lang='lat' dir='ltr'><strong>haud</strong></span> <span class='ocrx_word' id='word_1_361' title='bbox 205 2553 438 2588; x_wconf 81' lang='lat' dir='ltr'><strong>mediocribus</strong></span> <span class='ocrx_word' id='word_1_362' title='bbox 461 2554 634 2597; x_wconf 83' lang='lat' dir='ltr'><strong>oneratis,</strong></span> <span class='ocrx_word' id='word_1_363' title='bbox 670 2566 815 2588; x_wconf 86' lang='lat' dir='ltr'><strong>necesse</strong></span> <span class='ocrx_word' id='word_1_364' title='bbox 848 2554 916 2587; x_wconf 80' lang='lat' dir='ltr'><strong>fuit</strong></span> <span class='ocrx_word' id='word_1_365' title='bbox 947 2555 1163 2598; x_wconf 84' lang='lat' dir='ltr'><strong>praefectum</strong></span> <span class='ocrx_word' id='word_1_366' title='bbox 1186 2554 1363 2599; x_wconf 86' lang='lat' dir='ltr'><strong>praetorio</strong></span> <span class='ocrx_word' id='word_1_367' title='bbox 1389 2553 1487 2588; x_wconf 87' lang='lat' dir='ltr'><strong>aulae</strong></span> <span class='ocrx_word' id='word_1_368' title='bbox 1513 2560 1549 2588; x_wconf 86' lang='lat' dir='ltr'><strong>et</strong></span> 
     </span>
     <span class='ocr_line' id='line_1_40' title="bbox 89 2598 1548 2646; baseline 0.001 -14"><span class='ocrx_word' id='word_1_369' title='bbox 89 2598 222 2644; x_wconf 61' lang='lat' dir='ltr'><strong>(topini,</strong></span> <span class='ocrx_word' id='word_1_370' title='bbox 262 2610 405 2644; x_wconf 85' lang='lat' dir='ltr'><strong>quarum</strong></span> <span class='ocrx_word' id='word_1_371' title='bbox 428 2599 488 2634; x_wconf 85' lang='lat' dir='ltr'><strong>illa</strong></span> <span class='ocrx_word' id='word_1_372' title='bbox 511 2600 678 2644; x_wconf 82' lang='lat' dir='ltr'><strong>magistro</strong></span> <span class='ocrx_word' id='word_1_373' title='bbox 705 2611 806 2645; x_wconf 90' lang='lat' dir='ltr'><strong>quem</strong></span> <span class='ocrx_word' id='word_1_374' title='bbox 827 2607 975 2643; x_wconf 80' lang='lat' dir='ltr'><strong>vocant,</strong></span> <span class='ocrx_word' id='word_1_375' title='bbox 1010 2601 1075 2634; x_wconf 90' lang='lat' dir='ltr'><strong>hae</strong></span> <span class='ocrx_word' id='word_1_376' title='bbox 1099 2601 1263 2646; x_wconf 82' lang='lat' dir='ltr'><strong>strategis</strong></span> <span class='ocrx_word' id='word_1_377' title='bbox 1287 2612 1398 2645; x_wconf 83' lang='lat' dir='ltr'><strong>nuper</strong></span> <span class='ocrx_word' id='word_1_378' title='bbox 1420 2601 1548 2635; x_wconf 82' lang='lat' dir='ltr'><strong>creatis</strong></span> 
     </span>
     <span class='ocr_line' id='line_1_41' title="bbox 87 2645 1550 2692; baseline 0.001 -13"><span class='ocrx_word' id='word_1_379' title='bbox 87 2645 251 2690; x_wconf 77' lang='lat' dir='ltr'><strong>traditae,</strong></span> <span class='ocrx_word' id='word_1_380' title='bbox 275 2656 344 2680; x_wconf 87' lang='lat' dir='ltr'><strong>non</strong></span> <span class='ocrx_word' id='word_1_381' title='bbox 361 2646 506 2690; x_wconf 85' lang='lat' dir='ltr'><strong>amplius</strong></span> <span class='ocrx_word' id='word_1_382' title='bbox 524 2658 702 2692; x_wconf 87' lang='lat' dir='ltr'><strong>praeesse,</strong></span> <span class='ocrx_word' id='word_1_383' title='bbox 724 2647 787 2680; x_wconf 88' lang='lat' dir='ltr'><strong>sed</strong></span> <span class='ocrx_word' id='word_1_384' title='bbox 806 2647 989 2680; x_wconf 87' lang='lat' dir='ltr'><strong>Orientem</strong></span> <span class='ocrx_word' id='word_1_385' title='bbox 1011 2658 1086 2681; x_wconf 91' lang='lat' dir='ltr'><strong>cum</strong></span> <span class='ocrx_word' id='word_1_386' title='bbox 1106 2647 1192 2681; x_wconf 87' lang='lat' dir='ltr'><strong>Asia</strong></span> <span class='ocrx_word' id='word_1_387' title='bbox 1210 2647 1382 2691; x_wconf 85' lang='lat' dir='ltr'><strong>inferiori,</strong></span> <span class='ocrx_word' id='word_1_388' title='bbox 1406 2653 1443 2681; x_wconf 89' lang='lat' dir='ltr'><strong>et</strong></span> <span class='ocrx_word' id='word_1_389' title='bbox 1458 2659 1550 2692; x_wconf 87' lang='lat' dir='ltr'><strong>quae</strong></span> 
     </span>
     <span class='ocr_line' id='line_1_42' title="bbox 89 2692 1547 2738; baseline 0.001 -13"><span class='ocrx_word' id='word_1_390' title='bbox 89 2692 134 2726; x_wconf 88' lang='lat' dir='ltr'><strong>ad</strong></span> <span class='ocrx_word' id='word_1_391' title='bbox 158 2703 233 2726; x_wconf 85' lang='lat' dir='ltr'><strong>eam</strong></span> <span class='ocrx_word' id='word_1_392' title='bbox 252 2692 441 2737; x_wconf 81' lang='lat' dir='ltr'><strong>pertinent,</strong></span> <span class='ocrx_word' id='word_1_393' title='bbox 462 2693 724 2738; x_wconf 84' lang='lat' dir='ltr'><strong>administrare,</strong></span> <span class='ocrx_word' id='word_1_394' title='bbox 749 2705 790 2726; x_wconf 83' lang='lat' dir='ltr'><strong>ac</strong></span> <span class='ocrx_word' id='word_1_395' title='bbox 812 2693 1026 2737; x_wconf 86' lang='lat' dir='ltr'><strong>praefectum</strong></span> <span class='ocrx_word' id='word_1_396' title='bbox 1048 2693 1237 2728; x_wconf 82' lang='lat' dir='ltr'><strong>Orientis‘</strong></span> <span class='ocrx_word' id='word_1_397' title='bbox 1228 2706 1265 2727; x_wconf 89' lang='grc' dir='ltr'><strong>ιιι</strong></span> <span class='ocrx_word' id='word_1_398' title='bbox 1286 2700 1463 2738; x_wconf 84' lang='lat' dir='ltr'><strong>posterum</strong></span> <span class='ocrx_word' id='word_1_399' title='bbox 1486 2705 1547 2738; x_wconf 89' lang='lat' dir='ltr'><strong>ap-</strong></span> 
     </span>
     <span class='ocr_line' id='line_1_43' title="bbox 87 2737 1548 2785; baseline 0.002 -14"><span class='ocrx_word' id='word_1_400' title='bbox 87 2737 224 2782; x_wconf 85' lang='lat' dir='ltr'><strong>pellari.</strong></span> <span class='ocrx_word' id='word_1_401' title='bbox 271 2749 385 2782; x_wconf 84' lang='lat' dir='ltr'><strong>neque</strong></span> <span class='ocrx_word' id='word_1_402' title='bbox 413 2749 499 2772; x_wconf 82' lang='lat' dir='ltr'><strong>vero</strong></span> <span class='ocrx_word' id='word_1_403' title='bbox 530 2739 641 2773; x_wconf 87' lang='lat' dir='ltr'><strong>minus</strong></span> <span class='ocrx_word' id='word_1_404' title='bbox 665 2746 822 2785; x_wconf 90' lang='lat' dir='ltr'><strong>potestas</strong></span> <span class='ocrx_word' id='word_1_405' title='bbox 846 2739 1066 2783; x_wconf 83' lang='lat' dir='ltr'><strong>magistratus</strong></span> <span class='ocrx_word' id='word_1_406' title='bbox 1089 2739 1279 2774; x_wconf 84' lang='lat' dir='ltr'><strong>dilacerata</strong></span> <span class='ocrx_word' id='word_1_407' title='bbox 1301 2746 1356 2774; x_wconf 77' lang='lat' dir='ltr'><strong>est</strong></span> <span class='ocrx_word' id='word_1_408' title='bbox 1377 2741 1421 2774; x_wconf 88' lang='lat' dir='ltr'><strong>ad</strong></span> <span class='ocrx_word' id='word_1_409' title='bbox 1439 2740 1548 2774; x_wconf 79' lang='lat' dir='ltr'><strong>Arca-</strong></span> 
     </span>
    </p>

    <p class='ocr_par' dir='ltr' id='par_1_6' title="bbox 53 2783 1548 2878">
     <span class='ocr_line' id='line_1_44' title="bbox 53 2783 1546 2831; baseline 0.002 -14"><span class='ocrx_word' id='word_1_410' title='bbox 53 2807 59 2812; x_wconf 75' lang='lat'><strong>·</strong></span> <span class='ocrx_word' id='word_1_411' title='bbox 88 2783 150 2826; x_wconf 82' lang='lat' dir='ltr'><strong>dii,</strong></span> <span class='ocrx_word' id='word_1_412' title='bbox 173 2785 285 2830; x_wconf 88' lang='lat' dir='ltr'><strong>patris</strong></span> <span class='ocrx_word' id='word_1_413' title='bbox 307 2783 529 2818; x_wconf 83' lang='lat' dir='ltr'><strong>Theodosii&#39;</strong></span> <span class='ocrx_word' id='word_1_414' title='bbox 517 2786 686 2830; x_wconf 81' lang='lat' dir='ltr'><strong>lunioris,</strong></span> <span class='ocrx_word' id='word_1_415' title='bbox 710 2791 887 2829; x_wconf 83' lang='lat' dir='ltr'><strong>tempora;</strong></span> <span class='ocrx_word' id='word_1_416' title='bbox 921 2787 985 2820; x_wconf 91' lang='lat' dir='ltr'><strong>sub</strong></span> <span class='ocrx_word' id='word_1_417' title='bbox 1009 2798 1077 2831; x_wconf 92' lang='lat' dir='ltr'><strong>quo</strong></span> <span class='ocrx_word' id='word_1_418' title='bbox 1096 2787 1244 2820; x_wconf 87' lang='lat' dir='ltr'><strong>Rufinus</strong></span> <span class='ocrx_word' id='word_1_419' title='bbox 1266 2787 1469 2830; x_wconf 84' lang='lat' dir='ltr'><strong>cognomine</strong></span> <span class='ocrx_word' id='word_1_420' title='bbox 1491 2786 1546 2820; x_wconf 89' lang='lat' dir='ltr'><strong>in-</strong></span> 
     </span>
     <span class='ocr_line' id='line_1_45' title="bbox 86 2830 1548 2878; baseline 0.003 -14"><span class='ocrx_word' id='word_1_421' title='bbox 86 2830 278 2874; x_wconf 72' lang='lat' dir='ltr'><strong>satiabilis,</strong></span> <span class='ocrx_word' id='word_1_422' title='bbox 301 2841 370 2876; x_wconf 90' lang='lat' dir='ltr'><strong>quo</strong></span> <span class='ocrx_word' id='word_1_423' title='bbox 387 2832 568 2876; x_wconf 84' lang='lat' dir='ltr'><strong>praefecto</strong></span> <span class='ocrx_word' id='word_1_424' title='bbox 587 2831 756 2878; x_wconf 86' lang='lat' dir='ltr'><strong>praetorii</strong></span> <span class='ocrx_word' id='word_1_425' title='bbox 773 2831 833 2866; x_wconf 84' lang='lat' dir='ltr'><strong>ille</strong></span> <span class='ocrx_word' id='word_1_426' title='bbox 858 2833 1040 2878; x_wconf 87' lang='lat' dir='ltr'><strong>utebatur,</strong></span> <span class='ocrx_word' id='word_1_427' title='bbox 1074 2833 1295 2877; x_wconf 80' lang='lat' dir='ltr'><strong>tyrannidem</strong></span> <span class='ocrx_word' id='word_1_428' title='bbox 1317 2833 1503 2868; x_wconf 85' lang='lat' dir='ltr'><strong>meditatus</strong></span> <span class='ocrx_word' id='word_1_429' title='bbox 1527 2845 1548 2867; x_wconf 86' lang='lat' dir='ltr'><strong>a</strong></span> 
     </span>
    </p>
   </div>
  </div>
 </body>
</html>
