1748 3210
604 147 680 190 DE
712 147 986 192 MENSIBUS
1020 147 1098 192 lv.
1327 180 1329 182 ψ
1507 148 1571 194 71

124 264 195 320 μοὶ
215 262 259 305 δὲ
275 257 477 316 Σιβύλλης
501 264 572 316 τῆς
593 262 783 316 Κυμαιάς
800 259 1029 318 ἐτύγχανον)
1041 294 1055 312 ,
1091 256 1259 315 ἐπεζήτει
1283 259 1327 301 δὲ
1350 259 1433 313 [τὸν
1451 262 1568 316 κατὰ]

123 328 335 388 τριάκοντα
355 327 522 379 τούτους
546 329 776 373 ἀποδόσθαι
790 334 967 386 χρυσῶν.
986 334 991 347 '
1035 332 1108 372 τοῦ
1127 329 1170 371 δὲ
1191 327 1572 385 καταφρονήσαντος

122 396 436 455 ἀγανακτήσασα
465 396 492 451 ἦ
521 398 620 453 γυνὴ
646 398 690 439 τὸ
719 396 763 439 ’ἐν
787 402 866 439 τῶν
892 399 1060 452 βιβλίων
1091 396 1266 439 ἔκαυσεν.
1337 395 1420 439 εἶτα
1447 393 1571 448 αὖθις

122 465 179 517 ὥς
197 465 319 508 αὐτὸν
340 466 522 521 γινομένη
548 466 660 520 ἠξίου
689 467 756 507 καὶ
785 463 883 522 ὑπὲρ
907 470 987 508 τῶν
1019 465 1338 519 ἀπολειπομένων
1367 463 1439 508 δύο
1476 466 1571 516 τοὺς

90 534 269 584 ὄαῧτοῦς
301 532 515 590 τριάκοντα
543 538 679 588 λαβεῖν
712 538 902 590 χρυσοῦς.
985 539 1056 576 τοῦ
1094 535 1136 575 δὲ
1172 533 1227 574 ἔτι
1258 537 1413 587 μᾶλλον
1446 534 1571 589 αὐτὴν

119 601 359 659 παριδόντος
379 603 445 644 καὶ
467 601 512 644 τὸ
530 603 662 658 ἕτερον
682 600 836 644 ἔκαυσε.
905 600 1026 644 πάλιν
1055 602 1098 643 δὲ
1118 599 1216 657 ὑπὲρ
1243 606 1316 644 τοῦ
1338 602 1571 656 λειπομένου

121 669 208 720 ἑνὸς
231 670 307 724 τὴν
334 669 460 724 αὐτὴν
492 667 749 724 ἐπιζητούσης
778 673 851 710 τοῦ
864 671 1034 725 χρυσίου
1055 668 1280 724 ποσότητα,
1316 668 1571 724 στοχασάμε-

120 755 189 782 νον
211 737 315 788 εἲκὸς
343 736 414 780 τὸν
440 739 610 792 βασιλέα
640 735 695 787 ὥς
728 737 926 792 ἀναγκαῖα
948 741 1104 791 μᾶλλον
1127 737 1313 792 ἐτύγχανε
1339 738 1389 780 τὰ
1413 740 1571 792 βιβλία,

119 808 320 863 πρίασθαι
337 804 438 862 παρ’
461 805 586 860 αὐτῆς
604 805 650 847 τὸ
674 803 928 859 λειπόμενον,
959 803 1063 856 εἶτα,
1095 803 1261 862 εὑρόντα
1290 806 1331 846 ἓν
1364 806 1474 864 αὐτῷ
1497 807 1572 856 τὰς

66 873 323 928 ίθῬωμαίων
352 871 477 927 τύχας
506 873 600 916 κατ’
637 874 835 930 ἐξαίρετον
866 875 932 914 καὶ
961 871 1089 926 μόνας
1114 874 1443 928 ἐγγεγραμμένας,
1479 872 1571 930 ἑξήν

118 959 240 985 κοντα
257 943 474 999 πατρικίων
494 938 718 996 συστήματι
740 941 812 996 τὴν
834 939 986 983 τούτων
1006 942 1259 999 παραδοῦναι
1286 941 1484 996 ([υλακήν.

253 1009 332 1054 35.
397 1007 542 1060 νώναις
574 1010 787 1065 Μαρτίαις
819 1007 840 1051 ὅ
873 1008 1049 1066 Βάρρων
1083 1008 1238 1066 ὄρθρον
1273 1009 1343 1052 τὸν
1373 1010 1571 1066 στέφανον

116 1069 287 1120 δύεσθαι
308 1077 408 1132 λέγει
433 1079 501 1119 καὶ
520 1084 627 1121 πνεῖν
648 1077 716 1119 τὸν
736 1081 906 1134 βορρᾶν.

251 1145 330 1190 36.
398 1147 518 1195 εἲδοῖς
538 1147 749 1202 Μαρτίαις
770 1144 888 1201 ἑορτὴ
910 1145 1012 1196 Διὸς
1032 1144 1100 1187 διὰ
1122 1145 1194 1199 τὴν
1214 1146 1474 1199 μεσομηνιάν,
1502 1146 1568 1187 καὶ
1592 1158 1629 1193 p·
1653 1148 1698 1183 80

44 1207 106 1256 '15
117 1212 229 1268 εὐχαὶ
256 1211 446 1268 δημόσιαι
477 1212 576 1271 ὑπὲρ
607 1218 680 1255 τοῦ
709 1212 877 1268 ὑγιεινὸν
899 1214 1086 1268 γενέσθαι
1104 1213 1173 1254 τὸν
1198 1211 1389 1255 ἐνιαυτόν.
1461 1212 1571 1269 ἱερά-

113 1298 230 1325 τευον
249 1282 292 1322 δὲ
312 1283 378 1323 καὶ
401 1286 550 1338 ταῦρον
571 1280 680 1336 ἑξέτη
700 1280 798 1338 ὑπὲρ
823 1286 903 1323 τῶν
926 1282 967 1323 ἓν
991 1287 1075 1330 τοῖς
1100 1280 1234 1337 ὄρεσιν
1254 1281 1412 1336 ἀγρῶν,
1446 1279 1570 1335 ἤγου-

113 1349 235 1403 μένου
266 1354 338 1390 τοῦ
371 1349 585 1406 ἀρχιερέως
611 1351 677 1392 καὶ
707 1354 787 1393 τῶν
813 1347 1055 1406 κανηφόρων
1075 1353 1146 1404 τῆς
1164 1347 1384 1404 μητρόχου.
1451 1348 1568 1403 ἤγετο

114 1417 160 1459 δὲ
173 1418 238 1459 καὶ
253 1415 470 1474 ἄνθρωπος
486 1418 822 1474 περιβεβλημένος
839 1419 991 1474 δοραῖς,
1009 1419 1075 1459 καὶ
1094 1421 1236 1459 τοῦτον
1252 1416 1389 1458 ἔπαιον
1402 1413 1570 1473 ῥάβδοις

113 1489 273 1535 λευκαῖς
289 1483 518 1539 ἔπιμήκεσι,
546 1484 797 1542 Μαμούριον
823 1484 945 1527 αὐτὸν
977 1488 1201 1534 καλοῦντες.
1271 1478 1386 1534 οὗτος
1409 1485 1452 1525 δὲ
1476 1501 1567 1538 τεχ-

57 1553 223 1607 2ονίτης
242 1553 284 1594 ἓν
304 1550 514 1612 ὃπλοποιίᾳ
535 1551 757 1608 γενόμενος,
788 1553 855 1595 διὰ
875 1553 920 1596 τὸ
940 1553 998 1607 μὴ
1017 1552 1069 1594 τὰ
1091 1554 1254 1605 διοπετῆ
1275 1552 1434 1607 ἀγκίλια
1451 1569 1569 1595 συνε-

107 1625 195 1675 χῶς
213 1619 422 1674 κινούμενα
446 1623 706 1678 φθείρεσθαι,
742 1619 863 1675 ὅμοια
885 1621 1042 1662 ἐκείνων
1065 1618 1327 1664 κατεσκεύασε
1345 1624 1426 1661 τῶν
1446 1620 1567 1675 ἀρχε-

110 1686 268 1732 *uium-
310 1687 409 1733 ὅθεν
437 1687 766 1746 παροιμιαζοντες
797 1689 834 1730 οἶ
872 1690 1034 1740 πολλοί,
1087 1689 1149 1729 ἐπὶ
1190 1694 1275 1737 τοῖς
1308 1689 1569 1741 τυπτομένοις

112 1757 388 1813 διαγελῶντες,
423 1759 548 1814 φασὶν
566 1756 622 1809 ὡς
640 1757 710 1801 τὸν
729 1755 981 1815 Μαμούριον
1009 1756 1120 1817 αὐτῷ
1141 1757 1315 1809 παίζοιεν
1335 1756 1373 1798 οἷ
1395 1755 1568 1800 τύπτον-

200 1872 225 1909 4
245 1870 572 1919 ὖπολειπομὲνωνῖ

109 1973 208 2009 venit
224 1975 270 2009 ad
287 1985 376 2019 eum,
397 1976 547 2010 offerens
565 1980 638 2010 tres
657 1975 783 2009 libros=
803 1975 942 2009 oracula
960 1978 1074 2009 autem
1087 1974 1243 2019 Sibyllae
1255 1975 1431 2009 Cumanae
1450 1977 1563 2008 erant.

108 2020 274 2065 cupiebat
302 2026 416 2056 autem
443 2022 589 2066 triginta
614 2033 674 2055 eos
704 2021 858 2055 vendere
884 2022 994 2054 mimis
1030 2021 1158 2055 aureis.
1205 2020 1263 2054 ille
1284 2032 1369 2054 vero
1391 2031 1467 2053 cum
1489 2030 1564 2052 eam

109 2065 388 2110 contempsisset,
417 2067 509 2100 irata
529 2067 651 2100 mulier
676 2077 779 2100 unum
800 2066 967 2100 librorum
990 2066 1190 2100 combussit.
1237 2071 1319 2110 post
1344 2077 1419 2099 cum
1443 2075 1564 2099 rursus

108 2121 187 2144 eum
203 2111 359 2155 adiisset,
378 2112 482 2146 etiam
493 2124 556 2156 pro
571 2113 703 2146 duobus
712 2111 855 2156 reliquis
875 2113 1014 2146 eosdem
1034 2111 1179 2155 triginta
1196 2122 1316 2146 numos
1336 2122 1460 2145 aureos
1479 2121 1562 2154 pos·

109 2156 224 2190 cebat.
270 2155 329 2190 ille
345 2162 459 2191 autem
475 2169 550 2191 cum
565 2158 669 2192 etiam
685 2157 794 2201 magis
813 2169 888 2192 eam
908 2157 1131 2201 neglexisset,
1149 2156 1292 2191 alterum
1311 2167 1449 2201 quoque
1468 2167 1560 2188 com-

109 2201 237 2236 bussit.
283 2213 403 2236 rursus
421 2203 546 2237 deinde
564 2215 629 2248 pro
646 2203 780 2247 reliquo
795 2214 863 2239 uno
881 2205 1023 2237 eandem
1038 2202 1096 2236 illa
1137 2207 1277 2237 oscente
1295 2202 1371 2238 auri
1387 2212 1563 2243 summam,

108 2256 240 2290 regem,
258 2251 370 2282 ratum
387 2247 552 2282 videlicet
569 2248 670 2284 valde
689 2248 906 2284 necessarios
924 2249 1034 2284 fixisse
1052 2248 1121 2281 libe
1148 2259 1199 2292 os,
1218 2248 1343 2282 emisse
1361 2249 1404 2282 ab
1425 2259 1468 2280 ea
1486 2257 1564 2280 eum

109 2291 171 2344 qui
187 2291 341 2338 reliquus
361 2299 456 2335 erat;
480 2299 572 2338 post,
595 2294 748 2330 inventis
770 2294 807 2328 in
828 2306 870 2328 eo
890 2294 1120 2329 Romanorum
1143 2294 1226 2329 fatis
1244 2305 1330 2339 prae
1354 2292 1480 2327 ceteris
1503 2303 1561 2324 so-

108 2334 152 2371 hs
170 2338 305 2372 conseri
332 2337 390 2382 tis,
413 2339 595 2384 sexaginta
611 2340 834 2385 patriciorum
855 2339 1000 2384 collegio
1019 2351 1079 2374 eos
1097 2339 1342 2374 custodiendos
1358 2337 1563 2372 tradidisse.

199 2383 259 2417 35.
343 2383 419 2418 onis
429 2384 568 2421 Martiis
581 2386 693 2419 Varro
709 2397 808 2420 mane
818 2387 990 2420 Coronam
1005 2384 1163 2419 occidere
1177 2386 1237 2428 ait,
1250 2390 1285 2419 et
1299 2385 1386 2418 flare
1398 2384 1561 2416 Boream.

199 2428 258 2463 36.
302 2429 424 2464 Idibus
443 2430 582 2465 Martiis
604 2431 716 2466 feriae
737 2431 846 2475 Iovis,
869 2435 1058 2476 propterea
1081 2432 1172 2474 quod
1195 2431 1328 2465 medius
1346 2428 1473 2463 mensis
1496 2433 1563 2470 est,

111 2474 149 2506 et
165 2483 288 2518 preces
313 2474 472 2519 publicae
495 2487 559 2520 pro
583 2477 787 2512 salubritate
811 2477 904 2511 anni.
952 2475 1197 2510 sacrificabant
1217 2481 1330 2510 autem
1357 2474 1460 2508 etiam
1483 2478 1562 2506 tau-

108 2528 185 2552 rum
202 2529 263 2552 sex
281 2531 446 2554 annorum
462 2533 527 2566 pro
541 2522 634 2566 agris
653 2523 836 2566 montanis,
855 2524 1003 2557 ducente
1021 2522 1213 2566 (pompam)
1231 2520 1398 2565 pontifice
1416 2518 1562 2552 maximo

110 2568 149 2615 et
167 2564 437 2608 canephorarum
461 2579 503 2601 ea
521 2579 610 2612 quae
633 2569 772 2603 ferebat
791 2569 911 2602 vittas.
959 2568 1129 2611 agebatur
1149 2572 1263 2601 autem
1284 2571 1320 2599 et
1338 2566 1437 2598 homo
1456 2564 1562 2598 coriis

108 2607 298 2653 mvolutus,
315 2616 419 2655 atque
434 2612 524 2647 hunc
536 2614 774 2649 verberabant
786 2613 919 2647 baculis
934 2613 1021 2646 albis
1039 2612 1164 2656 longis,
1183 2610 1387 2645 Mamurium
1403 2621 1479 2643 eum
1497 2621 1560 2643 vo-

110 2658 243 2688 cantes.
275 2654 333 2689 hic
351 2661 464 2691 autem
482 2669 558 2692 cum
576 2671 747 2693 armorum
765 2660 866 2693 faber
884 2663 990 2700 esset⁷
1011 2670 1054 2691 ne
1073 2657 1210 2701 ancilia⁷
1229 2668 1318 2701 quae
1337 2655 1479 2690 caelitus
1499 2655 1561 2688 de-

109 2698 289 2750 ciderant,
312 2711 450 2745 semper
468 2705 638 2739 movendo
661 2705 937 2747 conficerentur,
970 2703 1098 2738 similia
1119 2703 1253 2736 illorum
1277 2701 1364 2734 fecit
1388 2700 1560 2744 exempla-

109 2744 212 2778 nun'n.
258 2746 349 2779 unde
367 2746 546 2782 multitudo
566 2762 626 2784 eos
648 2751 709 2795 qui
725 2751 957 2784 verberantur
975 2749 1150 2792 deridens,
1172 2746 1354 2793 proverbii
1370 2746 1446 2780 loco
1465 2745 1563 2789 dicit,

109 2787 316 2825 Mamurium
340 2802 382 2827 ea
402 2803 441 2826 re
458 2792 531 2828 ludi
551 2797 596 2830 ab
614 2795 658 2830 iis
678 2795 739 2842 qui
758 2795 879 2842 plagas
901 2795 968 2830 illis
988 2794 1169 2840 infligunt:
1193 2795 1306 2829 fertur
1325 2791 1415 2828 enim
1434 2797 1470 2827 et
1485 2791 1564 2838 ipse
