1748 3210
584 172 1037 219 COMMENTARIUS.
1478 185 1535 215 xv

79 309 270 350 credibile
293 315 372 357 est,
402 308 473 346 illa
504 309 588 347 fere
620 309 754 347 omnia
773 306 992 346 interirent.
1048 303 1219 354 accedit,
1250 303 1358 358 quod
1376 305 1534 357 copiosa

80 384 268 429 excerpta
293 377 336 414 in
362 375 657 429 Theophylacti
681 375 888 413 historiam
915 388 968 413 ex
996 376 1168 412 Ioannea
1191 375 1332 412 tralata
1350 372 1535 412 homines

79 445 133 484 ad
165 443 269 483 hanc
303 443 602 483 describendam
633 445 835 494 segniores
869 442 1033 482 reddere
1069 441 1301 480 debuerunt.
1359 444 1416 481 ita
1450 444 1534 481 eius

77 512 233 552 codices
250 513 444 566 paulatim
462 518 723 560 evanuerunt,
751 519 907 563 praeter
922 510 1042 549 duos:
1070 509 1214 549 horum
1235 511 1405 549 alterum
1426 524 1531 550 saec.

78 582 133 622 12
147 581 268 632 ,Cpoli
284 582 388 618 inter
404 582 543 618 Annae
564 580 789 618 Comnenae
813 593 955 618 manus
974 580 1096 618 fuisse
1115 578 1252 628 video,
1283 592 1385 632 quae
1405 581 1531 618 inter-

10 664 12 666 ·
74 647 174 687 dum
194 655 301 692 ,totos
325 649 434 687 locos
461 649 638 696 Ioannis,
667 655 712 686 ut
735 654 795 686 est
813 648 1074 686 sententiosus
1097 649 1280 700 scriptor,
1310 649 1530 700 usurpavit,

75 729 222 770 eosque
249 715 415 755 totidem
435 716 565 755 verbis
582 717 626 754 in
643 716 910 754 narrationem
929 716 1068 753 furtim
1087 717 1286 754 transtulit
1304 728 1438 764 suam3
1469 716 1533 753 al·-

73 791 204 824 terum
237 786 324 838 ipse
356 782 600 836 deprehendi
631 785 736 822 inter
771 785 981 823 Vaticanus
1010 782 1125 822 codd.
1159 785 1328 822 Graecos
1358 785 1532 821 Parisios

73 859 336 901 transvectos,
379 850 515 890 charta
548 853 698 890 cariosa
725 865 828 890 saec.
860 854 910 892 13
940 853 1144 903 scriptum.
1203 865 1283 904 quo
1316 853 1359 889 iu
1396 851 1530 890 codice
1554 865 1590 899 p.
1618 865 1683 888 xn-

73 933 196 973 quem
227 919 358 960 solum
391 928 511 974 atque
546 934 673 960 unum
706 932 910 971 superesse
948 920 1134 969 arbitror,
1165 932 1282 971 aegre
1310 920 1395 957 sero
1427 918 1531 957 nihil

72 1001 196 1041 quam
223 988 400 1040 primum
429 990 559 1041 operis
589 986 711 1042 τόμον
737 1001 944 1039 superare,
979 1001 1055 1026 nec
1085 988 1201 1025 illum
1229 987 1394 1040 quidem
1423 988 1531 1025 inte·-

70 1069 201 1108 grum.
258 1058 391 1108 ipsum
412 1064 614 1096 auctorem
640 1058 710 1095 alii
731 1070 822 1094 cnm
844 1058 992 1094 Ioanne
1013 1055 1261 1094 Antiocheno
1283 1055 1530 1094 Scholastico

69 1122 294 1177 patriarcha
325 1124 534 1177 Cpolitano
565 1123 849 1174 confuderunt,
880 1124 948 1162 alii
976 1137 1067 1161 cum
1093 1127 1241 1167 Ioanne
1261 1125 1430 1173 Malela,
1462 1125 1531 1161 alii

69 1193 207 1244 aliter3
250 1206 325 1232 nec
361 1195 534 1245 reperire
565 1195 678 1246 potui
708 1195 778 1246 qui
808 1192 1030 1231 distinctius
1059 1192 1111 1230 'de
1142 1194 1212 1232 illo
1246 1201 1380 1244 ageret
1410 1205 1531 1245 quam

68 1262 192 1300 Henr.
211 1262 343 1302 Vales.
361 1259 425 1300 ed.
445 1262 608 1313 Evagrii
626 1263 814 1299 Annotat.
835 1275 878 1313 p.
900 1264 1002 1304 122:
1033 1264 1182 1315 quippe
1214 1262 1417 1299 Fabricius
1446 1263 1531 1311 ipse

66 1327 259 1368 Biblioth.
279 1330 419 1368 Graec.
439 1330 520 1366 vol.
543 1332 568 1367 6
586 1342 627 1377 p.
647 1331 732 1367 686
757 1341 851 1364 eum
869 1331 1060 1366 Ioamiem
1081 1327 1374 1366 Antiochenum
1397 1330 1532 1367 nomi—-

67 1402 158 1446 nat,
187 1396 414 1448 quasivero
435 1395 631 1445 Evagrius
662 1394 761 1446 (qui
785 1395 825 1431 in
847 1395 934 1431 loco
952 1396 1009 1431 ibi
1031 1408 1054 1432 a
1072 1396 1252 1433 Fabricio
1272 1397 1392 1434 allato
1413 1398 1534 1434 Ioan-

66 1476 160 1502 nem
178 1462 354 1515 appellat
372 1463 501 1500 civem
518 1460 661 1511 suum)
691 1459 903 1498 Antiochia
920 1462 1063 1510 fuerit,
1091 1475 1173 1499 non
1193 1462 1435 1514 Epiphania.

174 1531 323 1571 verum
348 1527 451 1567 haec
478 1527 528 1566 de
553 1531 701 1567 Ioanne
725 1529 898 1567 breviter
924 1531 1164 1580 perstrinxi,
1195 1537 1239 1568 ut
1260 1530 1526 1582 quemadmo-
1554 1538 1581 1578 8

64 1597 164 1639 dum
183 1598 445 1638 Orientalium
455 1599 755 1650 provinciarum
776 1598 935 1636 saeculo
956 1601 983 1640 7
1006 1599 1220 1637 amissione
1236 1599 1329 1636 libri
1348 1601 1532 1651 complu-

63 1668 156 1706 rimi
189 1667 311 1707 simul
341 1665 593 1715 evanuerint,
634 1679 714 1704 uno
751 1666 939 1718 exemplo
974 1667 1234 1718 explicarem.
1291 1681 1367 1705 nec
1397 1669 1531 1708 minus

63 1733 168 1787 Lydi
198 1734 326 1772 multa
355 1734 600 1786 exemplaria
621 1733 764 1772 eodem
783 1733 969 1772 incendio
994 1735 1235 1788 conflagrare
1255 1749 1418 1775 necesse
1438 1738 1529 1786 fuit,

62 1803 295 1855 praesertim
321 1803 356 1840 si
380 1809 609 1854 reputamus
635 1803 794 1855 Syriam
815 1810 855 1841 et
875 1805 1130 1855 Aegyptum,
1160 1811 1246 1842 tum
1267 1817 1425 1858 semper
1444 1813 1531 1844 tum

63 1871 240 1908 maxime
275 1876 390 1909 sexto
426 1873 675 1924 septimoque
706 1873 889 1920 saeculo,
926 1873 1174 1924 receptacula
1200 1873 1324 1912 fuisse
1350 1875 1531 1925 magicae

62 1936 328 1991 fatidicaeque
365 1937 618 1991 disciplinae,
663 1939 994 1994 philosophisque
1033 1948 1072 1980 et
1107 1942 1317 1993 astrologis
1346 1943 1526 1991 refertas,

64 2007 245 2045 certatim
272 2007 594 2061 conquirentibus
629 2007 934 2047 mathematicos
963 2023 1010 2048 ao
1032 2010 1253 2061 fulgurales
1277 2011 1414 2050 libros.
1473 2012 1529 2049 ita

63 2075 232 2114 raritatis
253 2074 434 2113 codicum
451 2075 556 2127 Lydi
574 2076 767 2114 Arabicus
787 2078 983 2115 tumultus
1004 2077 1162 2116 videtur
1180 2092 1260 2116 una
1278 2092 1364 2117 esse
1382 2092 1522 2128 causa3
1548 2096 1584 2129 p.
1612 2096 1660 2118 xx

63 2143 186 2181 altera
206 2143 397 2192 fortasse,
428 2143 537 2196 quod
563 2151 698 2183 auctor
719 2152 926 2196 suspectus
951 2153 1054 2185 esset
1076 2145 1125 2184 de
1150 2147 1367 2198 religione:
1396 2149 1527 2199 capita

63 2211 172 2248 enim
190 2213 274 2250 eius
294 2225 346 2249 ex
362 2214 586 2264 aruspicina
606 2214 850 2266 scientiaque
872 2215 1052 2266 augurali
1070 2216 1195 2267 petita
1212 2214 1426 2254 offendisse
1447 2215 1525 2254 ho-

62 2278 217 2316 minum
251 2281 403 2318 animos
430 2281 534 2318 infra
562 2282 711 2333 patebit
732 2296 774 2334 p.
793 2295 890 2320 xxn
909 2289 949 2320 et
966 2296 1070 2322 xxw
1095 2297 1117 2321 e
1142 2282 1277 2322 Photii
1300 2286 1527 2337 Leonisque

61 2345 239 2384 Caesaris
257 2347 377 2397 locis3
409 2362 510 2402 quae
530 2349 693 2403 quidem
710 2350 861 2389 invidia
882 2350 1097 2404 quosdam,
1129 2354 1198 2404 qui
1216 2354 1258 2390 in
1274 2354 1525 2391 monasteriis

60 2412 214 2453 codices
246 2413 544 2468 describebant,
586 2420 849 2471 promptiores
878 2421 1045 2460 fortasse
1081 2420 1255 2460 reddidit
1292 2420 1343 2459 ad
1368 2422 1524 2458 exstin-

60 2481 259 2532 guendam
290 2485 374 2522 eius
409 2487 644 2524 memoriam
674 2501 796 2540 quam
826 2487 878 2526 ad
899 2488 1214 2541 propagandam.
1270 2491 1385 2528 tertia
1406 2502 1523 2527 causa

61 2550 229 2589 raritatis
258 2551 440 2591 codicum
470 2554 576 2607 Lydi
598 2562 663 2594 est
694 2556 937 2608 excerpendi
966 2556 1164 2608 studium,
1196 2556 1304 2611 quod
1326 2559 1523 2595 invaserat

61 2617 250 2668 Graecos,
280 2627 325 2658 ut
346 2634 429 2675 quo
458 2626 547 2675 quis
579 2631 683 2664 esset
708 2627 838 2677 magis
867 2627 999 2663 varius
1020 2633 1058 2664 et
1076 2628 1354 2680 quaestionum
1377 2625 1520 2676 plenus

58 2684 182 2735 liber,
214 2699 260 2724 eo
282 2690 474 2729 maiorem
492 2692 758 2732 breviantium
773 2694 931 2733 turbam
952 2696 1176 2743 allectaret3
1209 2695 1278 2745 qui
1296 2700 1444 2746 quanta
1468 2694 1523 2731 li-

58 2754 152 2791 teris
181 2756 326 2794 nostris
352 2755 590 2799 detrimenta
620 2762 891 2814 importarint,
923 2777 1015 2802 cum
1041 2764 1155 2800 factis
1185 2761 1519 2808 deflorationibus,

58 2826 102 2858 ut
123 2821 285 2862 tuorum
309 2824 430 2865 verbo
458 2834 568 2878 utar,
608 2830 697 2882 ipsa
733 2844 852 2884 opera
881 2833 1202 2883 negligerentur,
1246 2837 1338 2882 post
1368 2832 1520 2869 Iustum
