1748 3210
231 191 326 238 246
751 191 970 235 IOANNIS
1002 193 1134 234 LYDI

228 305 299 359 μὲν
319 304 364 347 τὸ
384 302 584 362 πρότερον,
619 302 797 356 ἐξαπίνης
815 306 892 344 τῶν
911 303 1081 358 Περσῶν
1100 301 1371 356 ἒπιχεθέντων·
1404 307 1482 346 τῶν
1501 303 1544 346 δὲ
1562 307 1644 346 λοι-

229 377 314 415 πιῦν
339 371 431 420 τούς
456 390 496 413 τε
517 372 678 425 Πέρσας
707 365 927 417 διωξάντων
954 371 1020 410 καὶ
1044 369 1207 421 Aulam
1230 369 1400 412 ἃλοῦσαν
1419 370 1645 427 ῥυσαμίνων

231 433 372 488 αὖθις,
410 435 430 478 ὁ
450 438 611 491 Πέρσης
637 434 775 490 λόγους
801 436 947 488 ἐκίνησε
969 435 1067 491 πρὸς
1087 435 1260 490 Κέλερα,
1300 434 1341 484 ὃς
1363 432 1410 490 ἦν
1432 436 1647 492 μάγιστρος

230 510 309 547 τῶν
339 508 393 559 τῷ
424 503 684 558 Ἀναστασίῳ,
724 503 811 558 περὶ
833 501 1082 558 Βιριπαράχ,
1125 499 1178 550 ὡς
1203 501 1450 557 προέφαμεν,
1491 505 1554 544 καὶ
1577 506 1648 555 τῆς

231 570 332 611 κατὰ
351 567 475 621 μόνας
490 567 565 609 ὕπὸ
585 570 752 624 Περσῶν
766 569 972 623 γενομένης
989 570 1076 625 περὶ
1096 568 1215 609 αὖτοῦ
1234 566 1419 621 δαπάνης.
1445 570 1510 610 καὶ
1527 569 1678 623 πέραςό

232 635 342 687 ἴσχεν
370 633 395 688 ἦ
426 636 638 690 φιλονεικία
666 637 832 690 μετρίων
863 641 976 677 τινῶν
1001 634 1076 677 ῧπό
1101 635 1356 676 Ἀναστασίου
1381 634 1650 689 χαρισθέντων

231 700 384 755 Κωάδῃ
399 714 409 724 ·
453 702 498 742 τὸ
521 701 597 756 γὰρ
617 699 867 757 μεγαλόφρον
883 701 1135 744 Ἀναστασίου
1159 703 1223 741 καὶ
1247 700 1463 753 εὖμίθοδον
1484 699 1651 752 εὐσεβῶς

231 768 303 820 τὴν
334 765 430 822 ὑπὲρ
460 766 613 822 εἰρήνης
643 769 782 821 ζημίαν
809 766 983 820 ὑπέμενε.
1047 772 1224 816 τοιοῦτος
1242 767 1313 820 μὲν
1331 762 1400 808 οὖν
1421 765 1442 808 ὃ
1465 767 1552 822 περὶ
1575 770 1652 808 τῶν

231 834 424 876 Κασπίων
443 838 576 875 πυλῶν
595 841 677 883 τοῖς
693 832 903 887 ζΡωμαίων
921 838 1209 891 συγγραφεῦσιν
1229 831 1249 874 ὃ
1270 830 1395 887 λόγος.
1452 832 1655 887 Ἀρριανὸς

232 901 294 941 ἐπὶ
326 904 396 952 τῆς
419 899 622 953 Ἀλανικῆς
650 901 824 955 ἱστορίας
848 902 913 941 καὶ
942 901 1014 954 οὐχ
1045 899 1186 954 ἥκιστα
1217 900 1278 940 ἐπὶ
1309 904 1380 953 τῆς
1409 897 1550 952 ὃγὸόης
1576 901 1653 939 τῶν
1665 910 1707 945 10

233 968 459 1021 Παρθικῶν
483 966 757 1022 ἀκριβέστερον
785 967 1014 1022 διεξέρχεται
1023 998 1036 1017 ,
1083 966 1201 1014 αὐτὸς
1229 971 1310 1015 τοῖς
1336 964 1469 1013 τόποις
1497 964 1656 1012 ἐπιστὰς

234 1030 300 1074 οἷα
321 1037 390 1086 τῆς
405 1031 542 1087 χώρας
568 1032 688 1086 αὐτῆς
709 1031 951 1087 ἡγησάμενος
972 1031 1047 1074 ὑπὸ
1073 1036 1260 1088 Τραϊανῷ
1280 1036 1335 1088 τῷ
1351 1035 1534 1087 χρηστῷ·
1572 1047 1657 1072 τοι-

236 1097 377 1147 ούτους
394 1099 468 1154 γὰρ
493 1098 685 1153 ἄρχοντας
703 1099 844 1147 ἐκεῖνος
861 1099 982 1152 ἴσχεν,
1010 1099 1053 1140 οἳ
1068 1105 1150 1148 τοῖς
1168 1115 1208 1139 τε
1228 1098 1357 1152 λόγοις
1373 1105 1455 1146 τοῖς
1469 1113 1509 1138 τε
1531 1095 1657 1153 ἔργοις

237 1166 291 1214 εἷς
310 1163 503 1218 τοσαύτην
521 1164 693 1205 εὔκλειαν
709 1165 779 1217 τὴν
797 1167 992 1205 πολιτείαν
1010 1165 1236 1218 ἀνέστησαν.

372 1227 447 1272 54.
517 1229 718 1271 Τοιούτων
738 1231 809 1282 μέν
827 1233 914 1286 περὶ
935 1231 1119 1286 Πέρσας,
1161 1229 1312 1286 μυρίων
1332 1228 1373 1270 δὲ
1393 1227 1520 1270 ἄλλων
1541 1227 1657 1271 πολέ-
1669 1241 1710 1275 15

235 1312 324 1351 μων
339 1295 614 1348 ἂναπτομένων
626 1296 670 1338 τὸ
685 1296 818 1338 λοιπὸν
836 1301 1003 1351 λογικοῖς
1019 1295 1193 1352 πάροδος
1215 1295 1284 1337 οὐκ
1301 1289 1349 1348 ἦν
1368 1295 1429 1335 ἐπὶ
1449 1294 1520 1348 τὴν
1536 1295 1676 1351 ἔπαρ-ι

236 1362 400 1416 χότητα.
467 1361 543 1403 ἔδει
566 1363 608 1403 δὲ
625 1361 839 1418 χρημάτων
850 1395 862 1413 ,
894 1365 957 1404 καὶ
980 1364 1091 1404 οὐδὲν
1108 1358 1155 1416 ἦν
1173 1361 1262 1403 ἄνευ
1286 1361 1415 1403 αὐτῶν
1434 1364 1660 1417 πραχθῆναι

239 1433 318 1471 τῶν
341 1427 516 1470 δεόντων.
584 1429 690 1479 ὅπως
712 1430 754 1470 δὲ
778 1431 900 1484 μηδὲν
923 1434 1002 1472 τῶν
1023 1428 1120 1485 πρὸς
1146 1427 1369 1484 ἀνατροπὴν
1393 1431 1462 1480 τῆς
1486 1426 1662 1482 πρόσθεν

242 1495 454 1551 εὐπραγίας
470 1500 679 1551 παροφθῇ,
714 1495 828 1538 σάλοι
849 1501 1077 1552 σκιρτῶντες
1099 1497 1164 1536 καὶ
1186 1497 1403 1542 ὄιιστῶντες
1422 1493 1492 1546 τὴν
1509 1497 1580 1548 γῆν
1601 1493 1662 1548 ῥι-

242 1561 358 1614 ζόθεν
379 1562 450 1615 τὴν
470 1561 661 1603 Σελεύκου
677 1562 911 1616 Ἀντιόῃιαν
931 1563 1140 1612 κατέαξαν,
1174 1566 1231 1619 τῷ
1249 1559 1508 1616 ὖπερκειμὲνῳ
1530 1563 1662 1616 βουνῷ
1671 1569 1716 1604 20

241 1628 313 1682 τὴν
335 1627 448 1670 πόλιν
471 1627 752 1680 σκεπάσαντες,
793 1627 847 1678 ὡς
863 1631 1058 1683 μηδεμίαν
1079 1629 1275 1685 διαφορὰν
1294 1626 1411 1683 ὅρους
1429 1627 1493 1668 καὶ
1514 1624 1663 1676 πόλεως

336 1765 355 1798 1
373 1759 631 1807 ἐπισχεθέντων
650 1765 692 1799 C.
784 1767 807 1800 2
827 1762 970 1806 ἐδίωξεν
991 1764 1065 1799 τῶν
1083 1766 1126 1800 C.
1216 1763 1239 1798 4
1253 1763 1339 1807 τῶν]
1361 1764 1447 1797 addo
1464 1759 1663 1806 ὀφφικίων.

335 1809 382 1842 cf.
405 1810 428 1842 2
449 1808 494 1843 24
512 1806 696 1852 ὀφφικίων
720 1814 754 1843 et
775 1810 797 1844 3
823 1811 863 1844 17
886 1810 922 1842 in
940 1811 1021 1844 fine.
1043 1812 1087 1845 F.
1221 1809 1242 1842 5
1265 1807 1397 1852 πέρσας
1415 1809 1456 1841 C.
1576 1809 1597 1841 9
1621 1803 1665 1841 ὃν

332 1849 541 1894 Ἀρριανὸςῒ
677 1855 718 1888 10
741 1854 935 1896 σαλανικῆς
958 1855 999 1888 C.
1135 1851 1180 1897 ὄχ
1203 1853 1245 1887 C.
1382 1854 1422 1888 11
1447 1851 1664 1896 Παρθικῶν]

334 1898 519 1940 παροίκων
542 1897 658 1942 vulgo.
771 1896 897 1938 αὐτοῖς
919 1899 1034 1942 vulgo.

246 2015 404 2062 Hypatii‚
428 2016 536 2064 primo
555 2017 691 2063 quidem
718 2018 871 2066 superati
890 2023 988 2064 sunt,
1010 2022 1154 2065 repente
1173 2018 1380 2054 irruentibus
1397 2017 1533 2053 Persis:
1557 2021 1594 2053 at
1609 2028 1666 2054 re-

245 2063 331 2106 liqui
355 2073 428 2096 cum
447 2065 675 2108 reppulissent
695 2066 818 2100 Persas
839 2066 1059 2109 Amidamque
1080 2070 1211 2110 captam
1232 2065 1453 2109 recepissent,
1474 2065 1580 2097 Persa
1595 2074 1669 2097 cum

247 2107 381 2149 Celere,
406 2107 465 2150 qui
485 2114 560 2142 erat
579 2110 740 2153 magister
762 2111 949 2144 officiorum
968 2111 1167 2153 Anastasio,
1191 2110 1372 2143 collocutus
1395 2114 1449 2142 est
1465 2110 1508 2142 de
1529 2108 1666 2141 castello

244 2151 475 2194 Biraparach,
499 2157 537 2185 ut
556 2155 803 2198 praediximus,
827 2156 937 2199 deque
955 2160 1089 2199 sumptu
1107 2166 1205 2208 quem
1225 2155 1261 2188 in
1278 2154 1359 2187 illud
1375 2154 1502 2186 Persae
1523 2152 1588 2186 soli
1603 2152 1667 2185 im—

245 2196 448 2240 penderant.
496 2197 663 2242 finemque
686 2199 805 2233 habuit
826 2199 1018 2243 contentio,
1041 2200 1181 2233 modlcis
1204 2199 1403 2243 quibusdam
1425 2199 1467 2232 ab
1488 2197 1668 2231 Anastasio

248 2241 387 2273 Coadae
408 2242 596 2275 concessis:
633 2243 759 2287 quippe
782 2243 954 2277 Anastasii
975 2255 1161 2287 generosus
1186 2245 1444 2286 moderatusque
1465 2242 1592 2276 animus
1614 2241 1667 2274 ia·-

247 2290 376 2317 cturam
398 2284 492 2329 pacis
513 2286 624 2329 gratia
645 2287 701 2331 pie
722 2289 868 2322 ferebat.
916 2289 999 2322 haec
1016 2289 1122 2332 igitur
1143 2290 1186 2322 de
1208 2289 1322 2322 Portis
1345 2287 1481 2331 Caspiis
1498 2288 1668 2320 Romano—

247 2338 321 2362 rum
346 2329 499 2362 historici
521 2331 670 2364 tradunt.
717 2332 879 2366 Arrianus
902 2333 938 2365 in
961 2333 1104 2367 historia
1124 2333 1282 2376 Alanica,
1307 2336 1342 2366 et
1360 2331 1502 2365 maxime
1523 2331 1560 2363 in
1580 2330 1668 2363 libro

249 2378 370 2406 octavo
402 2374 636 2408 Parthicorum
660 2377 848 2410 accuratius
873 2377 1041 2422 explicat3
1079 2377 1205 2422 quippe
1222 2377 1297 2422 ipsa
1318 2377 1391 2410 loca
1412 2375 1587 2418 lustravit,
1613 2379 1671 2407 ut-

247 2422 330 2462 pote
353 2417 421 2462 ipsi
443 2418 576 2461 regioni
598 2421 661 2453 sub
684 2421 809 2464 optimo
834 2422 985 2455 Traiano
1012 2423 1223 2466 praefectus:
1258 2421 1342 2455 tales
1368 2420 1455 2454 enim
1483 2419 1532 2452 illi
1562 2419 1671 2462 magi—

249 2468 375 2538 straltus
404 2463 519 2507 fuere,
553 2463 611 2508 qui
633 2475 704 2498 rem
723 2465 892 2509 publicam
919 2471 954 2500 et
979 2466 1088 2500 literis
1116 2471 1153 2500 et
1176 2466 1277 2500 factis
1305 2466 1348 2499 ad
1375 2470 1503 2498 tantam
1530 2463 1670 2508 gloriam

249 2518 312 2539 eve
340 2512 447 2540 erent.

338 2552 393 2603 δίζε.
441 2551 505 2584 His
528 2554 638 2596 quoad
655 2552 791 2597 Persas,
814 2553 997 2589 innumeris
1015 2566 1098 2589 vero
1117 2554 1192 2589 aliis
1212 2554 1310 2590 bellis
1332 2554 1470 2596 coortis,
1494 2553 1530 2586 in
1552 2555 1671 2598 poste-

250 2605 325 2628 rum
354 2595 497 2629 llteratis
521 2598 563 2630 ad
589 2599 836 2642 praefecturam
867 2601 978 2633 aditus
1008 2612 1075 2634 non
1104 2599 1225 2644 patuit.
1272 2599 1417 2643 pecunia
1445 2603 1555 2632 autem
1585 2607 1670 2641 opus

251 2644 347 2682 erat,
360 2651 442 2692 ‘nec
465 2641 539 2674 sine
563 2652 604 2676 ea
625 2643 803 2688 quicquam
827 2654 941 2677 eorum
964 2655 1051 2688 quae
1073 2645 1254 2689 oportebat
1274 2644 1351 2678 fieri
1372 2646 1520 2688 poterat.
1566 2653 1606 2675 ac
1627 2651 1671 2673 ne

251 2684 333 2727 quid
358 2695 394 2717 111
418 2687 604 2720 evertenda
625 2688 768 2732 pristina
792 2688 956 2722 felicitate
980 2689 1328 2732 praetermitteretur,
1364 2687 1569 2721 exsultantes
1599 2689 1671 2718 ter-

249 2737 388 2772 ramque
409 2730 576 2764 findentes
596 2738 704 2765 motus
727 2732 862 2766 Seleuci
884 2733 1096 2766 Antiochiam
1118 2733 1280 2766 radicitus
1301 2738 1472 2774 eruerunt,
1517 2728 1670 2773 superia-

251 2774 343 2807 centi
367 2773 451 2808 colle
469 2776 585 2810 urbem
601 2781 769 2823 tegentes,
795 2777 885 2812 nullo
906 2782 942 2812 ut
965 2777 1159 2813 discrimine
1180 2778 1304 2812 montis
1327 2777 1489 2822 urbisque
1509 2773 1592 2808 locis
1614 2784 1672 2807 re-
