1748 3210
215 209 311 255 226
733 209 955 253 IOANNIS
987 210 1120 254 LYm
1173 265 1183 276 ,

216 321 318 380 ἑῴαν
335 322 552 379 μερίζεται,
586 321 651 362 καὶ
679 319 770 376 ἄχρι
799 320 871 373 μὲν
891 321 1145 373 Παννωνιάς,
1176 321 1416 380 ἢν“Ἐλληνες
1433 327 1630 370 Παιονίαν

217 390 274 431 δι’
303 390 497 445 εὐφωνίαν
527 389 593 428 καὶ
613 387 748 442 ’φυγὴν
775 391 1055 443 βαρβαρισμοῦ
1085 395 1400 443 καινοτομοῦντες
1429 392 1629 446 ἐκάλεσαν,

217 458 282 498 καὶ
314 457 479 510 Σιρμίου
508 457 579 506 τῆς
607 451 730 494 πάλαι
755 454 826 506 μὲν
849 452 1050 507 Ῥωμαίων
1082 456 1308 510 εὐδαίμονος
1334 457 1481 510 πόλεως
1497 465 1566 503 νῦν
1586 462 1630 502 δὲ

214 525 256 564 Γ
251 524 441 576 ηπαιδιῦν,
475 519 546 573 τὴν
567 521 669 561 ῗδίαν
691 519 869 571 διασώζει
892 525 1166 579 προσηγορίαν,
1200 525 1287 579 περὶ
1308 525 1436 579 δὲτὴν
1454 520 1631 585 Θρᾳκίαν

215 587 434 640 εἶλούμενος
453 585 665 638 ἀποβάλλει
682 588 753 640 μὲν
770 587 880 643 παρὰ
902 595 982 637 τοῖς
1000 591 1218 646 ἐπιχωρίοις
1236 590 1280 631 τὸ
1301 590 1523 646 ἔμπροσθεν
1539 593 1661 635 ἔνο-5

213 672 272 708 μα
283 686 295 705 ,
334 651 559 706 Δανούβιος
590 653 632 694 δὲ
656 653 904 707 μεταβάλλει.
973 655 1075 698 οὕτω
1100 658 1142 697 δὲ
1165 657 1284 699 αὖτὸν
1306 657 1344 698 οἳ
1369 657 1522 716 Θρᾷκες
1537 660 1630 703 ἐκά-

214 726 353 771 λεσαν,
394 719 494 761 διότι
521 721 606 775 περὶ
625 721 674 762 τὰ
695 721 794 777 πρὸς
819 721 961 776 ἄρκτον
980 722 1051 779 ὅρη
1075 725 1139 764 καὶ
1159 725 1357 779 θρασκίαν
1375 723 1517 777 ἄνεμον
1537 741 1631 768 συν-

213 788 333 844 νεφὴς
363 785 383 828 ὃ
412 787 488 842 ἀὴρ
518 787 560 828 ἐκ
587 791 658 840 τῆς
678 786 929 842 ὗποκειμένης
951 794 1029 831 τῶν
1053 788 1182 846 ’ὑγρῶν
1201 791 1389 846 ἀμετρίας
1407 791 1544 844 σχεδὸν
1564 792 1634 834 διὰ

212 854 357 903 παντὸς
378 853 684 906 ἀποτελούμενος
713 855 837 903 αἴτιος
867 855 999 905 αὐτοῖς
1031 862 1216 910 συνεχοῦς
1235 858 1452 913 ἐπομβρίας
1476 858 1630 910 [ἀποτε-

209 923 379 972 λεῖσθαι]
401 922 615 973 νομίζεται·
633 919 859 974 Λανούβιον
879 923 921 962 δὲ
938 923 1006 964 τὸν
1024 922 1290 980 νεφελοφόρον
1313 926 1448 966 ἐκεῖνοι
1468 928 1632 968 καλοῦσι
1642 929 1684 962 10

208 990 394 1041 πατρίως.
459 988 526 1027 καὶ
548 991 674 1029 ταῦτα
702 989 773 1040 μὲν
793 990 879 1043 περὶ
901 992 978 1030 τῶν
1000 995 1212 1043 ποταμῶν,
1246 989 1300 1040 ὥς
1318 992 1359 1032 ἓν
1378 990 1632 1047 παρεκβάσει,

211 1055 311 1097 κατὰ
333 1053 563 1107 Σαμωνικόν
589 1054 656 1095 τὸν
678 1053 872 1108 Ῥωμαῖον
897 1055 1090 1111 ἱστορικόν
1098 1088 1110 1108 ,
1158 1055 1201 1105 ὃς
1231 1057 1331 1113 πρὸς
1347 1058 1632 1112 Διοκλητιανόν

212 1124 278 1164 καὶ
298 1123 338 1162 Γ
336 1121 489 1176 αλὲριον
510 1120 576 1160 τὸν
593 1122 755 1175 γέροντα
772 1123 858 1176 περὶ
876 1124 1059 1163 ποικίλων
1078 1121 1306 1177 ζητημάτων
1327 1125 1523 1178 διελέχθη.

347 1188 423 1230 33.
490 1184 788 1236 Κωνσταντΐνος
809 1182 878 1228 οὖν
903 1189 1084 1231 Σκυθίαν
1111 1205 1151 1230 τε
1175 1192 1240 1230 καὶ
1262 1192 1429 1232 Μυσίαν
1453 1193 1519 1232 καὶ
1537 1191 1631 1240 τοὺς

209 1255 251 1303 ἓξ
273 1253 402 1294 αὐτῶν
431 1250 601 1308 φόρους,
636 1251 690 1302 ὥς
709 1253 820 1308 ἔφην,
856 1253 1043 1296 ἀπώλεσε.
1108 1257 1257 1310 Συρίαν
1277 1257 1319 1297 δὲ
1339 1255 1432 1310 ὅλην
1450 1259 1515 1298 καὶ
1534 1259 1629 1298 Πα-
1641 1261 1683 1295 15

208 1320 409 1373 λαιστίνην
438 1320 542 1373 (μία
564 1320 609 1360 δέ
626 1320 707 1361 ἐστι
726 1318 861 1376 χώρα,
895 1322 959 1362 καὶ
978 1321 1046 1361 διὰ
1065 1319 1186 1373 μόνον
1208 1322 1383 1378 ἀριθμὸν
1403 1323 1458 1371 εἲς
1477 1327 1632 1377 πλῆθος

208 1386 411 1441 ἀνάγεται)
436 1387 624 1442 ἐπαρχίας
640 1387 856 1437 ἀναδείξας,
886 1386 1031 1441 ἐδεήθη
1053 1386 1244 1445 ὕπαρχον,
1265 1388 1365 1441 μετὰ
1384 1388 1452 1430 τὸν
1468 1387 1634 1443 Λιβύης

207 1456 274 1496 καὶ
291 1454 491 1502 Γαλατίας
515 1453 728 1510 Ἰλλυρίδος
748 1471 789 1495 τε
810 1456 877 1495 καὶ
904 1455 1092 1505 Ἰταλίας,
1136 1457 1201 1496 καὶ
1223 1459 1293 1509 τῆς
1312 1454 1413 1512 ἑῴας
1433 1457 1632 1512 προχειρί-

207 1525 384 1570 σασθαι,
419 1518 696 1573 σκεπτόμενος,
731 1519 784 1569 ὡς
808 1520 926 1569 αὐτὸς
950 1520 969 1560 ὁ
997 1523 1183 1573 βασιλεὺς
1209 1523 1249 1563 ἒν
1270 1528 1351 1571 τοῖς
1371 1521 1512 1564 ἑαυτοῦ
1532 1523 1630 1577 λέγει

206 1585 506 1642 συγγράμμασι,
540 1587 719 1642 Πέρσαις
737 1585 938 1640 ἀδοκήτως
953 1588 1142 1629 ἐπελθεῖν.
1207 1589 1397 1642 ἠπίστατο
1417 1589 1493 1645 γὰρ
1512 1591 1684 1631 Κων-20

205 1660 408 1701 σταντῖνος
418 1684 430 1702 ,
456 1654 579 1701 πολὺς
598 1653 652 1695 ὢν
671 1654 711 1694 ἕν
730 1671 770 1694 τε
791 1651 990 1695 παιδεύσει
1013 1652 1138 1708 λόγων
1155 1657 1219 1696 καὶ
1244 1654 1479 1709 συνασκήσει
1500 1655 1630 1698 ὅπλων

205 1720 318 1774 (οὐδὲ
347 1719 445 1775 γάρ,
493 1722 525 1761 εἰ
553 1721 610 1773 μὴ
639 1720 738 1760 καθ’
768 1719 904 1776 ἑτέραν
932 1722 1135 1764 παίδευσιν
1163 1721 1276 1774 ἔτυχέ
1303 1739 1362 1772 τις
1392 1724 1630 1779 διαπρέπων,

291 1826 314 1860 6
337 1822 376 1858 δὲ
400 1825 466 1858 add
483 1826 527 1858 F.
627 1826 650 1859 7
672 1823 754 1867 περὶ
772 1822 838 1868 τὰ]
862 1823 921 1858 ἐπὶ
941 1826 1057 1869 vulgo.
1142 1826 1352 1878 ftoocouoeiocv
1374 1828 1416 1861 C.
1509 1830 1551 1863 12
1573 1828 1627 1861 in-

290 1876 420 1904 certum
438 1870 532 1903 sicne
551 1869 676 1903 habeat
695 1870 723 1902 C
743 1881 786 1903 an
806 1881 982 1912 σαμωκον.
1003 1872 1046 1904 F.
1139 1867 1181 1909 0¹9
1199 1873 1241 1914 F,
1266 1869 1315 1910 ιὸς
1333 1873 1376 1906 C.
1456 1874 1496 1906 15
1512 1871 1629 1916 φρού-

289 1914 463 2002 &guitigem
484 1959 529 1992 F·
581 1916 622 1948 18
645 1915 942 1958 προχωρίσασθαι
959 1916 1001 1948 C.
1121 1916 1163 1950 21
1189 1912 1227 1949 ἐν
1248 1916 1291 1960 τῇ
1315 1917 1358 1951 C.
1470 1918 1516 1952 22
1534 1915 1628 1952 καθ’

199 2052 268 2081 tem
290 2047 452 2081 flectitur.
499 2059 539 2080 ac
561 2048 769 2082 Pannoniam
791 2049 925 2093 quidem
943 2059 1062 2092 usque,
1086 2060 1185 2093 quam
1204 2050 1342 2092 Graeci,
1367 2050 1534 2084 suavioris
1552 2052 1627 2085 soni

201 2098 237 2125 et
258 2091 462 2125 barbarismi
484 2092 616 2126 vitandi
639 2094 750 2136 gratia
774 2105 894 2126 nomen
917 2099 1097 2137 mutantes,
1120 2094 1303 2128 Paeoniam
1326 2095 1462 2138 dixere,
1491 2102 1527 2129 et
1549 2097 1626 2129 Sir-

199 2136 312 2178 mium,
337 2136 414 2168 olim
432 2137 657 2170 Romanorum
680 2138 813 2171 felicem
837 2138 1021 2181 civitatem,
1045 2150 1133 2172 nunc
1156 2145 1266 2173 autem
1291 2141 1519 2185 Gepidarum,
1544 2153 1626 2185 pro-

199 2181 311 2226 prium
335 2191 455 2213 nomen
478 2182 625 2224 retinet,
658 2182 783 2216 circum
802 2194 885 2215 vero
910 2183 1092 2216 Thraciam
1113 2184 1241 2228 fluens,
1275 2185 1398 2218 amisso
1422 2187 1512 2229 apud
1535 2186 1626 2220 indi-

199 2237 306 2269 genas
329 2225 438 2269 priori
461 2226 614 2269 nomine,
643 2227 819 2261 Danubius
841 2231 995 2260 vocatur.
1041 2228 1091 2261 sic
1109 2235 1219 2262 autem
1240 2241 1312 2262 eum
1334 2230 1487 2264 Thraces
1508 2231 1628 2264 dixere

198 2274 385 2314 propterea
405 2271 514 2313 quod,
549 2271 706 2314 quoniam
725 2273 769 2306 ad
785 2271 939 2305 boreales
964 2279 1094 2306 montes
1113 2274 1363 2318 Thraciamque
1386 2280 1520 2308 ventum
1544 2277 1626 2308 sub-

197 2316 288 2348 iecta
311 2314 519 2348 humidorum
541 2317 748 2350 abundantia
774 2316 922 2350 nubilum
951 2317 1026 2350 fere
1054 2328 1188 2361 semper
1217 2320 1327 2352 aerem
1361 2319 1488 2362 efficit,
1524 2331 1627 2354 causa

197 2360 283 2403 ipsis
308 2361 501 2392 crebrorum
523 2359 678 2393 imbrium
699 2373 775 2395 esse
803 2361 1027 2395 existimatur.
1074 2362 1264 2396 Danubium
1288 2369 1398 2397 autem
1419 2364 1468 2396 illi
1488 2365 1624 2398 nubife-

197 2415 270 2438 rum
289 2404 400 2448 patrio
423 2415 576 2438 sermone
597 2411 734 2439 vocant.
782 2411 817 2438 et
837 2406 921 2438 haec
944 2407 1079 2450 quidem
1098 2408 1140 2440 de
1160 2407 1353 2441 fluminibus
1366 2434 1374 2450 ,
1399 2408 1497 2452 quasi
1514 2409 1548 2442 in
1571 2409 1624 2442 di-

196 2449 386 2492 gressione,
406 2450 588 2483 secundum
606 2450 782 2483 Samocum
798 2451 984 2483 Romanum
1008 2451 1216 2494 historicum,
1240 2453 1298 2496 qui
1317 2453 1359 2485 ad
1378 2453 1625 2488 Diocletianum

195 2499 232 2527 et
251 2494 425 2527 Galerium
448 2505 561 2527 senem
584 2496 626 2528 de
646 2495 762 2528 Variis
781 2495 1047 2534 Quaestionibus
1074 2496 1224 2540 scripsit.

283 2539 340 2573 33.
389 2539 629 2573 Constantinus
652 2540 758 2583 igitur
781 2540 955 2582 Scythiam
980 2541 1193 2584 Mysiamque
1218 2546 1253 2574 et
1277 2553 1391 2575 earum
1412 2543 1562 2586 tributa,
1585 2547 1624 2577 ut

194 2582 278 2626 dixi,
304 2584 467 2627 perdidit.
514 2584 649 2627 Syriam
668 2590 779 2618 autem
802 2590 908 2617 totam
933 2590 968 2617 et
984 2585 1209 2618 Palaestinam
1237 2587 1319 2628 (una
1338 2599 1420 2621 vero
1440 2594 1494 2621 est
1512 2588 1621 2631 regio,

193 2639 234 2661 ac
252 2628 414 2672 singulari
434 2640 570 2662 numero
588 2630 784 2673 plerumque
802 2631 957 2671 effertur)
982 2641 1055 2663 cum
1073 2630 1267 2674 provincias
1288 2633 1534 2676 constituisset,
1558 2644 1618 2665 ne—

193 2683 290 2705 cesse
317 2673 349 2705 ei
368 2673 444 2716 fuit,
466 2680 603 2718 praeter
621 2675 754 2717 Libyae
777 2674 910 2707 Galliae
930 2674 1068 2717 Illyriae
1087 2680 1122 2707 et
1141 2675 1260 2708 Italiae
1273 2701 1282 2718 ,
1307 2677 1462 2711 Orientis
1487 2688 1619 2722 quoque

191 2717 402 2760 praefectum
426 2730 554 2763 creare,
577 2718 766 2762 meditanti,
790 2724 828 2752 ut
850 2719 924 2763 ipse
945 2719 1130 2764 imperator
1147 2719 1182 2751 in
1200 2720 1338 2764 scriptis
1359 2722 1430 2755 suis
1448 2722 1508 2765 ait,
1532 2721 1619 2755 Per-

192 2772 247 2794 sas
271 2763 314 2796 de
336 2761 520 2806 improviso
544 2765 698 2809 aggredi.
732 2770 875 2798 noverat
896 2764 984 2797 enim
1007 2764 1261 2808 Constantinus,
1286 2765 1458 2800 literarum
1475 2766 1619 2800 scientia

192 2810 295 2850 atque
321 2818 488 2843 armorum
519 2821 582 2844 usu
611 2815 789 2856 praestans
820 2809 955 2854 (neque
977 2809 1085 2854 enim,
1120 2809 1186 2843 nisi
1214 2810 1290 2855 quis
1314 2816 1455 2857 utraque
1475 2811 1619 2846 scientia
