1748 3210
379 187 454 230 DE
486 183 934 229 MAGISTRATIBUS
965 183 1011 227 P.
1040 183 1094 226 R.
1127 182 1231 224 LIB.
1260 172 1318 224 114
1483 181 1579 228 167

116 297 343 357 Βανδῆλων
382 301 451 343 καὶ
482 299 651 354 Λιβύης
688 298 861 354 βασιλέα
898 299 1085 341 πανεθνεὶ
1112 297 1212 348 θεὸς
1240 293 1495 351 αἰχμάλωτον
1527 301 1577 352 τῇ

117 370 221 415 »⁰0³³
243 367 352 424 ἧμᾶς
372 367 651 427 παρεστήσατο
676 369 875 428 βασιλείᾳ.
946 367 1038 410 οὐδὲ
1057 366 1135 424 γὰρ
1155 360 1206 422 ἦν
1228 363 1488 420 ὃμοσχήμονα
1506 365 1576 407 τὸν

116 438 277 493 νικητὴν
307 436 523 495 πορφύραν
554 437 809 495 περικειμένῳ
835 437 1021 492 γίνεσθαι
1043 435 1374 494 τῷκρατηθέντι.
1442 431 1579 476 τοιού-

115 523 200 558 τοις
235 507 308 549 τὸν
342 508 537 563 Καίσαρα
578 510 649 561 τῆς
687 504 809 560 τύχης
845 505 908 546 ἐπὶ
948 510 1082 563 τριετῆ
1108 503 1256 562 χρόνον
1290 500 1578 557 ὁιαπαιζούσης

82 572 376 634 ἔφρυάγμασιν
384 607 397 626 ,
432 573 460 630 ἦ
479 573 600 632 φύσις
619 572 767 616 ἔπεισεν
786 572 1005 631 ἄνθρωπον
1023 572 1136 616 εἶναι.

252 644 298 688 3.
322 643 586 698 Ὀκταβιανός
607 643 653 684 δὲ
666 642 758 695 μετ’
779 641 915 694 αὐτόν,
934 642 1179 699 ἀδελφιδοῦς
1195 641 1236 692 ἓξ
1248 639 1384 689 Ἀτίας
1397 637 1576 692 τοῦνομα

113 716 188 767 τῆς
209 711 388 769 ἀδελφῆς
418 712 529 770 αὐτῷ
559 709 767 766 γενόμενος
801 712 869 752 καὶ
899 711 1023 761 θετὸς
1047 717 1163 763 παῖς,
1198 706 1488 762 διαδεξάμενος
1501 706 1576 762 τὴν

114 779 396 838 αὐτοκράτορα
423 778 563 835 τιμήν,
608 779 709 829 θεὸς
734 780 808 834 μὲν
831 781 958 834 δῆθεν
984 779 1158 832 εὐσεβῶς
1178 776 1401 835 μετριάζων
1421 774 1576 829 ὀνομά-

114 851 259 900 ζεσθαι
278 855 515 906 παρῃτεῖτο,
558 851 677 897 θεῖος.
704 849 747 890 δὲ
774 851 931 902 μᾶλλον
963 848 1052 902 (καὶ
1084 851 1203 889 τοῦτο
1231 851 1331 888 πᾶσι
1361 851 1447 895 τοῖς
1474 843 1571 898 μετ’

60 916 239 962 munitor
255 917 304 961 τὸ
326 917 484 971 ἀξίωμα
503 916 758 973 περιετέθη)·
802 916 847 958 τὸ
876 917 950 970 μὲν
978 915 1056 972 γὰρ
1085 920 1166 958 τῶν
1195 913 1313 972 φύσει
1336 911 1577 971 πεφυκότων

113 986 220 1037 ἐστί,
250 985 299 1028 τὸ
330 986 373 1027 δὲ
406 990 485 1027 τῶν
517 986 651 1035 θέσει,
687 988 806 1038 τιμῆς
837 983 863 1038 ἢ
892 988 1048 1038 μᾶλλον
1081 981 1330 1040 βλασφήμου
1365 982 1577 1031 κολακείας

107 1053 232 1110 χάριν
250 1057 559 1108 τοῖς-βασιλεῦσι
579 1054 893 1109 περιτιθέμενον.
940 1059 1025 1103 τοῖς
1046 1053 1091 1095 δὲ
1111 1050 1321 1106 ἐπισήμοις
1329 1049 1576 1108 χρήσασθαι

112 1120 359 1177 οἷςΚαῖσαρ
382 1119 403 1163 ὅ
423 1123 571 1177 μέγας,
606 1121 707 1171 τέως
731 1122 802 1163 οὐκ
832 1121 944 1176 ἔσχε,
985 1125 1144 1178 πρῶτον
1172 1121 1245 1175 μὲν
1271 1119 1332 1162 ὅτι
1359 1118 1576 1167 κοινωνοὺς

111 1187 189 1244 εἶχε
211 1193 286 1244 τῆς
317 1189 445 1246 ἀρχῆς
470 1188 680 1232 Ἀντώνιον
702 1191 770 1231 καὶ
791 1190 991 1232 Λέπιδον.
1058 1190 1146 1240 νέος
1168 1190 1211 1231 δὲ
1234 1188 1289 1231 ὢν
1307 1189 1478 1244 κομιδῇ,
1507 1188 1577 1229 καὶ

58 1269 103 1305 15
113 1257 186 1312 τὴν
204 1259 417 1313 λεγομένην
434 1258 546 1315 παρὰ
559 1256 771 1311 Ῥωμαίοις
788 1262 968 1312 βοῦλλαν
989 1257 1107 1301 οἱονεὶ
1126 1262 1270 1314 ψῆφον
1282 1289 1297 1309 ,
1325 1261 1399 1311 τῆς
1414 1257 1579 1298 Καίσα-

113 1343 186 1383 ρος
213 1326 376 1380 ἠξιοῦτο
406 1327 702 1383 προσηγορίας·
755 1325 852 1368 ὅθεν
886 1325 942 1368 ἵτι
976 1328 1045 1369 καὶ
1069 1330 1140 1368 νῦν
1172 1332 1257 1376 τοῖς
1288 1327 1343 1375 εἷς
1367 1325 1578 1379 βασιλείαν

111 1395 406 1451 προαγομένοις
433 1394 481 1436 οὗ
512 1393 710 1451 πρότερον
737 1394 789 1436 τὰ
818 1393 969 1450 ταύτης
995 1396 1216 1437 ἐπιτίθεται
1239 1392 1450 1448 σύμβολα,
1484 1393 1579 1449 πρὶν

113 1462 308 1518 στρεπτὸν
330 1467 389 1520 τῷ
407 1461 596 1520 τραχήλῳ
615 1463 886 1519 περιτιθέντες
907 1464 1019 1521 αὐτῷ
1047 1464 1085 1505 οἱ
1107 1465 1148 1506 ἓν
1169 1463 1271 1506 τέλει
1292 1467 1365 1516 τῆς
1384 1465 1579 1518 στρατιᾶς

113 1529 226 1581 ι’ίξιον
255 1529 355 1574 εἶναι
374 1535 447 1586 τῆς
466 1533 676 1584 βασιλείας
698 1529 938 1588 ἀποφήνωσι
946 1564 964 1584 ‚
997 1533 1191 1588 Καίσαρα
1216 1529 1437 1580 δεικνύντες
1457 1529 1580 1572 αὐτὸν

56 1596 301 1655 εοκαθάπερ
329 1598 400 1642 τὸν
426 1599 515 1642 νέον
534 1601 750 1656 Καίσαρα,
784 1602 851 1642 ,καὶ
874 1605 946 1655 τῆς
962 1605 1033 1642 τοῦ
1056 1599 1217 1657 πρώτου
1238 1600 1451 1656 Καίσαρος
1467 1597 1581 1648 ἄξιον.

111 1671 232 1722 τιμῆς
250 1685 293 1710 τε
312 1669 380 1710 καὶ
398 1670 681 1725 προσηγορίας.
750 1666 884 1725 ὥσπερ
905 1669 983 1726 γὰρ
1005 1669 1189 1726 Πέρσαις
1210 1669 1293 1711 ἐστὶ
1315 1666 1487 1721 νόμιμον
1509 1666 1579 1708 τὸν

112 1737 157 1778 ἐκ
173 1736 373 1790 βασιλέως
396 1738 590 1790 τεχθέντα
611 1735 799 1794 προάγειν
823 1736 982 1788 ἑαυτοῖς
1003 1740 1059 1788 εἷς
1077 1738 1309 1791 βασιλείαν,
1345 1735 1451 1778 οὕτω
1470 1734 1580 1778 εΡω-

110 1805 247 1858 μαίοις
266 1804 312 1847 τὸ
332 1803 458 1846 πάλαι
478 1806 536 1859 μὴ
561 1810 619 1863 τῷ
643 1805 804 1860 τυχόντι
828 1806 933 1848 ἀλλὰ
955 1805 1095 1860 μόνοις
1114 1813 1198 1856 τοῖς
1219 1807 1262 1848 ἐκ
1282 1809 1354 1860 τῆς
1367 1806 1580 1860 Καίσαρος

204 1923 248 1958 15
271 1922 432 1966 ψῆφον]
452 1922 586 1966 ψῆφθν
611 1923 769 1967 φθρῶνῖ)
910 1925 954 1960 17
976 1922 1024 1959 τὰ
1044 1922 1208 1970 ταύτης]
1237 1919 1360 1959 ταῦτά
1381 1934 1437 1963 τις
1459 1921 1580 1967 vulgo.

201 1969 249 2004 23
270 1966 332 2014 τὸ]
355 1965 413 2008 οἷς
432 1966 474 2002 τὰ
502 1968 627 2013 vulgo,
650 1965 698 2014 ἦν
722 1966 765 2004 τὸ
788 1970 835 2004 F.
1608 1978 1611 1982 ·

110 2081 211 2116 gem,
234 2081 311 2104 cum
332 2069 498 2104 universa
518 2072 625 2114 gente
646 2069 732 2103 deus
751 2069 927 2114 captivum
949 2069 1199 2116 imperatoriae
1220 2075 1362 2106 nostrae
1379 2071 1458 2106 urbi
1481 2072 1582 2106 exhi-

112 2117 210 2151 buit=
242 2126 357 2161 neque
381 2115 472 2149 enim
497 2116 552 2148 fas
576 2121 651 2148 erat
675 2115 844 2153 victorem
862 2117 979 2161 victo,
1005 2129 1159 2163 purpura
1181 2117 1319 2161 velato,
1346 2118 1467 2152 habitu
1484 2117 1582 2151 simi-

114 2162 181 2196 lem
209 2173 300 2195 esse.
348 2161 401 2195 sic
431 2160 691 2205 superbientem
721 2162 908 2197 Caesarem
938 2174 1015 2197 cum
1045 2163 1234 2198 triennium
1259 2164 1402 2198 fortuna
1428 2163 1582 2207 lusisset,

115 2213 243 2242 natura
265 2207 438 2241 hominem
462 2219 540 2240 esse
563 2206 751 2251 persuasit.

205 2253 242 2287 3.
289 2252 505 2286 Octavianus
528 2259 660 2295 autem,
694 2263 795 2297 quem
817 2265 861 2288 ex
884 2253 966 2288 Atia
988 2266 1111 2289 sorore
1135 2259 1250 2289 natum
1278 2255 1412 2290 Caesar
1434 2256 1584 2300 adopta-

114 2303 227 2342 verat,
250 2297 476 2342 imperatoria
494 2298 666 2342 dignitate
682 2304 763 2343 post
778 2312 854 2334 eum
873 2301 1018 2344 potitus,
1042 2300 1180 2334 divinus
1198 2302 1308 2346 (quod
1325 2314 1449 2336 nomen
1465 2313 1584 2335 omnes

113 2349 197 2390 post
218 2355 295 2378 eum
317 2343 547 2389 imperatores
569 2345 739 2388 habuere)
763 2346 881 2390 potius
902 2357 1004 2390 quam
1027 2347 1136 2389 deus,
1161 2347 1220 2391 pia
1242 2347 1378 2381 scilicet
1400 2347 1584 2390 modestia,

114 2389 283 2435 appellari
308 2390 441 2424 voluit:
473 2389 556 2423 illud
580 2390 711 2435 quippe
735 2402 853 2425 eorum
882 2399 936 2425 est
958 2391 1018 2436 qui
1040 2398 1164 2426 natura
1187 2404 1251 2426 sua
1271 2393 1341 2436 dii,
1374 2393 1441 2427 hoc
1464 2404 1583 2427 eorum

113 2436 175 2481 qui
193 2436 401 2480 adoptione,
438 2435 579 2469 honoris
606 2447 669 2470 seu
690 2436 805 2480 potius
827 2437 1079 2482 ignominiosae
1100 2437 1308 2472 adulationis
1330 2439 1445 2483 gratia
1466 2440 1584 2473 datum

113 2481 395 2526 imperatoribus.
442 2482 639 2525 insignibus
659 2493 744 2516 vero
766 2484 837 2526 uti,
870 2484 969 2528 queis
994 2495 1136 2527 magnus
1162 2484 1318 2527 Caesar,
1350 2484 1491 2519 interim
1513 2496 1583 2518 non

114 2533 264 2572 poterat,
287 2528 434 2572 primum
457 2527 610 2572 quidem,
635 2528 718 2571 quia
735 2529 849 2563 socios
868 2529 1019 2574 imperii,
1040 2529 1227 2564 Antonium
1245 2536 1282 2564 et
1303 2530 1495 2575 Lepidum,
1518 2530 1583 2564 ha-

113 2573 235 2607 bebat.
282 2575 463 2608 admodum
487 2585 571 2607 vero
597 2573 812 2618 adolescens,
837 2581 873 2608 et
891 2587 993 2620 quam
1011 2575 1151 2618 bullam,
1174 2575 1212 2610 id
1231 2582 1286 2609 est
1305 2587 1484 2620 gemmam,
1508 2576 1583 2610 Ro-

115 2617 207 2652 mani
226 2625 366 2663 vocant,
390 2631 529 2663 gerens,
554 2619 718 2654 Caesaris
738 2621 876 2654 nomine
895 2622 1083 2655 honoratus
1107 2628 1181 2662 est3
1216 2623 1308 2655 unde
1330 2622 1516 2656 etiamnum
1539 2623 1584 2657 ad

115 2663 297 2708 imperium
323 2665 547 2709 provehendo
572 2678 642 2699 non
665 2666 762 2710 prius
787 2667 874 2700 haec
892 2667 1046 2711 insignia
1065 2667 1300 2711 imponuntur,
1325 2679 1427 2713 quam
1449 2667 1582 2713 princi-

117 2719 181 2755 pes
205 2710 392 2753 exercitus,
414 2717 540 2756 torque
565 2711 687 2745 collum
713 2713 788 2746 eius
807 2713 1071 2757 circumdantes,
1095 2714 1234 2758 dignum
1255 2726 1334 2747 esse
1352 2713 1499 2759 imperio
1517 2714 1582 2749 de—

118 2754 342 2800 claraverint,
367 2757 555 2791 Caesarem
578 2769 655 2792 eum
680 2759 917 2802 ostendentes,
939 2758 1048 2793 veluti
1069 2760 1325 2793 adolescentem
1342 2760 1527 2794 Caesarem
1548 2764 1585 2794 et

118 2801 222 2846 primi
248 2801 412 2836 Caesaris
445 2803 575 2838 honore
605 2803 814 2848 nomineque
842 2804 997 2849 dignum.
1044 2806 1328 2850 quemadmodum
1355 2805 1445 2840 enim
1462 2805 1584 2839 Persis

118 2857 192 2882 mos
212 2852 268 2883 est
285 2859 330 2883 ex
346 2859 432 2894 rege
451 2853 532 2884 nato
550 2860 696 2895 regnum
714 2851 855 2886 deferre
866 2877 876 2896 ‚
891 2851 953 2893 ,sic
970 2851 1137 2886 Romanis
1156 2852 1235 2887 olim
1254 2852 1322 2887 fuit
1340 2863 1409 2888 non
1428 2851 1585 2897 cuilibet,
