1748 3210
203 217 295 262 182
721 217 940 260 IOANNIS
979 217 1110 259 LYDI

197 329 299 371 κατὰ
317 329 436 384 μέσον
455 334 525 371 τοῦ
544 326 764 384 κανθάρου,
792 329 858 369 καὶ
878 327 1027 384 κρατὴρ
1049 330 1346 383 παρακείμενος,
1381 329 1439 374 δι’
1462 327 1508 374 οὗ
1526 334 1618 375 ποτὲ

197 395 467 454 πληρούμενος
496 395 517 437 ὃ
548 395 751 451 κάνθαρος
778 394 924 444 ὕδατος
951 400 1136 436 τοσοῦτον
1157 397 1286 438 ἐδίδου
1311 398 1446 455 καιρὸν
1466 404 1522 456 τῷ
1546 404 1618 454 τῆς

198 466 309 519 δίκης
326 465 489 519 τέρματι
508 463 576 518 ἐφ’
599 461 692 504 ὅσον
714 459 781 503 διά
801 478 905 511 τινος
919 460 1118 517 γνώμονος
1133 466 1206 504 τοῦ
1226 461 1375 514 ἐνόντος
1389 466 1495 522 αὐτῷ
1516 466 1616 508 ὕδα-

194 547 263 580 τος
285 530 549 584 διηθουμένου
571 527 591 570 ὃ
613 527 767 578 κύαθος
783 527 1061 584 ἀπηλλάττετο,
1091 531 1156 571 καὶ
1176 527 1196 570 ὃ
1217 528 1329 584 λόγος
1345 539 1426 581 τοῖς
1445 534 1618 587 λέγουσιν

194 595 297 645 ὅλως
315 597 413 652 πρὸς
433 600 543 637 θεῖον
566 597 752 650 δικαστὴν
775 594 1060 651 ἅνυψούμενος.
1125 596 1274 639 τούτων
1294 597 1448 641 πάντων
1467 600 1607 642 ἀπολο-
1627 612 1650 648 5

195 663 322 717 μένων
353 663 445 704 οὐδὲ
471 663 576 716 ἴχνος
603 663 648 705 τὸ
676 663 813 706 λοιπὸν
842 664 1018 718 ἀπέμεινε
1039 669 1095 722 τῷ
1117 666 1377 721 δικαστηρίῳ,
1411 669 1487 710 τῶν
1505 674 1619 708 συνε-

196 729 416 787 δρευόντων
442 729 563 783 μόνον
590 732 629 772 ἐν
659 729 926 789 παραβύστῳ,
967 733 1066 784 μετὰ
1089 732 1256 786 γέλωτος
1274 736 1353 774 τῶν
1371 731 1621 789 περιεστηκό-

194 814 287 848 των,
322 796 452 854 ὥσπερ
471 799 511 838 ἓν
526 799 662 851 μίμοις
678 803 793 840 τινῶν
811 801 934 852 δῆθεν
954 800 1071 859 δικῶν
1093 799 1363 855 ἀκροωμένων.
1430 800 1495 840 καὶ
1513 798 1623 849 τάξις

196 863 360 917 οῧδεμιά
384 863 410 918 ἢ
434 863 597 918 μήνυμα
629 866 729 906 κατὰ
761 865 804 907 τὸ
834 864 1011 922 πρόσθεν
1042 867 1336 919 συνειθισμένον
1367 868 1623 922 παραδηλοῢν

194 931 264 972 τὸν
283 930 428 987 χρόνον
447 936 518 985 τῆς
536 930 698 987 ἡμέρας.
765 931 785 973 ὃ
811 933 887 988 γὰρ
919 938 990 986 τῆς
1011 931 1155 983 τάξεως
1175 932 1424 989 προεστηκὼς
1449 933 1620 987 (σουβα-
1636 943 1679 977 10

196 996 362 1050 ὁιούβαν
381 998 498 1040 αὐτὸν
516 997 725 1051 ὠνόμασαν
743 999 857 1041 οἱονεὶ
877 998 1128 1053 ὗποβοηθόν)
1138 1031 1152 1050 ,
1186 998 1435 1056 πραττούσης
1454 1004 1525 1053 τῆς
1549 1000 1623 1056 ἆρ-

188 1068 269 1118 χῆς
294 1063 416 1114 ἑστὼς
446 1066 507 1106 ἐπὶ
534 1070 712 1122 κορυφῆς
738 1071 816 1108 τῶν
831 1064 1153 1122 ὑπηρετουμένων
1173 1068 1402 1122 τροχίσκους
1418 1066 1528 1116 τινὰς
1550 1067 1624 1109 οὒκ

193 1131 377 1182 εὐτελεῖς,
419 1133 460 1181 ἐξ
488 1131 661 1187 ἀργύρου
688 1133 988 1186 πεποιημένους,
1030 1134 1188 1189 γραφὰς
1216 1138 1294 1174 τῶν
1323 1131 1436 1189 ὡρῶν
1460 1133 1622 1186 ἔχοντας

192 1201 266 1251 τῆς
282 1196 433 1253 ἡμέρας
451 1204 534 1246 τοῖς
543 1199 703 1240 Ἰταλῶν
724 1199 916 1254 ἀριθμοῖς
932 1199 996 1240 καὶ
1013 1197 1253 1254 γράμμασιν,
1273 1201 1478 1256 ἓμβριθῶς
1491 1201 1622 1256 ἀφιεὶς

194 1264 375 1317 ἐξαπίνης
404 1265 464 1304 ἐπὶ
497 1265 542 1306 τὸ
571 1264 718 1321 ἔδαφος
746 1270 874 1321 θροῦν
907 1265 1078 1307 ἀπετέλει
1108 1264 1262 1319 σεμνόν,
1296 1269 1620 1322 παραδηλοῦντος
1633 1273 1675 1309 15

191 1334 263 1371 τοῦ
293 1331 540 1383 βαλλομένου
569 1333 777 1387 τροχίσκου
810 1332 912 1374 κατὰ
941 1336 1012 1373 τοῦ
1041 1330 1255 1388 μαρμάρου
1284 1332 1356 1386 τὴν
1382 1337 1453 1386 τῆς
1471 1331 1623 1389 ἡμέρας

193 1396 315 1453 ὥραν.
383 1397 485 1452 (17)
515 1400 581 1439 καὶ
599 1397 739 1440 τούτου
759 1403 830 1441 τοῦ
849 1403 993 1452 σεμνοῦ
1014 1401 1078 1441 καὶ
1101 1398 1225 1449 οὕτως
1246 1399 1505 1456 ἇξιοπρεποῦς
1525 1397 1624 1453 σχή-

191 1481 320 1517 ματος
341 1464 583 1518 ἀπολομένου
592 1496 606 1517 ,
642 1465 706 1507 οἷα
725 1471 795 1519 τῆς
813 1466 937 1522 ἀρχῆς
963 1465 990 1519 ἢ
1010 1467 1110 1520 μηδ)
1134 1465 1235 1515 ὅλως
1255 1464 1454 1522 ὃρωμένης
1473 1468 1536 1508 ἐπὶ
1552 1470 1625 1508 τοῦ

191 1529 374 1583 βήματος
403 1530 430 1584 ἢ
460 1532 561 1573 κατὰ
583 1533 675 1582 τοὺς
694 1531 839 1586 νόμους
861 1537 932 1574 τοῦ
952 1531 1224 1575 Καππαδόκου
1234 1564 1247 1584 ,
1281 1535 1368 1588 περὶ
1389 1528 1436 1574 οὗ
1454 1533 1623 1590 ὕστερον

192 1597 292 1653 ἐρῶ,
336 1599 375 1639 ἒν
403 1600 559 1639 κοιτιῦνί
583 1616 657 1641 τινι
685 1598 983 1653 λανθανούσης,
1030 1600 1155 1650 οὐδεὶς
1182 1601 1227 1642 τὸ
1256 1599 1391 1642 λοιπὸν
1418 1598 1676 1655 ἄξιόλογοςΞΟ
1704 1641 1709 1647 ,

191 1668 400 1720 παρῆλθεν
419 1666 480 1705 ἐπὶ
501 1665 572 1719 τὴν
595 1665 706 1715 τάξιν
728 1665 852 1716 οὕτως
871 1667 1159 1723 ἄπερριμμένην
1176 1668 1241 1708 καὶ
1261 1670 1413 1719 μᾶλλον
1431 1665 1620 1720 αῗσχύνην

190 1729 217 1784 ἢ
243 1729 359 1784 τιμήν
383 1749 471 1773 τινα
493 1736 550 1789 τῷ
568 1730 768 1789 προσιόντι
790 1735 1003 1789 φέρουσαν.
1069 1734 1349 1788 συγκατέπεσεν
1371 1729 1440 1776 οὖν
1468 1731 1623 1783 ἑαυτοῖς

189 1796 240 1838 τὰ
263 1797 496 1853 πράγματα,
531 1801 597 1840 καὶ
623 1802 931 1855 προσευτελίσθη
954 1800 1064 1856 παρὰ
1089 1805 1207 1842 πᾶσιν
1234 1798 1259 1854 ἡ
1286 1799 1421 1856 πρώτη
1445 1802 1510 1841 καὶ
1535 1800 1622 1841 ἄνι’-

191 1879 344 1917 σχουσα
364 1870 442 1907 τῶν
460 1866 605 1922 ἀρχῶν,
640 1867 739 1907 καθ’
761 1865 960 1908 ὁντιναοῦν
983 1867 1119 1923 καιρὸν
1143 1869 1204 1908 ἐπὶ
1226 1866 1298 1920 τὴν
1317 1867 1440 1920 αὐλὴν
1457 1867 1623 1916 εὐτελῶς

190 1970 380 2013 auditorio,
415 1981 580 2015 suspenso
610 1970 646 2004 in
668 1971 780 2005 medio
804 1971 878 2005 eius
901 1971 1084 2015 cantharo,
1116 1972 1359 2017 appositusque
1386 1975 1516 2012 crater3
1553 1983 1620 2016 quo

189 2025 264 2047 cum
288 2014 366 2048 olim
388 2026 476 2058 aqua
496 2015 694 2059 impleretur
712 2017 906 2060 cantharus,
928 2021 1058 2050 tantum
1073 2017 1235 2061 temporis
1253 2018 1355 2050 dabat
1369 2028 1490 2050 causae
1505 2022 1621 2050 trans-

188 2059 335 2102 igendae
357 2066 504 2103 quanto,
538 2071 626 2103 aqua
646 2060 761 2095 infusa
780 2073 843 2105 per
865 2073 1064 2104 gnomonem
1083 2063 1250 2106 quendam
1273 2062 1462 2105 perfluente
1475 2087 1485 2104 ,
1509 2066 1623 2095 crater

188 2105 416 2144 vacuabatur3
442 2109 478 2137 et
499 2105 684 2138 dicentium
709 2106 818 2139 oratio
842 2110 915 2139 tota
936 2107 978 2140 ad
999 2106 1149 2140 divinum
1167 2106 1311 2140 iudicem
1331 2118 1508 2140 conversa.
1533 2117 1622 2150 quae

189 2148 303 2180 omnia
327 2148 509 2192 interiere,
543 2155 581 2182 ut
607 2162 651 2182 ne
673 2151 857 2194 vestigium
879 2151 1015 2195 quidem
1039 2163 1153 2185 eorum
1174 2151 1208 2184 in
1232 2151 1358 2184 iudicio
1381 2151 1503 2185 exinde
1525 2162 1622 2184 man-

189 2192 286 2235 serit,
309 2192 476 2226 iudicibus
495 2194 631 2227 nonnisi
648 2195 683 2227 in
705 2195 835 2229 occulto
850 2221 859 2238 ,
884 2206 957 2229 cum
975 2196 1047 2230 risu
1067 2196 1270 2230 adstantium
1284 2222 1294 2239 ‚
1328 2196 1426 2240 quasi
1449 2196 1486 2229 in
1513 2195 1621 2229 mimis

189 2248 309 2270 causas
339 2238 500 2281 quasdam
531 2239 760 2273 audientibus.
807 2251 919 2284 neque
956 2246 1007 2274 est
1035 2241 1137 2274 ullum
1164 2241 1332 2284 officium,
1365 2253 1497 2286 neque,
1531 2241 1622 2284 quod

188 2282 315 2326 prioris
343 2288 418 2315 erat
444 2284 719 2328 consuetudinis,
745 2285 908 2318 indicium
935 2290 1068 2330 tempus
1094 2286 1164 2320 diei
1194 2285 1360 2319 indicans.
1407 2297 1482 2318 nam
1505 2285 1621 2318 officio

189 2327 406 2370 praepositus
441 2328 686 2370 (subadiuvam
719 2341 794 2363 eum
828 2331 1018 2373 vocabant,
1054 2331 1091 2365 id
1112 2335 1166 2364 est
1187 2327 1457 2374 ύποβοηθόν),
1481 2341 1621 2363 munere

188 2372 353 2415 fungente
376 2372 584 2415 magistratu,
609 2374 838 2417 apparitorum
857 2375 892 2407 in
910 2376 1024 2408 fronte
1045 2381 1151 2418 stans,
1175 2375 1330 2419 globulos
1350 2375 1512 2418 quosdam
1531 2375 1620 2408 haud

188 2416 274 2449 viles
289 2442 298 2460 ‚
323 2428 366 2450 ex
389 2422 529 2460 argento
554 2419 683 2460 factos,
722 2419 822 2452 horas
846 2419 915 2453 diei
939 2419 1099 2454 Italorum
1122 2419 1271 2453 numeris
1296 2419 1472 2463 literisque
1496 2418 1620 2452 inscri-

188 2466 287 2505 ptos,
321 2472 394 2494 cum
412 2461 580 2505 gravitate
598 2474 817 2497 marmoreum
844 2464 878 2497 in
906 2465 1134 2508 pavimentum
1154 2464 1268 2498 subito
1292 2463 1472 2497 demittens
1491 2463 1621 2508 strepi-

188 2511 258 2539 tum
277 2506 408 2549 ciebat,
442 2506 531 2540 iacto
554 2507 723 2541 trochisco
747 2509 862 2542 horam
893 2509 962 2542 diei
988 2509 1164 2553 splendide
1186 2508 1371 2542 indicante.
1416 2509 1494 2552 (17)
1515 2513 1621 2552 atque

186 2550 252 2583 hac
282 2552 478 2585 veneranda
504 2556 640 2596 tamque
670 2553 795 2586 decora
822 2553 1038 2587 institutione
1069 2553 1224 2596 sublata,
1265 2554 1392 2598 quippe
1420 2552 1621 2596 magistratu

188 2595 245 2628 vel
267 2595 400 2629 omnino
429 2608 471 2630 ne
503 2602 688 2642 apparente
713 2598 847 2642 quidem
875 2598 911 2631 in
940 2598 1100 2632 tribunali
1126 2597 1182 2631 vel
1205 2599 1386 2631 secundum
1410 2597 1502 2641 leges
1524 2597 1618 2641 Cap-

188 2640 350 2683 padocis,
383 2641 426 2674 de
453 2652 518 2685 quo
549 2646 628 2685 post
658 2642 809 2676 dicturus
839 2654 932 2686 sum,
963 2644 1000 2676 in
1022 2643 1175 2677 cubiculo
1194 2644 1338 2686 quodam
1358 2642 1497 2684 latente,
1520 2653 1618 2676 nemo

188 2695 291 2727 porro
322 2685 480 2729 egregius
505 2686 560 2719 vir
589 2688 632 2720 ad
660 2688 807 2721 officium
839 2688 983 2721 accessit
1013 2689 1097 2721 adeo
1127 2687 1294 2720 abiectum
1320 2699 1360 2721 ac
1382 2688 1530 2720 dedecus
1550 2695 1617 2730 po-¹

188 2728 257 2762 tius
283 2740 382 2773 quam
412 2730 572 2765 honorem
603 2733 777 2766 accedenti
806 2733 966 2766 afferens.
1013 2732 1128 2776 itaque
1161 2737 1282 2766 cuncta
1308 2731 1404 2765 simul
1435 2741 1616 2771 corruere3

188 2772 408 2819 elevatusque
441 2787 524 2819 prae
555 2777 708 2811 omnibus
740 2777 866 2822 primus
898 2783 999 2822 atquc
1035 2776 1318 2810 eminentissimus
1347 2776 1613 2820 magistratuum,

187 2828 389 2864 quocunque
406 2824 558 2866 tempore
579 2821 615 2856 in
641 2822 748 2858 aulam
775 2822 865 2858 nulla
885 2822 1105 2857 observantia
1124 2821 1309 2857 arcessitus
1332 2826 1408 2866 est,
1432 2820 1491 2866 qui
1513 2824 1614 2854 antea
