1748 3210
298 214 427 244 xxxw
666 201 810 243 HASII
842 200 914 241 DE
946 197 1152 241 IOANNE
1186 197 1337 240 LYDO

297 333 366 369 illo
387 330 534 378 editae3
571 336 655 367 tum
677 343 746 380 per
771 330 902 380 ipsum
919 327 1097 364 Italicum
1125 327 1198 363 iter
1217 326 1398 376 vulgatae
1417 323 1467 363 de
1489 322 1622 362 charta
1640 336 1713 376 pa-

299 411 463 449 pyracea
482 397 608 433 Musei
626 396 808 445 Borgiani
830 393 940 431 docta
960 394 1251 441 commentatio,
1277 394 1425 430 Romae
1448 393 1576 439 1788,
1605 389 1647 439 4',
1676 397 1715 428 et

251 455 254 457 v
301 463 350 500 de
378 477 497 500 numo
523 463 662 512 Ulpiae
691 462 891 498 Pautaliae
921 459 972 496 ad
994 458 1237 510 Stephanum
1265 459 1448 509 Borgiam
1468 456 1714 494 Cardinalem

299 530 485 580 epistola,
513 530 659 565 Romae
683 530 807 574 1789,
836 526 877 566 4.
932 524 1024 562 huic
1041 527 1182 575 igitur,
1213 537 1302 562 cum
1320 531 1421 562 esset
1436 526 1604 571 Romae,
1633 523 1715 559 cla-

300 597 474 633 rissimus
496 595 612 632 abbas
631 594 785 641 Marini,
814 592 1002 630 tabulario
1023 593 1207 630 Vaticano
1229 591 1459 642 praefectus,
1485 589 1716 627 monstravit

299 663 487 698 maiorem
512 663 623 698 illam
651 671 962 711 anonymamque
990 659 1080 695 libri
1108 657 1156 694 de
1185 657 1384 694 Meusibus
1410 657 1629 706 epitomen,
1671 667 1716 690 ex

297 728 457 772 relictis,
486 734 529 764 ut
549 726 719 765 Schowii
737 725 863 763 verbis
879 731 967 761 utar
985 725 1147 774 praefat.
1177 722 1239 760 ed.
1259 736 1300 773 p.
1320 724 1344 762 6
1357 750 1368 770 ‚
1403 722 1548 758 Leonis
1566 720 1719 758 Allata·

300 794 444 830 chartis
459 793 704 842 descriptam.
766 803 843 842 qua
863 792 1033 841 perlecta
1051 790 1254 828 Schowius
1267 817 1278 837 ,
1322 789 1391 840 qui
1415 786 1606 826 ineditam
1629 787 1717 824 ani-

299 858 589 906 madvertisset,
628 860 710 895 eius
739 857 949 894 editionem
968 859 1073 895 illico
1093 856 1296 903 meditari,
1336 867 1501 906 eamque
1521 866 1611 891 cum
1630 851 1718 890 cod.

298 925 508 961 Barberino
530 926 607 965 177
629 921 734 974 (vid.
759 935 874 973 supra
892 937 932 974 p.
953 924 1033 974 xL)
1053 925 1245 970 conferre,
1285 923 1522 972 alteramque
1542 918 1718 957 eiusdem

297 991 389 1027 libri
408 991 624 1041 epitomen,
664 1002 763 1040 quae
786 1001 808 1025 a
825 991 999 1027 Maximo
1017 989 1191 1027 Planude
1218 989 1321 1025 facta
1349 986 1514 1034 dicitur,
1551 999 1604 1024 ex
1630 984 1718 1023 cod.

297 1057 475 1093 Palatino
499 1055 576 1098 145
595 1058 689 1093 item
709 1056 922 1093 describere
941 1057 1014 1094 sibi
1032 1058 1156 1107 coepit
1169 1084 1179 1103 ,
1215 1062 1258 1091 ut
1277 1055 1438 1104 exponit
1463 1054 1546 1103 ipse
1564 1053 1606 1089 in
1633 1052 1720 1102 epi-

299 1124 397 1160 stola
415 1125 538 1160 Roma
557 1124 676 1159 Nonis
698 1123 810 1159 Maiis
830 1123 935 1161 1789
964 1122 1014 1159 ad
1034 1123 1255 1160 Harlesium
1281 1120 1392 1168 data3
1435 1131 1554 1171 quam
1572 1119 1719 1168 episto-

153 1200 187 1232 p·
211 1196 275 1220 LVI
299 1190 379 1226 lam
397 1190 595 1226 Harlesius
611 1191 652 1225 in
669 1189 770 1225 Bibl.
792 1189 860 1225 Gr.
881 1190 961 1226 vol.
979 1188 1005 1229 4
1028 1203 1068 1239 p.
1093 1190 1170 1230 157
1194 1188 1370 1224 inseruit.
1427 1184 1567 1237 quodsi
1584 1191 1719 1236 postea

300 1252 503 1291 Schowius
534 1267 621 1291 cum
648 1255 715 1290 illo
747 1261 853 1290 tanto
886 1256 1086 1302 acumine,
1140 1254 1255 1303 quale
1286 1253 1333 1297 in¹
1354 1265 1501 1303 papyro
1524 1253 1720 1302 Borgiana

298 1321 488 1357 illustrata
511 1321 630 1370 inque
650 1317 843 1369 Hesychio
861 1322 1015 1370 Lipsiae
1036 1322 1164 1364 1792,
1194 1321 1219 1358 8
1232 1346 1243 1364 ,
1273 1317 1477 1354 emendato
1498 1316 1719 1365 declaravit,

299 1398 432 1422 curam
453 1387 803 1434 cogitationemque
821 1387 993 1435 aliquam
1015 1387 1055 1420 in
1073 1391 1234 1433 utraque
1261 1383 1429 1431 epitome
1448 1381 1721 1432 pez-purganda

297 1452 513 1501 posuisset,
558 1451 793 1499 omninoque
832 1449 1049 1486 studioriun
1079 1455 1299 1485 nostroran
1327 1449 1563 1498 perrexisset
1588 1454 1721 1486 tenere

299 1518 404 1554 viam
416 1545 426 1563 ,
465 1515 636 1565 profecto
657 1517 912 1564 epitomarmn
929 1516 1085 1551 illarum
1103 1514 1315 1550 editionem
1334 1514 1518 1550 conficere
1536 1516 1662 1564 potuit
1681 1521 1720 1551 et

301 1580 546 1619 emendatam
574 1582 770 1627 maxime,
819 1587 855 1616 et
885 1593 973 1616 cum
1006 1581 1125 1617 cuivis
1152 1581 1386 1616 Graecarum
1409 1581 1609 1617 literarum
1635 1587 1720 1618 stu-

302 1648 432 1695 dioso,
470 1653 554 1683 tum
578 1648 755 1696 inprimis
780 1647 893 1683 nobis
923 1647 965 1681 in
986 1644 1058 1681 hac
1077 1658 1192 1694 opera
1213 1653 1344 1682 nostra
1365 1646 1596 1683 mirabiliter
1614 1647 1720 1697 (opi-

300 1713 389 1763 nor)
409 1714 664 1764 profuturam.
723 1711 793 1751 sed.
813 1725 858 1749 ea
878 1712 1008 1749 omnia
1034 1710 1183 1761 (dicam
1211 1719 1255 1748 ut
1282 1725 1342 1749 res
1373 1711 1447 1762 est)
1470 1713 1590 1763 paulo
1609 1713 1720 1750 aliter

301 1781 534 1818 ceciderunt.

227 1858 280 1897 26
413 1849 569 1884 Etenim
587 1846 789 1885 Schowius
809 1853 851 1884 ut
868 1846 1061 1882 Havniam
1082 1860 1122 1883 se
1143 1847 1287 1882 rettulit
1301 1875 1310 1892 ,
1342 1858 1430 1882 cum
1453 1827 1618 1882 eximias
1635 1845 1718 1883 eius

301 1914 462 1951 virtutes
481 1915 685 1964 populares
704 1915 1004 1963 perspexissent,
1035 1926 1176 1962 magno
1195 1914 1280 1950 loco
1299 1913 1340 1948 in
1358 1925 1478 1962 regno
1502 1925 1599 1960 esse,
1627 1912 1719 1962 plu-

302 1981 487 2030 rimisque
523 1988 561 2017 et
589 1978 872 2016 honestissimis
901 1980 1123 2015 muneribus
1155 1980 1196 2014 in
1229 1992 1269 2016 se
1299 1979 1447 2016 collatis
1474 1980 1616 2029 scripta
1650 1990 1719 2015 sua

302 2047 517 2093 continere,
556 2058 730 2097 quaeque
757 2047 798 2081 in
823 2047 951 2082 animo
969 2045 1136 2082 habebat
1156 2044 1203 2081 de
1223 2046 1452 2096 antiquitate
1475 2043 1718 2092 illustranda,

303 2125 350 2148 ea
376 2113 416 2148 in
440 2111 548 2148 aliud
571 2119 725 2160 tempus
756 2110 907 2148 differre
938 2114 1075 2161 coepit.
1132 2118 1171 2147 at
1191 2111 1349 2147 interim
1366 2112 1523 2161 Lipsiae
1550 2124 1602 2148 ex
1623 2124 1719 2161 apo-

301 2175 448 2227 grapho
470 2179 552 2214 eius
577 2179 618 2213 in
639 2178 795 2213 libraria
817 2176 1073 2214 Weidmanni
1094 2191 1207 2214 cusus
1227 2179 1306 2213 iam
1323 2184 1404 2214 erat
1423 2183 1555 2215 textus
1572 2179 1718 2215 utrius-

302 2256 377 2294 que
395 2245 607 2293 epitomae,
647 2243 827 2280 adiuncto
855 2244 896 2279 in
922 2244 997 2279 fine
1025 2244 1147 2293 capite
1172 2243 1219 2279 de
1239 2250 1361 2279 terrae
1381 2244 1570 2292 motibus,
1599 2246 1719 2283 ταῦτα

305 2307 376 2361 μὲν
397 2307 447 2348 ἅν
463 2324 520 2356 τις
538 2324 574 2349 κ.
591 2323 623 2348 τ.
642 2312 676 2348 λ.
706 2308 811 2361 quod
843 2308 1056 2346 secundum
1087 2322 1138 2346 ex
1169 2316 1348 2360 quattuor
1373 2310 1601 2359 fragmentis
1628 2310 1717 2346 libri

305 2374 354 2412 de
375 2377 542 2413 Ostentis
563 2388 646 2412 esse
673 2389 712 2426 p.
730 2389 835 2412 xmn
857 2374 1139 2423 demonstravi3
1174 2375 1387 2426 praefatio,
1416 2373 1718 2423 emendationes,

150 2459 186 2491 p.
206 2457 283 2480 1.v11
303 2448 419 2479 notae
441 2455 493 2478 ex
509 2443 634 2478 Dania
657 2441 955 2479 summittendae
972 2455 1123 2479 summe
1145 2441 1481 2492 exspectabantur.
1511 2454 1606 2493 quas
1629 2455 1718 2478 cum

306 2507 449 2545 diutius
463 2510 605 2545 morari
624 2509 884 2558 intelligerent
906 2508 1084 2544 librariae
1103 2514 1367 2558 procuratores
1380 2536 1390 2555 ,
1430 2506 1482 2544 ad
1499 2514 1717 2556 extremum

306 2573 550 2624 desperantes
571 2573 618 2610 de
638 2574 816 2612 Schowio
828 2603 838 2622 ,
879 2581 1092 2611 statuerunt
1117 2581 1160 2610 ut
1179 2580 1309 2611 textus
1327 2575 1495 2612 Graecus
1521 2587 1610 2612 cum
1625 2575 1716 2612 bre-

302 2641 412 2678 vibus
435 2641 603 2690 capitum
619 2642 853 2691 argumentis
873 2643 1012 2677 Latine
1035 2641 1207 2690 scriptis,
1253 2641 1378 2692 qualis
1404 2642 1485 2677 iam
1511 2647 1612 2678 esset
1637 2641 1716 2676 im-

302 2719 455 2756 pressus
475 2707 564 2743 talis
581 2705 777 2755 ederetur,
815 2709 898 2745 sine
918 2708 1020 2744 notis
1039 2707 1129 2743 ullis
1141 2735 1151 2754 ,
1177 2714 1329 2757 praeter
1347 2719 1487 2757 paucas
1509 2706 1558 2744 de
1577 2708 1715 2744 lectio-

303 2784 396 2809 num
423 2775 619 2811 varIetate.
677 2772 830 2812 additur
858 2775 1016 2825 insuper
1045 2772 1188 2822 iudex3
1217 2775 1311 2812 item
1337 2775 1538 2824 praefatio.
1596 2771 1715 2810 editio
