1748 3210
231 208 255 253 1
263 208 322 253 68
750 207 968 250 IOANNIS
1002 208 1132 250 LYDI

225 323 360 376 σειρᾶς
397 323 595 362 κατιοῦσιν
637 319 853 374 ἐγχειρίζειν
885 317 929 359 τὸ
958 315 1114 374 κράτος.
1179 319 1296 371 μέσος
1325 315 1393 363 οὖν
1420 315 1468 375 ἦν
1503 319 1525 363 ὅ
1556 321 1641 370 νέος

225 389 385 442 Καῖσαρ
397 418 410 437 ,
442 385 540 440 μήτε
562 390 631 439 τῆς
649 385 740 438 ὅλης
762 385 1038 438 ἐπειλημμένος
1055 389 1125 425 τοῦ
1143 383 1310 439 κράτους
1329 393 1444 441 τιμῆς
1460 387 1528 429 διὰ
1549 388 1641 436 τοὺς

225 454 433 502 κοινωνοὺς
454 458 525 506 τῆς
544 453 688 506 ἀρχῆς,
721 449 819 504 μήτε
841 451 920 505 μὴν
943 452 1132 508 ἀμοιρῶν,
1166 451 1210 492 τὸ
1231 451 1272 492 δὲ
1291 454 1404 494 πλέον
1423 453 1520 506 ἔχων
1537 454 1636 509 παρ’

224 521 391 568 ἐκείνους
411 519 477 560 διὰ
500 519 544 560 τὸ
567 519 774 572 Καίσαρος
796 515 1022 570 ἐπώνυμον,
1065 517 1087 559 ὃ
1114 517 1256 574 περιὼν
1281 517 1335 559 ἔτι
1359 517 1381 560 ὃ
1402 524 1512 570 θεῖος
1533 522 1641 575 αὐτῷ

221 587 451 641 περιέθηκε,
494 583 680 637 διάδοχον
715 582 858 626 ἑαυτοῦ
891 589 1129 639 καταλεΐψαι
1159 583 1448 640 ψηφισάμενος.
1513 585 1568 636 ὥς
1598 587 1674 630 δὲ5

222 653 402 699 Λέπιδος
429 652 501 704 μὲν
530 649 708 692 ἐτελεύτα
717 682 729 702 ,
771 650 976 701 Ἀντώνιος
1016 653 1058 693 δὲ
1091 651 1190 708 πρὸς
1219 650 1478 707 Κλεοπάτραν
1511 651 1641 708 ἴρεψε,

225 719 431 770 Φουλβίαν
453 718 524 770 τὴν
552 717 729 773 ἀδελφὴν
759 723 831 759 τοῦ
858 719 945 759 νέου
969 720 1175 773 Καίσαρος
1195 723 1452 760 συνοικοῦσαν
1471 718 1578 774 αὐτῷ
1599 719 1645 760 τὸ

220 786 312 840 πρὶν
334 783 583 835 ἀποπτύσας,
621 783 826 839 Αἴγυπτόν
845 801 886 826 τε
908 783 983 826 εἷλε
1008 785 1097 838 μετ’
1115 785 1342 835 Ἀντωνίου,
1376 786 1442 826 καὶ
1459 783 1552 834 τοὺς
1574 786 1646 838 ἐμ-

222 853 388 908 φυλίους
407 851 549 893 ἔπαυσε
568 850 773 906 θορύβους
794 855 864 905 τῆς
877 849 1039 906 ζΡώμης
1050 883 1062 902 ,
1099 851 1290 906 ὀγκωθεὶς
1317 853 1382 892 καὶ
1415 851 1534 900 αὐτὸς
1550 849 1647 900 θεός

219 935 261 960 τε
292 916 550 974 ἐχρημάτισεν
576 916 596 959 ὅ
628 917 717 973 ἄρτι
747 916 986 974 μετριάζων,
1029 920 1096 959 καὶ
1127 918 1246 967 ναοὺς
1273 916 1519 971 ὦσιωμένους
1547 917 1645 973 πρὸς
1657 931 1699 964 10

217 989 335 1038 τιμῆς
355 985 463 1041 αὐτῷ
485 985 696 1034 ἀπεδέξατο
706 1016 720 1035 ,
758 987 823 1026 καὶ
846 985 1028 1040 ἀρχιερέα
1049 983 1141 1026 ὡσεὶ
1157 984 1252 1034 θεὸς
1271 985 1533 1037 ἐπεμβόλιμος
1547 1001 1646 1040 προ-

219 1053 436 1107 εχειρίσατο
445 1082 458 1102 ,
484 1055 640 1107 πρῶτον
661 1051 780 1093 αὐτὸν
799 1056 878 1093 τῶν
897 1052 1030 1107 ἱερέων
1047 1056 1125 1093 τῶν
1146 1050 1231 1093 τότε
1252 1052 1519 1104 νομισθέντων
1540 1055 1648 1093 θεῶν

219 1119 442 1167 ἀποδείξας.
510 1118 714 1171 ἐπισήμοις
731 1135 772 1160 τε
794 1122 912 1160 πᾶσιν
933 1117 1126 1173 ἐχρήσατο
1150 1116 1208 1166 οἷς
1230 1116 1250 1159 ὅ
1273 1117 1416 1174 πατήρ,
1443 1119 1507 1159 καὶ
1523 1134 1646 1172 στρα-

217 1187 339 1233 τείαις
358 1187 422 1225 καὶ
442 1183 573 1234 τάξεσι
594 1187 659 1225 καὶ
681 1184 920 1240 δορυφόροις
948 1183 1056 1232 ὅσοις
1088 1182 1334 1237 ὃ“Ρωμύλος
1352 1202 1394 1226 τε
1417 1186 1483 1226 καὶ
1506 1182 1648 1232 πάντες

221 1252 259 1291 οἳ
280 1251 351 1291 ἀπ’
377 1251 500 1292 αὐτοῦ
523 1251 638 1305 μέχρι
662 1249 812 1292 τούτων
845 1250 1060 1306 ἐχρήσαντο
1070 1282 1084 1300 ,
1126 1248 1248 1302 μόνον
1272 1250 1340 1292 τὸν
1365 1252 1564 1305 ἵππαρχον
1591 1252 1645 1299 εἷς
1658 1261 1700 1296 15

219 1316 390 1372 ἔπαρχον
417 1316 674 1369 μεταβαλών,
712 1315 880 1370 ὀχήματι
912 1315 1082 1370 τιμήσας
1112 1314 1374 1372 ὑπερηφάνῳ,
1409 1318 1450 1366 ἐξ
1473 1315 1647 1372 ἀργύρου

217 1385 484 1439 πεποιημένῳ,
535 1386 600 1425 καὶ
638 1382 749 1433 τάξιν
787 1383 989 1437 πολιτικὴν
1026 1384 1239 1436 ἀπονείμας
1268 1383 1377 1438 αὐτῷ
1407 1387 1650 1438 πειθαρχεῖν,

217 1451 544 1504 Αὐγουσταλιόυς
564 1453 606 1500 ἐξ
627 1449 749 1492 αὑτοῦ
767 1451 935 1499 καλέσας
957 1449 1122 1498 αὐτούς’
1153 1452 1239 1505 περὶ
1264 1444 1318 1492 ὧν
1339 1451 1380 1490 ἐν
1401 1454 1458 1506 τῷ
1474 1451 1560 1505 περὶ
1579 1454 1650 1503 τῆς

217 1516 366 1566 τάξεως
394 1522 472 1558 τῶν
501 1516 690 1572 ’ὑπάρχων
723 1517 863 1571 μικρὸν
887 1516 1050 1572 ὕστερον
1079 1517 1254 1571 ἐροῦμεν.
1321 1516 1445 1569 ἠπίως
1472 1517 1516 1558 δὲ
1542 1515 1649 1569 ὅμως

217 1582 412 1640 ἐχρήσατο
435 1590 516 1632 τοῖς
534 1582 741 1637 ὑπηκόοις·
771 1583 869 1624 ὥστε
893 1582 1223 1635 τοὺςεΡωμαιόυς
1245 1585 1362 1624 εἷπεῖν
1381 1583 1446 1623 ἐπ’
1474 1583 1581 1639 αὐτῷ
1599 1587 1648 1638 τῇ
1657 1599 1704 1633 20

218 1651 370 1706 πατρίῳ
394 1654 508 1705 φωνῇ
527 1653 680 1691 utinam
696 1665 768 1690 nec
786 1659 902 1690 natus
919 1665 992 1690 nec
1012 1658 1193 1690 mortuus
1212 1651 1375 1690 fuisset!
1425 1648 1647 1703 ἇπηύχοντο

218 1716 294 1772 γὰρ
317 1717 440 1758 αὐτοῦ
457 1717 527 1770 τὴν
546 1718 705 1771 γένεσιν,
731 1716 790 1757 ὅτι
809 1715 930 1769 μόνος
949 1715 1122 1772 ἐστήριξε
1142 1716 1212 1769 τὴν
1231 1720 1309 1757 τῶν
1323 1715 1542 1771 Καισάρων
1557 1714 1649 1770 «ἦγε-

218 1785 380 1835 μοιίἀν,
414 1785 480 1824 καὶ
509 1781 652 1837 ὁμοίως
684 1783 755 1837 τὴν
784 1783 964 1837 τελευτὴν
996 1784 1062 1824 διὰ
1090 1783 1134 1825 τὸ
1164 1782 1279 1837 ἤπιον
1306 1781 1391 1836 ἅμα
1414 1785 1480 1824 καὶ
1504 1782 1548 1824 τὸ
1570 1786 1649 1824 τῶν

306 1900 329 1933 3
354 1895 508 1943 ἄμοιρον
530 1899 646 1944 vulgo.
781 1900 804 1933 4
827 1896 983 1939 ἐκείνους
1001 1899 1051 1942 F,
1077 1896 1225 1939 ἐκείνοις
1247 1899 1289 1933 C.

216 1999 279 2032 sed
300 1997 435 2032 nonnisi
458 2010 478 2032 a
497 1999 657 2034 Caesaris
676 1999 784 2044 stirpe
803 1999 887 2032 ortis
906 1999 1083 2043 imperium
1106 2002 1256 2034 tradere-
1301 1998 1431 2033 medius
1447 1998 1554 2042 igitur
1575 2002 1651 2032 erat

215 2043 414 2077 adolescens
436 2044 586 2087 Caesar,
617 2056 727 2088 neque
746 2056 870 2088 expers
892 2044 1028 2088 imperii
1050 2046 1188 2079 honoris
1202 2071 1210 2087 ,
1241 2056 1352 2089 neque
1374 2050 1516 2088 propter
1537 2043 1650 2077 socios

214 2088 428 2132 principatus
453 2101 582 2122 omnem
607 2095 819 2132 consecutus,
842 2100 925 2133 prae
944 2089 1010 2122 illis
1034 2102 1118 2123 vero
1136 2090 1354 2134 praecipuum
1373 2090 1501 2122 habens
1520 2089 1649 2121 Caesa-

214 2133 263 2166 ris
283 2144 481 2176 cognomen,
506 2135 597 2178 quod
619 2140 795 2177 superstes
819 2134 921 2166 etiam
941 2135 1126 2168 avunculus
1151 2135 1184 2168 ei
1205 2136 1359 2176 dederat,
1381 2145 1454 2166 cum
1472 2144 1657 2173 successo<

213 2187 285 2210 rem
308 2177 376 2210 sibi
402 2189 478 2210 eum
502 2178 697 2223 relinquere
720 2178 965 2212 constituisset.
1013 2189 1191 2224 postquam
1218 2191 1322 2222 vero,
1353 2184 1485 2212 mortuo
1503 2177 1650 2221 Lepido,

213 2223 408 2266 Aegyptum
430 2233 503 2255 cum
523 2223 691 2266 Antonio,
726 2224 804 2267 qui,
837 2223 964 2256 Fulvia
989 2235 1108 2257 sorore
1132 2225 1204 2257 eius
1221 2223 1420 2268 repudiata,
1445 2223 1650 2266 Cleopatrae

213 2279 292 2300 sese
315 2268 470 2309 dederat,
494 2268 682 2312 superavit,
707 2279 746 2301 ac
770 2268 972 2302 domesticas
990 2269 1217 2303 Romanorum
1234 2270 1353 2302 turbas
1371 2267 1572 2311 composuit,
1594 2266 1649 2299 in-

212 2313 315 2346 flatus
337 2316 372 2345 et
394 2312 470 2355 ipse
489 2323 562 2345 cum
585 2314 641 2346 dei
659 2325 782 2346 nomen
802 2313 991 2357 usurpavit,
1017 2314 1076 2357 qui
1099 2325 1207 2357 nuper
1229 2315 1382 2346 modeste
1405 2312 1553 2356 egisset,
1578 2315 1649 2344 tum

210 2357 338 2400 templa
359 2356 480 2390 honori
505 2369 566 2390 suo
590 2363 790 2391 consecrata
810 2357 962 2401 recepit,
995 2364 1031 2391 et
1048 2359 1262 2403 pontificem,
1285 2364 1443 2401 tanquam
1466 2354 1648 2389 intercala-

210 2407 267 2435 tus
286 2403 391 2444 deus,
416 2402 566 2445 creavit,
592 2413 691 2446 quem
710 2403 854 2446 primum
877 2403 968 2435 inter
989 2405 1186 2437 sacerdotes
1205 2404 1363 2443 deorum,
1388 2401 1447 2445 qui
1464 2406 1534 2434 tum
1557 2398 1649 2433 cole·-

212 2448 349 2489 bantur,
374 2446 563 2480 constitnit.
609 2447 799 2490 insignibus
822 2453 932 2481 autem
954 2448 1108 2481 omnibus
1127 2458 1206 2480 usus
1229 2452 1283 2480 est
1299 2447 1422 2489 quibus
1445 2451 1562 2489 pater;
1585 2444 1651 2477 mi-

210 2491 296 2524 litiis
318 2503 423 2534 vero,
459 2491 584 2524 officiis
609 2497 644 2525 et
664 2492 888 2534 satellitibus,
926 2498 1010 2536 quot
1031 2492 1193 2525 Romulus
1217 2497 1253 2524 et
1283 2503 1397 2524 omnes
1420 2491 1582 2532 deinceps
1606 2489 1651 2523 ad

211 2547 288 2569 eum
311 2547 420 2580 usque
441 2536 495 2569 usi
516 2541 625 2569 erant.
671 2536 777 2570 solum
798 2537 995 2581 magistrum
1017 2537 1166 2581 equitum
1187 2537 1222 2569 in
1246 2537 1455 2580 praefectu.n
1476 2533 1649 2578 praetorio

209 2581 376 2623 mutavit,
402 2591 572 2625 curruque
594 2581 741 2624 insigni,
767 2594 810 2615 ex
834 2587 974 2625 argento
998 2583 1089 2615 facto
1103 2608 1112 2624 ,
1148 2580 1349 2622 honoravit,
1385 2591 1448 2614 nec
1466 2590 1534 2613 non
1557 2577 1650 2611 civili

210 2625 328 2658 officio
354 2637 430 2659 eum
450 2626 636 2670 praefecit,
659 2637 744 2669 quos
764 2626 969 2670 Augustales
992 2638 1014 2660 a
1033 2630 1142 2659 semet
1160 2625 1367 2666 nominavit;
1399 2625 1443 2658 de
1466 2623 1588 2669 quibus
1612 2622 1648 2654 in

208 2670 297 2703 libro
321 2672 365 2704 de
389 2670 504 2703 officio
529 2672 778 2714 praefectorum
805 2671 978 2716 praetorio
1003 2671 1102 2715 paulo
1127 2675 1206 2714 post
1228 2670 1446 2703 disseremus.
1491 2677 1647 2701 mansue-

209 2719 280 2747 tum
302 2720 415 2748 tamen
434 2727 472 2748 se
491 2715 623 2749 civibus
644 2715 826 2759 praebuit3
851 2717 940 2749 unde
958 2715 1103 2749 Romani
1125 2717 1167 2748 de
1187 2727 1227 2748 eo
1247 2715 1357 2758 patrio
1377 2724 1532 2747 sermone
1550 2711 1648 2744 dixe-

210 2764 292 2792 runt
322 2756 473 2793 “utinam
496 2772 560 2793 nec
583 2766 705 2801 natus,
733 2771 796 2792 nec
817 2766 967 2794 mortuus
991 2756 1161 2795 fuisset!’'
1209 2761 1374 2803 optabant
1390 2758 1519 2802 quippe
1535 2760 1649 2788 natum

211 2815 280 2838 nou
311 2804 441 2849 fuisse,
475 2805 535 2850 qui
558 2805 649 2840 solus
675 2805 862 2840 Caesarum
883 2805 1113 2852 principatum
1134 2805 1324 2846 firmasset3
1359 2803 1463 2838 iidem
1482 2805 1648 2835 mortuum
