1748 3210
264 197 360 245 242
776 197 995 242 IOANNIS
1027 199 1158 242 LYDI

264 309 422 365 ἀμύνειν
443 309 563 366 αὐτῷ.
629 308 650 351 ὅ
672 309 714 350 δὲ
731 312 906 364 συνορῶν
924 309 1024 362 μηδὲ
1041 309 1108 351 τὸν
1124 311 1287 354 Παῦλον
1306 311 1435 368 ἀρκεῖν
1453 313 1551 369 πρὸς
1570 311 1670 355 cind-

264 381 374 420 ὸοσιν
394 379 493 431 μηδὲ
511 373 732 429 Ζηνόδοτον
750 375 849 430 πρὸς
865 374 1026 425 ἔνδοσιν,
1057 374 1126 417 δύο
1146 376 1327 429 χιλιάδας
1341 381 1506 435 χρυσίου
1529 380 1670 421 δέδωκε

266 450 406 501 λιτρῶν
423 445 541 497 αὐτῷ,
559 443 630 491 τὰς
647 442 717 495 μὲν
726 443 856 494 χιλίας
870 446 926 498 τῷ
938 441 1105 498 χρήστῃ,
1119 442 1191 492 τὰς
1207 445 1250 485 δὲ
1265 446 1488 498 λειπομένας
1505 447 1669 500 (τοσαῦ-

265 529 330 554 ται
350 512 392 551 δὲ
411 505 529 562 ἦσαν)
553 512 608 563 τῷ
629 507 782 564 Παύλῳ
796 508 1070 564 χαρισάμενος.

396 574 473 619 49.
535 574 634 628 Ἐγὼ
656 575 698 615 δὲ
716 574 944 631 ἀναστρέψω
965 581 1021 632 τῷ
1040 574 1142 632 λόγῳ
1158 576 1258 632 πρὸς
1273 577 1469 632 Μαρῖνον.
1492 577 1701 631 ἔκλαβὼν5

264 644 392 686 τοίνυν
415 641 543 697 Σύρος
564 641 663 696 ἀνὴρ
687 643 752 683 καὶ
771 643 939 698 πονηρὸς
961 641 1014 693 ὡς
1031 643 1198 696 ἐπιεικὴς
1218 643 1310 691 τοὺς
1330 641 1499 698 φόρους,
1518 645 1670 697 ,τὰμὲν

265 707 524 764 βουλευτήρια
545 713 682 750 πασῶν
695 710 886 765 παρέλυσε
907 714 984 750 τῶν
1001 708 1167 760 πόλεων,
1212 709 1445 762 ἀπεμπολῶν
1463 709 1555 758 τοὺς
1567 709 1666 764 tim]-

265 775 382 824 κόους
398 776 510 816 παντὶ
527 773 581 824 ὥς
599 775 749 828 ἔτυχεν,
783 777 817 816 εἷ
842 773 961 828 μόνον
992 777 1096 832 αὐτῷ
1125 777 1170 817 τὸ
1202 777 1318 817 πλέον
1342 773 1574 829 ὑπόσχοιτο,
1604 779 1671 818 καὶ

265 844 351 884 ἀντὶ
369 846 445 884 τῶν
463 842 652 883 ἀνέκαθεν
668 840 924 897 στηριζόντων
944 843 994 884 τὰ
1009 842 1220 897 πράγματα
1239 845 1461 895 βουλευτῶν
1476 845 1672 898 προχειρί-

265 912 367 961 ζεται
401 908 493 957 τοὺς
529 909 755 962 λεγομένους
786 910 962 960 βίνδικας
995 909 1180 963 (Ἰταλοῖς
1207 909 1305 950 θεὸν
1333 908 1589 961 ἀποκαλεῖν),
1633 909 1724 953 o‘t'lo

262 973 555 1031 παραλαβόντες
583 975 675 1023 τοὺς
705 979 895 1024 συντελεῖς
925 975 1037 1016 οὐδὲν
1066 977 1258 1028 πολεμίων
1288 970 1410 1029 ἧσσον
1443 975 1516 1025 τὰς
1543 974 1672 1024 πόλεις

264 1043 465 1094 διέθηκαν.
531 1043 596 1082 καὶ
617 1043 758 1094 γίνεται
786 1042 857 1094 μὲν
878 1041 1141 1097 πολύχρυσος,
1176 1042 1280 1096 εἴπερ
1301 1058 1360 1091 τις
1384 1040 1520 1093 ἄλλος,
1550 1040 1571 1084 ὃ
1593 1046 1671 1095 βαμ-

264 1108 393 1156 σιλεύς
421 1109 485 1149 καὶ
512 1108 599 1159 μετ’
629 1108 747 1148 αὐτὸν
775 1107 795 1148 ὃ
815 1109 1001 1162 Μαρῖνος
1027 1110 1092 1149 καὶ
1119 1108 1202 1150 ὅσοι
1222 1110 1495 1163 Μαρινιῶντες
1517 1106 1671 1157 ἁπλῶς·
1722 1124 1725 1127 “

263 1175 409 1228 ἀπορία
439 1175 482 1214 δὲ
508 1173 697 1225 παντελὴς
719 1166 790 1214 ’καὶ
814 1175 945 1222 πενίας
970 1172 1102 1226 βάθος
1120 1175 1273 1215 κατέπιε
1292 1175 1342 1214 τὰ
1359 1173 1592 1228 πράγματα,
1625 1174 1670 1215 τὸ

261 1240 399 1280 λοιπὸν
427 1242 496 1292 τῆς
523 1238 785 1293 ἐπαρχότητος
806 1237 938 1295 τρόπῳ
961 1239 1205 1293 χαμαιζήλου
1226 1242 1410 1281 δικαστοῦ
1426 1239 1566 1293 μόναις
1585 1247 1669 1289 ταῖς
1683 1251 1724 1284 15

261 1308 473 1354 ἰδιωτικαῖς
492 1306 750 1354 διαδικασίαις
769 1304 1046 1358 σχολαζούσης.
1111 1307 1287 1361 ἠρυθρία
1305 1307 1347 1347 δὲ
1365 1305 1470 1358 ὅμως
1490 1305 1510 1348 ὅ
1530 1310 1671 1362 Maga?-

261 1389 350 1422 νος,
384 1373 448 1413 καὶ
469 1374 539 1426 τὴν
556 1372 681 1426 ἀρχὴν
700 1371 823 1413 ἐδόκει
841 1376 969 1425 τιμᾶν,
994 1374 1105 1427 τέχνῃ
1123 1373 1190 1414 τὸν
1208 1371 1361 1428 φθόνον
1376 1371 1671 1425 ἀπωθούμενος.

262 1438 377 1480 ἔνθεν
402 1443 480 1480 τῶν
506 1440 704 1492 δημοσίων
737 1438 866 1493 ὥσπερ
895 1437 970 1494 ὑφ’
997 1438 1152 1494 ἑτέρους
1174 1438 1385 1481 τελούντων
1409 1441 1474 1481 καὶ
1491 1439 1547 1492 μὴ
1570 1439 1670 1481 κατὰ

260 1504 370 1555 τάξιν
397 1506 690 1561 πραττομένων,
723 1504 947 1546 ὗπώλισθεν
975 1504 999 1558 ἡ
1028 1504 1136 1554 τάξις
1159 1507 1222 1546 καὶ
1245 1507 1376 1555 πενίας
1399 1505 1600 1562 ἐνήρχετο·
1634 1507 1675 1547 τί

256 1572 334 1626 γὰρ
361 1574 588 1627 περιεγίνετο
619 1572 718 1627 αὐτῇ
746 1570 885 1624 μόναις
921 1579 1006 1622 ταῖς
1039 1574 1164 1622 δίκαις
1186 1576 1264 1614 τῶν
1290 1575 1457 1615 ἰδιωτῶν
1483 1575 1725 1628 ἐξυπηρε-Ἇο

257 1639 449 1692 τουμένῃς

391 1703 469 1747 50.
540 1703 676 1753 Οὕτως
703 1699 772 1746 οὖν
803 1708 880 1747 τῶν
907 1704 1145 1762 πραγμάτων
1164 1704 1240 1747 ὑπὸ
1267 1709 1324 1762 τῷ
1339 1706 1514 1761 Μαρίνῳ
1533 1703 1670 1746 πεσόν-

259 1786 350 1823 των,
368 1771 538 1813 συνεῖδεν
557 1769 577 1812 ὃ
591 1772 776 1824 βασιλεὺς
794 1769 905 1831 ἑτέρα
923 1778 1016 1830 τιμῇ
1033 1774 1103 1828 τὴν
1122 1773 1279 1827 ἀτιμίαν
1295 1770 1671 1828 παραμυθήσασθαι

347 1887 391 1920 10
406 1889 503 1931 patet
523 1885 652 1931 aliquid
675 1887 853 1921 excidisse.
886 1887 931 1921 F.
1067 1889 1109 1923 13
1129 1885 1354 1933 μαρινιόντες
1376 1888 1417 1932 C,
1438 1889 1585 1930 μοιρῖνοι
1609 1881 1670 1919 ὅν-

344 1941 403 1969 τες
424 1931 469 1965 F.
603 1932 645 1966 19
667 1932 773 1977 πενίᾳ
795 1932 996 1974 συνείχετο7

257 2028 391 2062 solvere
407 2039 519 2072 neque
535 2030 746 2063 Zenodotum
762 2031 936 2065 remittere
952 2043 1066 2076 posse,
1088 2032 1154 2065 duo
1175 2031 1267 2066 milia
1286 2031 1360 2066 auri
1377 2032 1539 2067 librarum
1555 2034 1589 2068 ei
1607 2035 1668 2068 de-

257 2074 319 2117 dit,
342 2073 431 2107 mille
449 2074 621 2117 creditori,
645 2075 792 2118 reliquas
816 2077 931 2118 (erant
952 2082 1063 2110 autem
1083 2077 1240 2120 totidem)
1261 2077 1368 2111 Paulo
1389 2077 1550 2122 largiens.

345 2117 402 2151 49.
447 2119 525 2160 Ego
556 2130 639 2152 vero
670 2121 884 2154 enarratione
915 2121 958 2154 ad
990 2122 1158 2155 Marinum
1179 2123 1296 2155 redeo.
1341 2123 1447 2156 cumi
1473 2123 1540 2157 'tur
1561 2124 1670 2167 Syrus

255 2161 355 2194 homo
383 2162 624 2206 improbusque
650 2164 780 2197 tributa
805 2165 902 2209 quasi
933 2177 1059 2209 aequus
1091 2166 1318 2210 suscepisset,
1356 2168 1449 2201 curia
1461 2171 1496 2202 ia
1525 2170 1669 2203 omnium

255 2206 389 2239 urbium
419 2206 573 2250 sustulit,
605 2207 699 2241 cives
731 2208 870 2244 cuilibet
896 2214 1042 2254 temere,
1079 2212 1254 2245 dummodo
1281 2210 1356 2255 plus
1380 2212 1414 2245 ei
1441 2212 1668 2258 polliceretur,

254 2251 426 2290 vendens3
460 2262 589 2295 proque
615 2252 815 2296 curialibus,
847 2254 994 2298 antiquis
1022 2255 1231 2300 publicorum
1253 2257 1539 2301 moderatoribus,
1574 2265 1670 2294 creat

256 2306 341 2338 quos
359 2294 511 2328 vindices
534 2296 617 2339 (quo
635 2297 769 2330 nomine
788 2298 866 2332 Itali
884 2300 982 2332 deum
1001 2299 1171 2344 appellare
1194 2300 1319 2347 solent)
1342 2307 1477 2344 vocant,
1503 2303 1560 2346 qui
1578 2304 1668 2337 nacti

255 2339 292 2373 in
315 2339 492 2373 collatores
513 2346 727 2384 potestatem,
751 2342 854 2376 nihilo
878 2355 975 2387 quarn
994 2345 1108 2378 hostes
1131 2345 1248 2378 melius
1269 2346 1426 2379 civitates
1450 2347 1611 2381 habuere.
1635 2354 1670 2382 et

256 2395 339 2418 auro
363 2384 518 2428 quidem,
549 2384 580 2418 εἰ
606 2386 681 2429 quis
704 2387 770 2420 fuit
790 2387 894 2430 alius,
928 2389 1110 2423 ditissimus
1134 2391 1174 2423 fit
1192 2389 1394 2434 imperator,
1428 2397 1505 2436 post
1527 2403 1668 2438 eumque

255 2429 429 2473 Marinus,
463 2435 498 2462 et
516 2434 599 2472 quot
619 2431 751 2464 omnino
771 2431 916 2465 Marini:
950 2445 1076 2467 summa
1101 2445 1183 2467 vero
1214 2434 1370 2477 angustia
1397 2440 1433 2468 et
1458 2438 1670 2480 paupertatis

257 2475 402 2516 abyssus
425 2484 543 2508 causas
561 2475 748 2518 absorbuit,
771 2478 987 2519 praefectura
1003 2479 1162 2522 deinceps
1181 2490 1273 2512 more
1293 2479 1439 2522 pedanei
1456 2481 1577 2514 iudicis
1596 2483 1668 2526 pri-

256 2519 346 2551 vatis
377 2524 506 2551 tantum
530 2518 648 2552 litibus
679 2526 836 2554 vacante.
882 2524 1064 2556 verebatur
1096 2529 1209 2557 tamen
1238 2523 1390 2557 Marinus
1422 2524 1668 2570 videbaturque

255 2562 368 2596 colere
389 2563 638 2606 magistratum,
671 2570 745 2598 arte
767 2565 927 2599 invidiam
949 2567 1129 2611 repellens.
1175 2568 1272 2610 inde,
1303 2579 1376 2602 cum
1399 2569 1498 2612 quasi
1519 2571 1570 2604 ad*
1583 2571 1666 2604 aiios

254 2607 390 2651 publica
411 2609 621 2652 pertinerent
642 2620 752 2653 neque
769 2610 836 2645 rite
854 2611 1083 2654 exigerentur,
1103 2612 1283 2656 collapsum
1302 2613 1451 2646 officium
1467 2619 1519 2648 est
1535 2615 1665 2660 coepit-

255 2663 322 2728 qule
345 2658 546 2732 paupertatg
563 2652 739 2688 laborare=
762 2654 842 2688 solis
863 2656 952 2689 euim
971 2657 1180 2701 privatorum
1201 2657 1308 2701 ausis
1326 2669 1464 2702 operam
1482 2659 1566 2700 dans
1584 2660 1665 2704 quid

253 2696 316 2730 rei
343 2697 378 2730 ui
396 2698 515 2731 habuit

319 2708 398 2775 q50.
445 2742 505 2776 Sic
524 2741 630 2786 igitur
649 2743 752 2777 rebus
774 2744 838 2778 sub
859 2744 992 2778 Marino
1015 2745 1211 2788 ruentibus,
1243 2745 1428 2790 imperator
1451 2747 1518 2781 alio
1539 2748 1666 2780 honore

255 2790 479 2833 contemptum
501 2786 716 2833 magistratus
734 2787 838 2826 solari
854 2790 1042 2825 constituit.
1088 2801 1164 2825 nam
1186 2790 1369 2826 forensium
1389 2796 1557 2826 oratorum
1576 2792 1667 2837 opti-
