1748 3210
197 333 223 374 4

126 809 159 840 ρ.
185 808 222 830 1x

243 217 271 247 x
614 203 756 246 HASII
788 203 861 246 DE
893 201 1096 245 IOANNE
1129 201 1281 244 LYDO

359 334 536 371 Profecto
561 334 666 371 enim
684 334 726 370 in
744 332 860 370 huius
885 332 1068 383 principis
1087 338 1252 369 aetatem
1269 329 1558 370 accommodare
1577 331 1652 370 ali-

245 402 332 453 quis
350 402 469 452 possit
486 398 585 436 illud
603 404 738 450 poetae
757 399 894 436 inediti
913 405 950 436 et
967 397 1177 436 admodum
1196 399 1406 448 elegantis:

455 465 510 513 ὥς
529 463 571 505 δὲ
590 466 886 504 θαλασσαίοισιν
906 464 949 505 ἐν
970 465 1126 516 οἷ’ὃμασι
1145 467 1265 516 νῆσος
1284 461 1431 516 ἀνίσχει

454 531 635 582 δαιδαλέη
653 528 852 582 σταχύεσσι
870 530 937 571 καὶ
957 527 1183 584 ἄμπελόεντι
1203 528 1389 586 κορύμβῳ

454 597 521 638 καὶ
539 600 693 651 θαλερῷ
708 600 865 648 λειμῶνι
883 597 949 638 καὶ
967 594 1229 651 εὕδένδροισιν
1248 597 1435 650 ἕρίπναις,

456 661 530 714 τήν
546 662 588 703 δὲ
604 661 902 714 παραπλώοντες
921 664 1187 715 ἐπολβίζουσιν
1203 663 1327 705 ὁδῖται

455 727 572 781 ἄλγεα
588 730 858 782 βουκολέοντες
875 726 1101 782 ἇλικμήτοιο
1120 732 1319 784 μερίμνης-

246 796 354 832 cuius
382 795 562 846 imaginis
594 809 708 847 saepe
731 796 829 834 mihi
852 798 957 834 venit
980 798 1022 834 in
1049 803 1220 833 mentem
1250 794 1390 846 tamin
1410 791 1484 830 hoc
1505 797 1658 842 tempus

246 863 431 910 intuenti,
459 861 564 913 quod
590 869 774 914 tauquam
801 864 928 901 insula
954 864 1147 900 fortunata
1167 864 1209 900 in
1227 863 1326 899 mari
1341 861 1482 898 infesto
1503 859 1659 905 eniteat,

247 941 365 979 quam
390 929 431 964 in
455 927 638 965 historiae
654 931 890 980 Byzantinae
909 929 1120 977 studiosos,
1149 942 1201 966 ex
1221 930 1307 966 luce
1325 925 1551 965 Iustinianei
1570 937 1660 961 sae-
1708 919 1713 925 ⁴

249 995 326 1031 culi
362 996 404 1031 in
439 997 659 1033 Heracliani
694 998 900 1046 caliginem
932 995 1057 1033 subito
1085 993 1314 1032 incidentes.
1369 994 1514 1031 etenim
1541 997 1584 1028 ut
1611 991 1661 1028 sit

246 1063 424 1113 quamvis
453 1062 716 1112 vituperabilis
746 1063 947 1099 Iustiniani
977 1068 1081 1099 aetas
1102 1062 1189 1098 aliis
1212 1062 1347 1108 rebus,
1376 1060 1506 1097 oculos
1529 1064 1662 1094 tamen

246 1129 469 1178 perstringit
497 1129 645 1165 obiecto
670 1127 873 1178 splendore
894 1127 1063 1180 quodam
1082 1141 1161 1165 non
1180 1127 1297 1165 modo
1316 1127 1373 1163 rei
1389 1125 1568 1162 militaris
1591 1121 1662 1161 sed
1714 1162 1716 1164 ,

248 1194 367 1230 etiam
400 1194 619 1231 literarum:
658 1193 794 1230 habuit
826 1199 958 1244 poetas
996 1195 1238 1243 tolerabiles,
1281 1190 1535 1244 philosophos
1581 1202 1663 1226 non

247 1261 404 1296 omnino
435 1258 662 1307 delirantes,
692 1273 821 1296 rerum
849 1262 1053 1310 scriptores
1072 1262 1191 1297 etiam
1208 1260 1440 1297 luculentos.
1496 1267 1663 1308 quorum

245 1326 421 1361 omnium
444 1326 486 1361 in
513 1338 675 1361 numero
701 1324 857 1374 Lydum
885 1326 1047 1361 fortasse
1070 1326 1205 1374 reponi
1234 1331 1404 1373 oportet,
1440 1333 1664 1374 quanquam

246 1403 347 1442 quae
376 1391 544 1427 carmine
574 1390 767 1439 scripserit
796 1401 874 1426 non
908 1396 1114 1439 superant:
1144 1390 1342 1440 scripsisse
1362 1396 1495 1426 tamen
1517 1392 1665 1424 constat

246 1470 300 1493 ex
327 1455 452 1492 edicto
479 1456 742 1506 imperatoris,
779 1468 821 1505 p·
847 1455 928 1494 222
954 1453 1002 1503 4,
1042 1454 1226 1492 laudante
1255 1456 1486 1492 suavitatem
1510 1454 1593 1490 eius
1622 1454 1665 1489 in

246 1523 421 1574 poeticis.
475 1535 612 1559 verum
634 1534 734 1572 quae
753 1521 917 1557 feliciter
939 1520 1215 1558 interciderunt
1236 1527 1302 1557 aut
1319 1522 1461 1568 latent,
1491 1532 1536 1556 ea
1559 1521 1666 1556 sina-

246 1603 335 1627 mus
355 1589 564 1640 quiescere.
605 1585 894 1637 philosophiam
911 1586 1044 1637 Lydus
1062 1594 1162 1624 certe
1179 1587 1328 1636 attigit:
1353 1585 1432 1622 vid.
1450 1598 1491 1635 p.
1510 1587 1592 1625 219
1625 1583 1667 1624 4.

249 1669 300 1693 an
319 1657 470 1706 scriptIs
490 1653 602 1692 editis
619 1654 832 1702 illustrarit,
861 1654 1005 1704 ambigi
1022 1659 1162 1704 potest.
1210 1666 1303 1689 nam
1322 1651 1426 1704 quod
1438 1651 1500 1689 illi
1518 1648 1667 1687 adscri-

247 1723 352 1759 bitur
371 1722 666 1758 commentarius
686 1722 729 1757 in
758 1719 1063 1769 Theophras-tam
1084 1721 1132 1756 de
1151 1732 1267 1756 sensu,
1291 1726 1327 1755 et
1342 1718 1560 1768 phantasia
1584 1717 1668 1753 sive

249 1790 377 1839 potius
404 1789 446 1824 in
477 1789 608 1825 locum
637 1799 689 1823 ex
715 1786 814 1823 libro
843 1788 975 1838 quinto
1010 1785 1265 1837 Physicorum
1300 1783 1563 1835 Theophrasti
1600 1782 1669 1834 (v.

249 1855 402 1891 Harles.
430 1854 532 1890 Bibl.
561 1854 695 1890 Graec.
724 1854 803 1890 vol.
834 1855 860 1894 3
891 1866 932 1903 p.
960 1851 1041 1893 444
1076 1859 1115 1889 et
1148 1852 1321 1902 Catalog.
1351 1849 1537 1888 Biblioth.
1567 1850 1669 1898 neg.

250 1921 373 1958 Paris.
395 1920 498 1960 1739
516 1920 584 1956 fol.
604 1926 702 1970 part.
718 1920 745 1958 2
761 1932 801 1969 p.
816 1916 946 1969 424),
975 1918 1018 1955 id
1035 1925 1164 1969 aperte
1182 1919 1326 1956 falsum
1340 1924 1410 1956 est.
1467 1927 1668 1954 commen-

252 1988 373 2024 tarius
400 1987 506 2022 enim
531 1986 621 2033 ifle,
653 1986 720 2036 qui
746 1992 873 2022 exstat
901 1986 942 2021 in
967 1984 1049 2022 cod.
1075 1992 1205 2023 nostro
1234 1986 1355 2035 Regio
1378 1981 1502 2031 1954,
1531 1988 1669 2032 estque

252 2054 378 2104 primo
404 2065 517 2089 cusus
538 2064 561 2088 a
577 2053 727 2089 Victore
744 2052 990 2088 Trincavello
1008 2053 1143 2089 Venet.
1167 2051 1268 2093 1536
1287 2052 1356 2088 fol.
1374 2062 1452 2087 una
1467 2062 1557 2086 cum
1572 2049 1670 2086 Ale-

250 2118 392 2158 xandri
418 2117 730 2169 Aphrodisiensis
759 2118 1069 2166 Quaestionibus,
1098 2120 1233 2156 referri
1261 2116 1376 2154 debet
1403 2129 1482 2154 non
1509 2114 1560 2152 ad
1586 2117 1671 2166 Ly-

252 2186 347 2223 dum
365 2192 539 2222 nostrum
556 2183 626 2221 sed
646 2183 696 2220 ad
714 2184 952 2220 Priscianum
974 2183 1147 2234 Lydum,
1178 2186 1246 2236 qui
1279 2183 1396 2222 simul
1418 2196 1507 2220 cum
1521 2180 1669 2220 Isidoro

253 2253 457 2289 Damascio
476 2251 676 2302 Simplicio
693 2250 856 2301 aliisque
875 2251 1054 2301 antiquae
1071 2252 1269 2300 religionis
1285 2249 1527 2301 philosophis
1542 2247 1671 2286 Athe-

253 2321 315 2357 nis
337 2325 374 2355 et
391 2319 553 2369 imperio
573 2317 777 2355 Iustiniani
793 2317 970 2363 excessit,
993 2323 1127 2367 estque
1146 2315 1303 2353 demum
1321 2329 1355 2353 a.
1367 2317 1446 2357 533
1466 2314 1670 2353 achosroe

254 2387 458 2422 Persarum
477 2397 567 2435 rege
589 2385 631 2421 in
654 2383 786 2421 orbem
804 2384 1023 2419 Romanum
1041 2381 1241 2420 reductus:
1270 2396 1308 2420 v.
1337 2381 1492 2419 Gibbon
1507 2383 1671 2431 Ili-story

256 2452 309 2502 os
327 2452 389 2488 the
417 2451 562 2488 decline
587 2449 774 2500 andsall
799 2455 871 2486 etc.
904 2450 982 2486 vol.
1001 2447 1026 2488 4
1050 2449 1215 2486 London
1237 2450 1353 2496 1788,
1374 2447 1419 2497 4,
1448 2462 1488 2500 p.
1512 2450 1590 2489 118
1609 2459 1670 2498 sq·

255 2518 365 2569 isque
381 2518 598 2555 Priscianus
618 2514 752 2568 Lydus
771 2521 914 2566 quanto
931 2516 1082 2553 facilius
1099 2528 1187 2552 cum
1205 2513 1315 2566 Lydo
1335 2522 1467 2552 nostro
1485 2512 1671 2552 confundi

259 2586 399 2633 possit,
429 2585 571 2635 quippe
596 2583 748 2634 aequali
777 2594 846 2619 suo
869 2588 907 2617 et
926 2582 1125 2632 populari,
1151 2580 1226 2619 hoc
1247 2583 1458 2619 accuratius
1478 2587 1536 2619 est
1555 2580 1604 2617 ab
1622 2593 1669 2616 eo

260 2649 566 2700 distinguendus.
619 2650 733 2688 venio
762 2647 813 2685 ad
840 2646 1020 2685 historica
1047 2649 1188 2699 scripta
1211 2647 1313 2698 Lydi
1333 2649 1474 2695 nostri,
1504 2657 1670 2697 quorum

261 2714 339 2751 duo
355 2723 444 2752 sunt
461 2729 601 2765 genera
613 2744 624 2764 ,
653 2716 792 2763 altera,
823 2727 922 2766 quae
941 2728 1063 2752 senex
1080 2714 1201 2752 edidit
1213 2744 1223 2763 ‚
1255 2712 1382 2751 adhuc
1401 2725 1454 2750 ex
1471 2718 1580 2763 parte
1597 2723 1670 2747 ex·-

264 2782 421 2831 stantia,
450 2783 568 2820 altera
598 2782 646 2820 ab
679 2781 922 2820 adolescente
953 2782 1182 2833 composita,
1211 2793 1308 2833 quae
1329 2780 1482 2831 penitus
1501 2790 1671 2816 evanue-
