1748 3210
188 174 283 219 278
696 176 918 220 IOANNIS
947 175 1078 218 LYDI

185 282 272 323 τῶν
300 279 494 323 ὑπάτων
523 280 550 331 ᾧ
583 278 783 333 ἄντικρυς
809 280 1010 335 ἐδηλοῦτο
1038 277 1226 332 Γάλλους
1251 296 1295 325 τε
1323 281 1396 325 καὶ
1423 285 1595 335 Σαυρο-

186 346 319 401 μάτας
345 347 397 389 τὰ
418 346 635 399 Ῥωμαίων
664 344 864 399 δῃώσειν·
891 345 940 388 τὸ
966 345 1011 388 δὲ
1030 371 1496 385 ....................
1514 350 1598 401 θῆ-

186 429 273 455 vah·
329 410 519 454 πολλάκις
557 412 596 448 δὲ
633 413 695 447 καὶ
732 412 907 457 διάπυρος
945 410 1079 457 ἀστήρ,
1126 409 1274 453 ἀσπίδος
1312 410 1597 458 ἀπομιμούμενος

186 481 336 528 τύπον,
367 477 411 519 ἐκ
436 480 509 530 τῆς
539 474 645 529 ἑῴας
674 475 734 518 ἐπὶ
761 478 826 524 τήν
854 475 981 519 δύσιν
1008 480 1222 522 σπινθῆρας
1251 475 1432 521 ἐκπέμπων
1459 475 1596 523 διατρέ-

184 558 266 597 χει,
301 547 371 579 τῶν
404 542 672 594 Παρθυαίων
700 543 847 589 ἔφοδον
877 543 1163 599 μαντευόμενος.
1227 542 1356 578 καὶτὰ
1374 541 1437 586 μὲν
1465 541 1503 577 ἐκ
1528 544 1627 578 τῶνὸ

183 606 459 655 πρωτοτύπων
487 607 675 655 κέντρων,
707 606 903 655 ἀνατολήν
930 609 1015 654 λέγω
1046 609 1107 644 καὶ
1137 607 1258 652 δυ’σιν,
1287 603 1402 648 οὕτως
1429 605 1502 646 ἔστι
1529 608 1600 648 λα-

185 675 298 726 βεῖν·
327 671 410 714 άπὸ
439 672 483 715 δέ
511 687 558 725 γε
587 671 726 725 ἄρκτου
753 673 824 715 καὶ
855 676 1113 727 μεσημβρίας,
1143 670 1262 709 οὐκέτι
1283 671 1437 717 ἐφόδους
1460 673 1602 718 βαρβα-

184 737 307 790 ρικάς
331 740 458 780 ταῦτα
481 738 565 784 ἡμῖν
587 739 798 791 προδηλοῖ,
828 737 921 780 ἀλλὰ
941 739 1144 788 βιαιοτέρας
1169 736 1306 783 ἀνέμων
1329 735 1495 782 ἐκρήξεις.
1541 736 1602 772 καὶ

187 807 221 840 εἰ
257 804 321 849 μὲν
361 803 402 853 ἐξ
444 801 606 856 ἄρκτου
643 802 810 844 διάττων
849 805 996 851 ἐκτρέχει
1034 802 1192 845 αὔλακάς
1218 816 1257 839 τε
1284 798 1408 853 πυρὸς
1436 798 1502 841 ἐπὶ
1527 797 1605 841 ‘cdv

187 867 293 920 ἀέρα
328 872 464 919 ποιεῖ,
512 867 751 922 βροντώδεις
786 869 929 915 λέγεται
966 871 1186 914 διοσημείας,
1229 864 1447 920 συστροφήν
1482 862 1605 916 ἀέρος
1617 874 1658 908 10

185 933 259 976 καὶ
285 938 420 983 βορρᾶν
448 931 689 987 βιαιότερον
720 931 1019 981 ἁναστήσασθαι,
1050 935 1087 970 ἐκ
1117 935 1156 970 δὲ
1178 937 1243 970 τοῦ
1269 932 1453 974 ἐναντίου
1476 928 1608 985 φερό-

185 1015 315 1053 μενος
355 998 486 1042 νότον
525 997 679 1052 ἐπάγει.
734 1001 816 1040 τῶν
843 997 923 1052 γὰρ
952 997 1191 1045 πνευμάτων
1219 997 1266 1039 ἐκ
1303 1000 1390 1039 τῶν
1421 994 1608 1050 ἐσχάτων

183 1067 262 1107 τοῦ
296 1063 460 1118 κόσμου
496 1066 636 1117 μερῶν
675 1062 1009 1116 διανισταμένων
1058 1064 1129 1106 καὶ
1175 1062 1252 1104 τὸν
1298 1059 1403 1115 ἀέρα
1437 1065 1608 1114 πρῶτον

185 1128 474 1183 πληττόντων,
519 1127 701 1182 μηδενὸς
744 1127 938 1181 σώματος
979 1127 1331 1176 ἀντιτυποῦντος,
1376 1124 1489 1176 εἰκός
1521 1126 1608 1169 ἐστι

189 1194 290 1244 τούς
317 1193 362 1235 ἐκ
389 1197 475 1234 τῶν
503 1191 691 1243 ἀστέρων
718 1191 883 1234 τούτων
911 1191 1192 1246 ἀφορίζεσθαι
1221 1194 1470 1244 σπινθῆρας.
1618 1202 1659 1236 15

300 1261 338 1300 5.
387 1255 569 1311 Ὁμοίως
609 1257 722 1299 ἔστιν
757 1256 925 1310 ἑτέρους
959 1255 1136 1310 ἀστέρας
1166 1254 1308 1309 εὑρεῖν
1334 1255 1435 1298 ποτὲ
1461 1254 1538 1310 μὲν
1562 1256 1608 1298 ἐν

186 1325 241 1377 γῇ
270 1322 372 1364 ποτὲ
402 1321 446 1364 δὲ
476 1322 521 1364 ἐν
548 1322 739 1378 θαλάττῃ
769 1322 840 1372 τὰς
868 1323 979 1372 ἰδίας
1001 1320 1210 1375 ἐνεργείας
1228 1320 1484 1370 δεικνύντας.
1541 1318 1610 1363 ἐπί

187 1404 231 1430 τε
267 1387 348 1442 γὰρ
387 1391 698 1440 στρατιωτικῶν
737 1387 948 1430 ἀκοντίων
983 1386 1184 1437 πολλάκις
1221 1385 1434 1441 ὤφθησαν
1462 1383 1610 1439 ἐφιζά-

188 1468 333 1503 νοντες
362 1452 429 1495 ἐπί
457 1469 499 1495 τε
529 1457 614 1495 τῶν
643 1454 786 1495 ἱστίων
819 1457 905 1496 τῶν
932 1455 1059 1503 νεῶν,
1099 1453 1171 1496 καὶ
1208 1452 1254 1495 ἐν
1291 1451 1436 1501 ἄλλοις
1465 1451 1510 1494 δὲ
1539 1450 1611 1504 με’-

189 1529 302 1572 ρεσι,
348 1519 524 1573 λιγυρόν
561 1536 601 1561 τι
638 1519 821 1573 σύριγμα
858 1520 1168 1573 προσηχοῦντες
1194 1517 1264 1560 καὶ
1296 1516 1459 1570 ὀρνέων
1487 1517 1663 1570 ὃίκηνΞΟ

191 1585 250 1633 εἰς
277 1582 412 1626 τόπον
440 1583 486 1626 ἐκ
515 1583 651 1627 τόπου
677 1588 752 1639 τῆς
780 1583 885 1634 νεώς
913 1582 1231 1637 μεθιστάμενοι,
1262 1582 1319 1633 ὥς
1347 1581 1402 1624 ἂν
1428 1580 1611 1624 καταδύ-

192 1659 296 1691 σωσι
323 1647 493 1702 ταύτην.
552 1648 654 1691 ὅθεν
683 1650 754 1691 καὶ
783 1654 870 1699 τοῖς
893 1649 1131 1703 ξηροτέροις
1149 1653 1222 1703 τῆς
1239 1648 1344 1698 νεώς
1364 1647 1612 1702 ἐμπίπτουσι

191 1713 379 1768 μέρεσιν,
417 1714 458 1763 ἐξ
498 1708 559 1755 ὧν
595 1714 919 1768 συντομωτέραν
950 1713 1059 1763 εἰκὸς
1087 1715 1285 1767 γενέσθαι
1313 1712 1390 1768 τὴν
1419 1713 1613 1767 ἐκπύρω-

193 1789 271 1821 σιν.
328 1779 376 1821 τὸ
414 1778 459 1821 δὲ
495 1783 695 1822 τοιοῦτον
724 1783 860 1834 σχῆμα
888 1778 982 1833 ἤτοι
1010 1779 1254 1834 κατάστημα
1282 1781 1324 1822 οἱ
1351 1779 1428 1833 τὴν
1455 1778 1614 1821 θάλατ-

279 1867 302 1899 2
333 1866 455 1910 incipit
486 1866 541 1899 hic
569 1866 696 1899 codicis
730 1865 789 1898 fol.
809 1867 831 1899 2
860 1876 1016 1911 versum,
1048 1866 1142 1900 cuius
1165 1866 1274 1912 prima
1294 1867 1385 1901 linea
1408 1879 1450 1902 ex
1472 1867 1613 1901 dimidia

278 1916 378 1954 parte
398 1922 537 1954 prorsus
561 1916 614 1944 est
637 1912 830 1954 desperata.
854 1911 901 1943 H.

192 1987 310 2021 Gallos
329 1988 570 2031 Sarmatasque
587 1987 639 2020 rei
657 1987 812 2031 publicae
829 1987 1024 2020 vastitatem
1037 1987 1201 2021 illaturos.
1225 1988 1260 2021 id
1277 1993 1387 2022 autem
1400 2012 1610 2023 ..........

193 2056 299 2066 .....
304 2056 321 2073 ⁵.
335 2056 344 2065 .
357 2056 367 2066 .
379 2056 388 2065 .
402 2057 411 2065 .
426 2033 490 2065 eri·
536 2044 775 2076 saepenumero
800 2043 933 2075 quoque
955 2033 1077 2065 ardens
1095 2033 1206 2075 stella,
1231 2033 1332 2077 clipei
1352 2034 1498 2077 effigiem
1517 2035 1610 2067 refe-

191 2087 293 2118 rens,
319 2078 361 2110 ab
386 2076 517 2109 oriente
535 2078 578 2110 ad
597 2088 750 2110 occasum
773 2075 938 2119 igniculos
962 2077 1090 2109 iaciens
1108 2078 1328 2110 transcurrit:
1355 2090 1394 2111 ea
1412 2079 1613 2112 Parthorum

191 2126 317 2154 motum
350 2121 536 2164 portendit.
584 2127 685 2164 atque
723 2121 900 2154 emicantia
934 2132 951 2153 e
987 2121 1168 2165 primitivis
1203 2122 1358 2166 punctis,
1394 2123 1458 2156 hoc
1487 2129 1539 2156 est
1570 2135 1613 2156 ex

193 2165 325 2198 oriente
352 2170 386 2197 et
410 2176 551 2207 occasu,
583 2166 633 2197 sic
662 2171 798 2209 oportet
828 2165 991 2208 intelligi:
1026 2177 1113 2209 quae
1143 2172 1245 2200 ruunt
1275 2179 1295 2200 a
1325 2167 1555 2210 septentrione
1579 2173 1614 2201 et

192 2209 352 2251 meridie,
377 2220 443 2241 non
465 2209 531 2242 iam
553 2211 725 2242 barbariei
747 2214 855 2242 motus
878 2209 1090 2253 significant,
1114 2212 1175 2244 sed
1196 2211 1414 2256 procellarum
1431 2213 1614 2245 vehemen-

192 2253 316 2288 tiorum
345 2259 493 2286 coortus.
539 2254 659 2296 quodsi
691 2254 788 2287 stella
818 2254 943 2287 micans
973 2267 991 2287 e
1023 2256 1254 2299 septentrione
1277 2256 1409 2299 prosilit
1436 2255 1614 2299 sulcosque

194 2298 314 2341 igneos
346 2298 454 2331 efficit
482 2309 544 2341 per
573 2299 704 2341 aerem,
737 2298 932 2331 tonitrualia
955 2299 1079 2332 dicitur
1101 2301 1218 2344 signa,
1255 2301 1501 2334 concretionem
1525 2300 1614 2334 aeris

197 2349 233 2376 et
250 2342 439 2385 aquilonem
457 2342 659 2384 truciorem,
681 2348 719 2375 ut
735 2342 784 2375 ita
802 2343 928 2385 dicam,
952 2344 1061 2377 ciere:
1084 2345 1136 2377 sin
1156 2351 1273 2378 contra
1293 2345 1443 2388 rapitur,
1465 2350 1614 2378 austrum

194 2391 367 2430 apportat.
413 2386 535 2419 etenim
558 2397 631 2419 cum
655 2387 689 2418 in
714 2387 872 2420 extremis
899 2389 1014 2421 mundi
1035 2390 1188 2432 partibus
1213 2390 1404 2422 cooriantur
1427 2390 1527 2422 flatus
1544 2389 1612 2422 ibi-

194 2442 262 2474 que
284 2431 426 2474 primum
448 2432 559 2464 aerem
581 2431 725 2470 feriant,
761 2443 904 2475 corpore
935 2433 1023 2467 nullo
1053 2434 1242 2478 renitente,
1277 2446 1296 2467 e
1327 2433 1496 2467 sideribus
1526 2443 1624 2477 quae'

194 2475 243 2509 ibi
265 2477 334 2508 sint
354 2474 515 2508 scintillas
537 2475 669 2518 seiungi
691 2476 893 2509 credendum
917 2483 982 2510 est.

286 2521 319 2553 5.
367 2520 588 2552 Inveniuntur
611 2526 645 2552 et
667 2520 754 2552 aliae
771 2520 908 2564 stellae,
932 2522 1030 2555 modo
1053 2521 1088 2554 in
1112 2526 1205 2555 terra
1226 2522 1323 2555 modo
1347 2522 1382 2555 in
1401 2521 1486 2554 mari
1503 2526 1615 2555 certas

197 2565 356 2608 quasdam
388 2564 588 2597 efficientias
621 2565 851 2598 ostendentes.
899 2565 976 2609 pilis
1012 2566 1151 2599 rnilitum
1191 2578 1432 2611 saepenumero
1465 2565 1616 2600 insilere

197 2610 293 2642 visae
319 2614 398 2642 sunt
421 2614 456 2642 et
478 2608 563 2642 velis
585 2607 726 2652 aliisque
749 2609 902 2652 partibus
926 2611 1074 2653 navium,
1096 2610 1206 2644 vocali
1227 2613 1371 2655 quodam
1389 2611 1486 2644 sibilo
1509 2610 1615 2653 edito,

197 2658 356 2697 tanquam
385 2653 683 2686 volucres‘sedem
712 2665 753 2686 ex
786 2655 868 2686 sede
896 2654 931 2687 in
963 2656 1042 2688 navi
1075 2661 1257 2697 mutantes,
1293 2662 1330 2689 ut
1355 2667 1428 2689 eam
1451 2659 1615 2698 mergant.

199 2698 359 2741 quocirca
381 2703 416 2731 et
437 2698 472 2730 in
495 2697 655 2731 sicciores
678 2697 807 2740 navigii
834 2704 947 2743 partes
976 2699 1154 2741 decidunt,
1188 2702 1277 2734 unde
1308 2700 1440 2735 facilior
1469 2699 1615 2733 exustio.

198 2743 286 2777 hanc
317 2742 465 2787 speciem
488 2742 563 2777 sive
583 2746 707 2777 statum
730 2742 929 2786 navigantes
951 2743 986 2777 in
1010 2745 1093 2778 mari
1115 2745 1278 2779 Helenam
1304 2749 1439 2780 vocant.
1487 2745 1547 2779 sed
1565 2742 1615 2777 ibi
