1748 3210
410 221 485 264 DE
517 217 964 264 MAGISTRATIBUS
995 218 1042 262 P.
1075 217 1127 262 R.
1163 217 1266 262 LIB.
1297 217 1332 261 1.
1502 215 1598 265 147

136 333 203 380 ὃν
224 332 301 378 ἄπ’
333 326 482 393 ἀρχῆς,
527 333 550 378 ὅ
585 335 825 392 Αὔγουστος
858 333 1088 393 προσένειμε
1121 336 1174 391 ’τῇ
1208 331 1335 390 ἀρχῇ,
1369 330 1442 387 τὴν
1476 332 1518 374 ἓν
1546 337 1598 389 τῇ

141 402 275 461 Ῥώμῃ
314 404 528 459 βασιλικὴν
560 405 791 462 ἄνεγείρων,
827 403 882 455 ὥς
914 403 935 447 ὃ
971 403 1232 461 Τράγκυλλος
1259 399 1340 444 εἶπε
1370 399 1598 459 φιλολόγος.

145 477 226 516 τῶν
257 472 302 516 δὲ
330 474 546 530 εἰρημένων
576 473 781 530 ἀρχόντων
806 472 908 530 πρὸς
940 473 1172 524 ἀλαζονείαν
1203 471 1410 528 ἀρθέντων
1434 471 1502 512 καὶ
1524 487 1599 513 τυ-

145 545 339 598 ραννικῶς
360 542 644 597 διαγινομένων
652 574 666 594 ,
700 543 921 598 ταραχθεὶς
939 540 960 583 ὃ
982 544 1111 596 δῆμος
1126 541 1199 595 τὴν
1213 537 1329 582 πόλιν
1345 539 1508 582 ἀπέλιπε
1530 540 1600 582 καὶ

111 611 235 667 ξπερὶ
258 609 328 652 τὸν
346 611 495 664 βουνὸν
516 610 584 653 τὸν
604 608 814 666 λεγόμενον
827 610 1050 663 Ἀβεντῖνον
1072 609 1249 667 ᾤκησεν·
1284 607 1306 650 ὃ
1329 609 1372 650 δὲ
1389 605 1510 658 τόπος
1533 607 1600 649 ἕλ-

142 694 202 720 κει
230 676 303 734 τὴν
335 680 607 735 προσηγορίαν
634 680 677 730 ἐξ
706 677 795 729 ἑνὸς
823 682 903 720 τῶν
930 677 1230 735 “Ηρακλειδῶν,
1266 675 1321 727 ὥς
1353 675 1602 730 ὃῬωμαίων

142 747 312 802 ποιητὴς
330 749 605 805 παραδέδωκε.
649 749 716 789 καὶ
737 747 931 803 διέτριβεν
950 749 1032 789 ε’κεΐ
1045 745 1066 788 ὃ
1086 748 1215 800 δῆμος
1235 746 1470 802 ἀγανακτῶν
1491 745 1603 787 πλεί-

137 831 249 858 ,στων
271 815 344 869 μὲν
366 817 492 867 ἕνεκα,
527 817 736 873 ἐξαιρέτως
754 816 798 858 δὲ
818 817 1028 871 Βεργινιόυ
1042 813 1166 870 χάριν
1187 816 1253 856 καὶ
1271 818 1343 868 τῆς
1362 814 1488 855 αὐτοῦ
1506 831 1603 856 παι-

147 883 218 934 δὸς
237 883 402 940 ἔναγχος
414 885 682 939 βιασθέντων.
724 883 797 938 τὴν
813 884 856 925 δὲ
875 884 1054 939 ἱστορίαν
1073 881 1184 935 οἶμαι
1202 881 1406 939 πρόδηλον
1422 879 1534 924 εἶναι.

75 960 135 996 «10
283 952 361 997 35.
419 953 627 1009 Ἄρχοντες
650 952 723 1007 μὲν
755 946 886 1004 miton,
921 951 1024 1007 πλὴν
1050 953 1084 993 εἲ
1111 949 1170 1005 μή
1201 968 1263 1001 τις
1281 951 1347 992 καὶ
1369 950 1466 1000 τοὺς
1488 954 1602 1006 λεγο-

141 1021 287 1074 μένους
317 1019 418 1077 παρ’
454 1022 591 1072 αὐτοῖς
620 1023 858 1078 ποντίφικας
892 1021 1008 1074 (ἀντὶ
1038 1024 1109 1062 τοῦ
1137 1020 1334 1076 ἀρχιερεῖς
1348 1016 1600 1075 νεωκόρους)

143 1090 206 1138 εἷς’
233 1088 431 1145 ἄρχοντας
458 1090 648 1146 ἀριθμεῖν
682 1087 889 1144 ἐθελήσω·
925 1087 1062 1145 γνώμῃ
1098 1087 1175 1145 γὰρ
1214 1087 1347 1130 αὐτῶν
1377 1089 1444 1129 καὶ
1472 1088 1599 1144 κρίσει

141 1156 237 1207 τοὺς
265 1155 415 1211 νόμους
441 1156 620 1215 ἔγραφον
651 1158 690 1200 οἳ
724 1158 884 1214 ἀρχαῖοι
920 1160 987 1200 καὶ
1020 1157 1072 1200 τὰ
1104 1156 1204 1200 ὤνια
1237 1155 1466 1199 dmi-mm·
1501 1154 1600 1197 ὅθεν

141 1225 296 1268 aediles
316 1225 411 1276 τοὺς
432 1225 711 1283 ἀγορανόμους
733 1226 789 1268 ἔτι
811 1230 878 1268 καὶ
899 1230 969 1268 νῦν
989 1227 1199 1280 συμβαίνει
1221 1228 1460 1275 καλεῖσθαι,
1489 1223 1599 1266 καθὸ

86 1301 131 1337 15
144 1294 240 1343 τοὺς
257 1293 380 1344 ναοὺς
397 1295 435 1335 οἱ
449 1293 640 1347 Ῥωμαῖοι
659 1295 776 1348 αἶ’ὁης
796 1298 999 1336 καλοῦσιν.
1043 1293 1144 1347 μετὰ
1171 1293 1214 1335 δὲ
1236 1293 1309 1348 τὴν
1331 1292 1500 1346 ἐκβολὴν
1518 1296 1599 1333 τῶν

141 1361 273 1418 ῥηγῶν
301 1363 366 1403 καὶ
397 1362 604 1419 προβολὴν
635 1367 715 1405 τῶν
745 1359 910 1405 ὑπάτων
931 1360 1126 1418 θορύβων
1148 1361 1411 1415 ἐνισταμένων
1421 1392 1435 1412 ,
1467 1358 1522 1410 ὡς
1541 1359 1599 1401 εἶ’-

143 1447 261 1486 ρηται
285 1436 368 1479 τοῖς
391 1434 688 1487 συγγραφεῦσιν
711 1429 900 1486 ἑκατέρας
921 1435 1079 1487 φωνῆς,
1114 1431 1176 1471 ἐπὶ
1200 1428 1441 1484 πεντήκοντα
1460 1427 1600 1483 σύνεγ-

140 1515 214 1554 γυς
242 1498 448 1548 ἐνιαυτοὺς
474 1500 679 1554 χιλίαρχοι
711 1504 792 1541 τῶν
825 1497 1075 1556 πραγμάτων
1105 1496 1371 1553 ἐξηγήσαντο·
1412 1495 1496 1538 εἶτα
1534 1497 1598 1538 ἐπὶ

140 1567 372 1609 πενταετίαν
393 1566 590 1624 ἀναρχίαν
611 1566 817 1620 ἔδυστύχει
844 1566 888 1610 τὸ
909 1568 1128 1620 πολίτευμα
1136 1598 1150 1617 ,
1181 1567 1247 1608 καὶ
1268 1565 1314 1608 τὸ
1336 1565 1474 1608 λοιπὸν
1492 1572 1598 1621 τρεῖς

72 1635 366 1689 νεθνομοθέτας
388 1637 456 1677 καὶ
475 1635 670 1686 δικαστὰς
688 1639 975 1692 προβληθῆναι
998 1634 1100 1693 πρὸς
1119 1634 1254 1692 βραχὺ
1278 1634 1505 1689 συμβέβηκε
1527 1634 1595 1676 διὰ

137 1703 212 1753 τὰς
232 1705 452 1760 ἐμφυλίους
471 1703 643 1755 στάσεις.

275 1771 354 1817 36.
427 1771 569 1824 Οὕτως
591 1768 662 1818 οὖν
680 1771 892 1827 Ῥωμαίοις
914 1772 1221 1832 ταραττομένων
1242 1775 1323 1816 τῶν
1347 1768 1597 1829 πραγμάτων

227 1881 253 1916 2
266 1879 378 1916 locum
394 1880 555 1916 Suetonii
570 1882 700 1916 frustra
714 1881 885 1928 quaesivi.
910 1883 955 1917 1³¹.
1053 1880 1077 1916 4
1093 1877 1266 1915 ἀπέλειπε
1284 1880 1327 1914 C.
1428 1880 1450 1914 6
1464 1878 1593 1922 Virgil.

228 1927 317 1961 Aen.
334 1928 356 1962 7
377 1928 457 1963 657.
589 1930 629 1962 11
649 1927 712 1962 καὶ
726 1925 935 1971 νεωκόρους
953 1928 999 1962 F.
1023 1932 1180 1973 praestat
1192 1928 1342 1961 fortasse
1356 1924 1595 1969 γεφυραίους,

228 1972 308 2008 coll.
323 1974 346 2008 2
367 1971 403 2007 4.
541 1974 584 2008 15
606 1969 740 2013 ἀειδεις
759 1974 802 2008 C.
941 1974 984 2009 17
1006 1971 1277 2018 συγγράφουσιν
1293 1972 1410 2016 vulgo.

137 2062 322 2106 scrinium,
355 2074 430 2097 cum
450 2062 551 2097 initio
574 2075 643 2097 non
666 2063 812 2105 fuisset,
843 2064 1020 2107 Augustus
1043 2061 1261 2107 magistratui
1285 2061 1437 2105 addidit,
1470 2060 1592 2095 basili-

137 2120 213 2143 cam
230 2109 362 2143 Romae
384 2109 555 2152 condens,
581 2113 620 2142 ut
638 2108 861 2153 Tranquillus
888 2108 1083 2152 philologus
1107 2109 1231 2142 refert.
1278 2106 1458 2141 memorati
1480 2113 1594 2141 autem

137 2154 359 2198 magistratus
380 2166 455 2188 cum
476 2154 521 2188 ad
541 2155 774 2198 arrogantiam
792 2154 951 2198 provecti
970 2161 1197 2197 tyrannorum
1221 2165 1315 2188 more
1336 2158 1493 2197 agerent,
1517 2158 1594 2187 ter-

138 2199 209 2233 rita
230 2200 350 2244 plebs,
376 2199 499 2234 relicta
522 2201 626 2242 urbe,
649 2200 742 2233 circa
765 2199 885 2234 collem
906 2211 1008 2244 quem
1029 2199 1238 2233 Aventinum
1262 2205 1388 2233 vocant
1415 2199 1594 2240 consedit3

139 2244 202 2290 qui
218 2243 314 2279 locus
337 2245 381 2279 ab
405 2245 666 2279 Heraclidarum
686 2245 821 2290 aliquo,
845 2251 884 2279 ut
905 2251 1025 2279 narrat
1046 2251 1145 2279 vates
1169 2246 1365 2288 Romanus,
1387 2256 1511 2279 nomen
1537 2246 1592 2278 in-

139 2290 250 2324 venit.
299 2295 336 2324 et
363 2296 572 2325 commorata
592 2291 643 2325 ibi
662 2291 761 2336 plebs
785 2290 922 2325 infensa
946 2302 1021 2325 cum
1046 2292 1090 2324 ob
1112 2290 1258 2335 plurima
1276 2291 1363 2333 alia,
1394 2296 1465 2324 tum
1488 2302 1591 2335 prae-

138 2335 243 2380 cipue
260 2335 412 2381 Virginii
434 2336 578 2382 eiusque
596 2337 688 2371 filiae
712 2337 843 2381 gratia,
867 2337 992 2382 quibus
1011 2348 1123 2382 nuper
1143 2336 1199 2370 vis
1217 2335 1312 2370 illata
1330 2337 1467 2378 fuerat;
1490 2347 1594 2381 quam

138 2381 319 2416 historiam
341 2382 428 2416 satis
451 2387 567 2417 notam
589 2394 667 2416 esse
690 2383 863 2417 existimo.

230 2427 289 2462 35.
335 2428 562 2472 Magistratus
589 2429 727 2473 quidem
748 2428 815 2472 hi,
850 2427 918 2462 nisi
953 2428 1030 2473 quis
1061 2427 1244 2472 pontifices
1273 2437 1410 2472 quoque
1444 2425 1508 2469 (id
1536 2430 1594 2460 est

140 2483 289 2507 summos
304 2475 530 2517 sacerdotes)
557 2480 593 2508 et
612 2475 772 2508 aedituos
794 2485 1041 2509 connumerare
1058 2473 1317 2517 magistratibus
1340 2472 1444 2506 velit:
1471 2472 1593 2506 horum

140 2517 233 2552 enim
265 2520 438 2554 sententia
469 2519 669 2564 iudicioque
693 2519 789 2564 leges
811 2521 973 2554 serebant
990 2524 1130 2553 veteres
1158 2524 1194 2552 et
1215 2530 1273 2552 res
1296 2517 1437 2551 venales
1461 2518 1592 2551 constss-

139 2565 304 2608 mebant,
335 2566 427 2600 unde
459 2566 658 2610 agoranomi
689 2566 873 2600 etiamnum
895 2565 1025 2599 aediles
1048 2570 1235 2607 vocantur,
1271 2570 1441 2608 quatenus
1463 2563 1592 2607 templa

139 2609 288 2644 Romani
317 2611 421 2645 aedes
448 2618 587 2646 vocant.
634 2617 715 2657 post
748 2618 890 2646 exactos
917 2622 1021 2655 reges
1053 2616 1167 2644 autem
1197 2609 1424 2654 consulesque
1454 2614 1591 2642 creatos

138 2655 301 2689 turbatae
322 2655 376 2689 rei
399 2656 578 2702 publicae,
608 2659 891 2702 quemadmodum
913 2657 1094 2701 utriusque
1116 2656 1254 2700 linguae
1271 2655 1460 2699 scriptores
1480 2653 1593 2688 tradi-

138 2701 245 2745 dere,
267 2700 398 2736 tribuni
420 2702 586 2737 militares
616 2715 680 2749 per
703 2704 955 2749 quinquaginta
973 2703 1050 2736 fere
1074 2713 1180 2736 annos
1198 2702 1443 2746 praefuerunt:
1465 2700 1594 2734 deinde

138 2757 205 2825 fer
230 2746 500 2792 quinquennium
521 2749 690 2784 afflictata
709 2755 763 2784 est
787 2750 931 2792 civitas,
958 2748 1117 2793 principe
1142 2759 1283 2789 carens3
1309 2752 1500 2792 posteaque
1518 2752 1592 2780 tres

138 2791 357 2872 begislatores
377 2804 418 2826 ac
435 2793 568 2828 iudices
588 2795 698 2830 creati
721 2800 823 2839 sunt,
846 2795 942 2840 iique
963 2799 1108 2839 propter
1125 2793 1333 2828 domesticas
1356 2792 1526 2827 factiones
1548 2792 1592 2827 ad

162 2848 252 2872 reve
274 2843 343 2872 tem
370 2848 424 2872 us.

226 2883 285 2920 36.
334 2849 416 2918 ’ἒάΙί
449 2885 558 2932 igitur
587 2886 687 2921 modo
722 2885 934 2934 perturbatis
968 2886 1200 2921 Romanorum
1237 2886 1341 2919 rebus
1374 2882 1592 2930 complacuit,
