1748 3210
186 174 282 220 200
706 175 927 220 IOANNIS
963 176 1096 220 LYDI

183 285 729 345 κομποφακελλορρημοσῦνη.
791 288 1090 344 σιγγουλαρίους
1109 289 1152 331 δὲ
1170 288 1262 339 τοὺς
1279 287 1503 347 εἶρημίνους
1528 307 1603 333 κα-

182 359 340 397 λεῖσθαι
374 358 618 410 συμβέβηκεν
645 357 687 396 ἐκ
714 358 786 396 τοῦ
816 354 871 397 ἑνὶ
894 357 1067 412 βεραίδῳ
1086 357 1311 411 χρωμένους
1345 356 1488 411 (ἤγουν
1519 356 1604 407 ἑνὸς

181 421 362 476 δηλονότι
390 423 620 477 παρίππου)
656 422 717 462 ἐπὶ
742 421 815 471 τὰς
839 423 1028 479 ἐπαρχίας
1057 420 1208 478 ὁρμᾶν·
1241 422 1511 478 σιγγουλάριον
1525 424 1602 480 γὰρ

178 488 247 530 τὸν
266 487 419 543 μονήρη
435 489 599 536 Ἰταλοῖς
615 487 711 538 ἔθος
728 493 871 531 καλεῖν.
936 489 1038 543 μεθ’
1062 489 1132 538 οὓς
1148 487 1359 543 μάγκιπες,
1384 489 1421 531 οἶ
1437 494 1507 531 τοῦ
1529 492 1602 544 δη-

176 554 336 609 μώδους
358 556 423 595 καὶ
441 553 774 610 ἀνδραποδώδους
791 555 913 611 ἄρτου
934 558 1185 612 δημιουργοί·
1214 554 1290 612 ὑφ’
1315 553 1375 606 οἷς
1399 556 1633 612 ἂρτοποιοὶὸ

178 623 244 664 καὶ
273 621 310 676 οἳ
338 618 535 675 λεγόμενοι
566 625 792 671 καθολικῶς
821 621 1056 676 συστήματα
1085 625 1387 678 διαψηφιστῶν,
1424 621 1474 664 οἳ
1504 627 1603 665 πᾶσι

175 694 260 736 τοῖς
281 686 460 730 ὁπωσοῦν
483 689 633 742 σίτησιν
653 690 847 743 δημοσίαν
869 689 968 743 ἔχειν
986 690 1214 744 ἠξιωμένοις
1239 687 1502 731 ὑπακούουσι·
1535 691 1602 732 καὶ

171 752 360 807 Ῥωμαῖοι
394 755 466 807 μὲν
501 755 645 804 αὐτοὺς
675 755 955 812 ρατιωναλίους
986 761 1193 807 καλοῦσιν,
1241 754 1300 797 ὅτι
1333 756 1423 798 κατ’
1459 754 1603 806 αὖτοῦς

176 820 362 877 ῥατιιῦνες
390 822 426 862 οἱ
458 823 636 876 λογισμοὶ
670 823 868 877 λέγονται,
898 823 935 864 οἶ
960 823 1201 876 δέἛλληνες
1217 821 1456 871 καθολικοὺς
1473 838 1602 874 μετω-

174 886 355 941 νόμασαν
386 889 427 929 ἔκ
460 893 534 942 τῆς
561 886 741 930 καθόλου
772 892 860 945 περὶ
886 889 979 939 τοὺς
1011 891 1224 943 δημοσίους
1249 888 1460 942 λογισμοὺς
1478 888 1600 944 ἆγρυ-
1614 897 1656 932 10

173 956 302 1004 πνίας.
367 953 481 996 ἔνθεν
515 958 696 1006 σιτῶναι,
731 955 801 1005 οὓς
833 956 1014 1012 Οὗΐκτωρ
1047 955 1067 997 ὃ
1097 955 1292 1011 ἱστορικὸς
1318 956 1358 996 ἓν
1382 959 1431 1011 τῇ
1451 956 1604 1014 ἱστορίᾳ

172 1026 253 1063 τῶν
268 1022 469 1077 ἐμφυλίων
491 1024 828 1078 φρουμενταρίους
849 1021 930 1065 οἶδε
947 1022 992 1064 τὸ
1012 1025 1103 1078 πρὶν
1125 1023 1398 1075 ὀνομασθῆναι
1407 1053 1421 1072 ‚
1454 1020 1516 1063 ὅτι
1531 1027 1603 1076 τῆς

172 1092 246 1130 τοῦ
269 1089 461 1129 παλατίου
493 1088 684 1142 εὐθηνίας
711 1089 757 1131 τὸ
787 1091 878 1145 πρὶν
910 1088 1148 1146 ἐφρόντιζον.
1208 1087 1415 1144 Ῥουφίνου
1433 1089 1476 1130 δὲ
1494 1105 1604 1142 τηνι-

172 1159 300 1196 καῦτα
319 1155 390 1208 τὴν
410 1153 587 1209 ὕπαρχον
610 1154 736 1209 ἀρχὴν
759 1157 958 1210 τυραννίδι
979 1158 1263 1210 κρημνίσαντος
1283 1156 1348 1195 καὶ
1367 1154 1477 1197 αὐτοὶ
1497 1172 1602 1212 παρ-

171 1219 391 1263 απώλοντο.
457 1224 670 1261 τελευταῖοι
709 1219 865 1262 πάντων
893 1222 929 1262 οἱ
957 1220 1001 1262 τὸ
1033 1223 1125 1276 πρὶν
1149 1220 1410 1276 πρωτεύοντες
1436 1219 1502 1263 οἷα
1530 1222 1601 1276 τὴν
1613 1228 1657 1264 15

172 1291 244 1328 τοῦ
264 1285 463 1342 ἱππάρχου
487 1286 576 1327 κατ’
603 1286 731 1342 ἀρχὰς
748 1291 986 1342 πληροῦντες
1001 1289 1240 1342 θεραπείαν,
1270 1286 1520 1342 δουκηνάριοι
1537 1291 1605 1330 καὶ

173 1355 336 1409 βίαρχοι
357 1355 422 1395 καὶ
445 1351 686 1409 κεντηνάριοι
710 1355 774 1395 καὶ
800 1355 1091 1410 κεντουρίωνες·
1122 1348 1176 1395 ὧν
1200 1351 1357 1395 πάντων
1376 1353 1448 1403 τὰς
1462 1352 1605 1408 Ἑλλη-

170 1420 285 1469 νικὰς
306 1422 504 1474 σημασίας
526 1418 922 1476 προαποδεδώκαμεν.
957 1419 1015 1462 ὅτι
1036 1421 1079 1462 δὲ
1096 1425 1166 1474 τῆς
1183 1424 1255 1462 τοῦ
1273 1418 1470 1476 ἱππάρχου
1491 1419 1605 1476 ἐτύγ-

168 1504 292 1541 χανον
322 1486 488 1538 τάξεως,
521 1491 667 1542 γνῶναι
691 1488 857 1529 δυνατὸν
883 1487 950 1528 διὰ
977 1491 1054 1528 τῶν
1075 1487 1141 1528 ἐπ’
1167 1487 1301 1536 αὐτοῖς
1323 1487 1365 1527 ἐκ
1387 1491 1458 1540 τῆς
1480 1488 1605 1542 αὐλῆς

169 1554 476 1611 προφερομένων
499 1555 760 1606 κωδικίλλων,
789 1553 840 1606 ,οἳ
854 1556 943 1611 περὶ
965 1551 1200 1607 ἀξιωμάτων
1222 1557 1338 1596 τινῶν
1355 1555 1422 1596 καὶ
1446 1554 1492 1596 οὗ
1514 1557 1657 1612 περὶ20

169 1621 302 1664 αὐτῶν
324 1618 632 1676 διαγορεύουσιν.

260 1758 285 1793 2
307 1758 370 1811 βερ
373 1756 442 1792 ἔδω
465 1757 508 1793 C.
653 1758 676 1793 3
700 1754 744 1800 ὁρ
747 1757 794 1792 ἆν
816 1758 860 1793 C.
1005 1758 1045 1793 11
1071 1756 1224 1799 σιτιόνας
1243 1758 1286 1793 C.
1421 1758 1515 1793 locus
1535 1759 1600 1793 Vi-

262 1803 368 1837 ctoris
399 1809 452 1837 est
484 1804 520 1836 in
550 1802 636 1837 libro
665 1804 708 1837 de
724 1770 946 1837 9Caesaribus
975 1805 1085 1838 c.39.
1266 1803 1308 1838 15
1330 1803 1535 1837 τελευταῖον
1555 1805 1601 1838 C.

260 1850 304 1882 17
326 1848 402 1891 lego
422 1860 464 1890 ⁷1.-
487 1852 566 1882 sunt
585 1848 672 1881 enim
689 1848 877 1882 centenarii
891 1848 994 1882 iidem
1009 1849 1068 1893 qui
1083 1848 1313 1883 centuriones,
1335 1849 1380 1882 F.
1472 1849 1514 1883 18
1532 1849 1601 1882 sci-

260 1892 374 1971 {icet
363 1904 414 1973 an.
418 1893 461 1927 iis
480 1903 568 1939 quae
586 1892 778 1928 desiderari
794 1892 938 1928 diximus
959 1895 978 1928 1
1000 1893 1058 1928 48.
1229 1895 1274 1930 20
1290 1893 1368 1937 lego
1387 1890 1427 1927 ἐν
1443 1893 1603 1928 nmmum-

282 1947 337 1977 οις

168 2058 337 2104 gularium
359 2063 471 2094 autem
491 2058 559 2094 illis
579 2071 702 2095 nomen
722 2059 804 2095 inde
826 2059 943 2105 venit,
976 2059 1067 2106 quod
1088 2070 1155 2093 uno
1178 2059 1304 2094 veredo
1329 2059 1419 2102 (uno
1440 2058 1603 2094 videlicet

167 2105 365 2149 parhippo)
400 2105 437 2138 in
458 2106 655 2149 provincias
685 2107 942 2159 proficiscentes
971 2108 1172 2140 utebantur:
1206 2104 1377 2148 singulare
1401 2104 1490 2137 enim
1510 2105 1603 2150 apud

166 2149 274 2183 Italos
304 2154 405 2183 sonat
427 2160 541 2183 unum.
588 2156 775 2194 sequuntur
787 2151 991 2203 mancipes,
1023 2150 1086 2203 qui
1110 2149 1278 2194 plebeium
1298 2161 1338 2183 ac
1355 2149 1512 2183 servilem
1536 2161 1602 2194 pa-

170 2205 248 2228 nem
279 2194 486 2235 conficiunt3
519 2195 582 2227 sub
609 2195 731 2239 quibus
762 2195 929 2239 pistores,
967 2200 999 2229 et
1030 2195 1089 2239 qui
1116 2195 1283 2228 communi
1305 2194 1438 2227 nomine
1459 2194 1602 2238 collegia

167 2238 384 2273 rationalium
403 2238 627 2283 appellantur,
653 2240 712 2284 qui
735 2240 887 2273 omnibus
910 2251 1111 2283 quocunque
1133 2240 1230 2273 modo
1249 2239 1344 2273 victu
1361 2239 1496 2284 publico
1513 2250 1601 2291 gau·

168 2283 329 2318 dentibus
346 2295 488 2336 operam
512 2284 606 2318 dant.
653 2290 689 2317 et
710 2285 856 2318 Romani
877 2285 1013 2328 quidem
1035 2286 1110 2318 illos
1131 2284 1316 2318 rationales
1343 2289 1487 2326 vocant,
1518 2283 1602 2327 quia.

108 2370 112 2373 ι
169 2328 441 2381 computationes
465 2339 580 2362 eorum
603 2339 759 2362 sermone
776 2330 927 2363 rationes
946 2330 1122 2371 dicuntur3
1145 2329 1272 2362 Graeci
1290 2339 1374 2362 vero
1391 2332 1516 2362 mutato
1535 2339 1599 2361 no·-

171 2373 262 2406 mine
288 2373 472 2406 catholicos
502 2373 639 2415 dixere,
671 2375 761 2417 quod
793 2374 829 2407 in
858 2374 1054 2408 universum
1083 2373 1227 2427 publicis
1250 2373 1438 2406 rationibus
1461 2377 1600 2406 vacant.

170 2422 358 2470 sequuntur
385 2417 538 2461 anonae,
571 2428 656 2461 quos
683 2418 804 2452 Victor
831 2418 1036 2462 historicus,
1070 2419 1107 2452 in
1129 2418 1274 2452 historia
1299 2418 1503 2460 Caesarum,
1526 2417 1601 2451 fru-

168 2462 355 2496 mentarios
391 2461 469 2496 olim
511 2462 699 2515 appellatos
738 2475 814 2496 esse
856 2463 971 2506 novit,
1012 2445 1171 2516 {uoniam
1203 2462 1323 2507 palatii
1345 2473 1500 2495 annonae
1522 2462 1601 2495 olim

167 2511 366 2560 praeerant.
413 2506 530 2541 Rufini
560 2512 670 2540 autem
697 2507 879 2551 tyrannide
907 2514 987 2542 tunc
1011 2508 1237 2562 praecipitata
1259 2508 1478 2559 praefectura
1497 2518 1599 2559 prae-

170 2552 253 2586 torii
287 2556 322 2585 et
347 2552 417 2596 ipsi
450 2551 596 2604 periere.
643 2553 807 2595 postremi
841 2553 1006 2596 omnium,
1041 2553 1100 2597 qui
1129 2551 1207 2586 olim
1239 2551 1359 2596 primi,
1375 2551 1520 2604 quippe
1564 2550 1600 2584 ui

170 2596 326 2640 magistri
361 2595 511 2640 equitum
542 2595 763 2631 ministerium
791 2597 891 2631 initio
926 2597 1189 2650 compleverint,
1225 2595 1420 2640 ducenarii,
1454 2597 1550 2630 blare
1574 2595 1599 2638 i,

170 2641 361 2675 centenarii
381 2641 456 2674 sive
478 2641 711 2683 centuriones;
741 2653 882 2686 quorum
913 2643 1059 2676 omnium
1085 2643 1221 2675 Graeca
1244 2641 1380 2674 nomina
1399 2652 1504 2685 supra
1526 2644 1599 2674 ret.

170 2686 319 2719 tulimus.
366 2686 528 2720 militasse
558 2698 641 2719 vero
673 2697 732 2720 eos
765 2687 802 2720 in
828 2687 983 2730 magistri
1011 2686 1161 2730 equitum
1185 2686 1321 2729 officio,
1348 2691 1494 2729 arguunt
1513 2694 1600 2736 quae

171 2741 275 2774 super
296 2730 340 2763 iis
364 2742 408 2764 ex
430 2730 508 2764 aula
523 2731 778 2784 proferuntur'
767 2743 805 2767 ιιι
828 2731 1012 2777 codicillis,
1048 2731 1084 2766 in
1110 2731 1232 2778 quibus
1254 2732 1298 2765 de
1319 2730 1504 2766 honoribus
1521 2727 1598 2774 qui-

172 2775 311 2810 busdam
332 2785 444 2822 neque
461 2776 532 2811 de
521 2776 609 2823 ipsis
627 2775 753 2832 agitur.
