<?xml version="1.0" encoding="UTF-8"?>
<!DOCTYPE html PUBLIC "-//W3C//DTD XHTML 1.0 Transitional//EN"
    "http://www.w3.org/TR/xhtml1/DTD/xhtml1-transitional.dtd">
<html xmlns="http://www.w3.org/1999/xhtml" xml:lang="en" lang="en">
 <head>
  <title>
</title>
<meta http-equiv="Content-Type" content="text/html;charset=utf-8" />
  <meta name='ocr-system' content='tesseract 3.04.00' />
  <meta name='ocr-capabilities' content='ocr_page ocr_carea ocr_par ocr_line ocrx_word'/>
</head>
<body>
  <div class='ocr_page' id='page_1' title='image "./corpusscriptorum27niebuoft/corpusscriptorum27niebuoft_0210.png"; bbox 0 0 1748 3210; ppageno 0'>
   <div class='ocr_carea' id='block_1_1' title="bbox 235 220 1143 269">
    <p class='ocr_par' dir='ltr' id='par_1_1' title="bbox 235 220 1143 269">
     <span class='ocr_line' id='line_1_1' title="bbox 235 220 1143 269; baseline 0.001 -1"><span class='ocrx_word' id='word_1_1' title='bbox 235 220 332 268; x_wconf 82' lang='lat'><strong>140</strong></span> <span class='ocrx_word' id='word_1_2' title='bbox 755 224 976 268; x_wconf 86' lang='lat' dir='ltr'><strong>IOANNIS</strong></span> <span class='ocrx_word' id='word_1_3' title='bbox 1012 226 1143 269; x_wconf 93' lang='lat' dir='ltr'>LYDI</span> 
     </span>
    </p>
   </div>
   <div class='ocr_carea' id='block_1_2' title="bbox 224 332 1745 1731">
    <p class='ocr_par' dir='ltr' id='par_1_2' title="bbox 229 332 1649 526">
     <span class='ocr_line' id='line_1_2' title="bbox 230 332 1649 394; baseline 0.007 -19"><span class='ocrx_word' id='word_1_4' title='bbox 230 336 381 388; x_wconf 76' lang='grc' dir='ltr'><em>βουλῆς</em></span> <span class='ocrx_word' id='word_1_5' title='bbox 401 333 655 390; x_wconf 75' lang='grc' dir='ltr'><em>ἀνεγίνωσκον</em></span> <span class='ocrx_word' id='word_1_6' title='bbox 673 333 771 390; x_wconf 77' lang='grc' dir='ltr'><strong>ὖπέρ</strong></span> <span class='ocrx_word' id='word_1_7' title='bbox 789 339 868 377; x_wconf 77' lang='grc' dir='ltr'><strong>τῶν</strong></span> <span class='ocrx_word' id='word_1_8' title='bbox 884 337 939 385; x_wconf 77' lang='grc' dir='ltr'><em>εἷς</em></span> <span class='ocrx_word' id='word_1_9' title='bbox 956 332 1162 389; x_wconf 77' lang='grc' dir='ltr'><em>ἀξιώματα</em></span> <span class='ocrx_word' id='word_1_10' title='bbox 1177 338 1496 394; x_wconf 70' lang='grc' dir='ltr'><em>προαγομένων.”</em></span> <span class='ocrx_word' id='word_1_11' title='bbox 1521 345 1649 384; x_wconf 70' lang='grc' dir='ltr'><em>ταῦτα</em></span> 
     </span>
     <span class='ocr_line' id='line_1_3' title="bbox 229 400 1648 464; baseline 0.006 -22"><span class='ocrx_word' id='word_1_12' title='bbox 229 403 302 454; x_wconf 70' lang='grc' dir='ltr'><strong>μὲν</strong></span> <span class='ocrx_word' id='word_1_13' title='bbox 322 400 341 442; x_wconf 83' lang='grc' dir='ltr'>ὁ</span> <span class='ocrx_word' id='word_1_14' title='bbox 361 400 531 452; x_wconf 77' lang='grc' dir='ltr'><em>Ἰούνιος,</em></span> <span class='ocrx_word' id='word_1_15' title='bbox 560 400 580 442; x_wconf 80' lang='grc' dir='ltr'><strong>ὅ</strong></span> <span class='ocrx_word' id='word_1_16' title='bbox 605 402 763 454; x_wconf 80' lang='grc' dir='ltr'><em>νομικὸς</em></span> <span class='ocrx_word' id='word_1_17' title='bbox 776 403 818 443; x_wconf 71' lang='grc' dir='ltr'><strong>δὲ</strong></span> <span class='ocrx_word' id='word_1_18' title='bbox 835 402 1056 452; x_wconf 78' lang='grc' dir='ltr'><em>Οὐλπιανὸς</em></span> <span class='ocrx_word' id='word_1_19' title='bbox 1075 405 1114 444; x_wconf 71' lang='grc' dir='ltr'><strong>ἓν</strong></span> <span class='ocrx_word' id='word_1_20' title='bbox 1131 408 1188 460; x_wconf 77' lang='grc' dir='ltr'><strong>τῷ</strong></span> <span class='ocrx_word' id='word_1_21' title='bbox 1204 405 1254 445; x_wconf 82' lang='lat' dir='ltr'><strong>de</strong></span> <span class='ocrx_word' id='word_1_22' title='bbox 1274 408 1408 450; x_wconf 76' lang='lat' dir='ltr'><strong>officio</strong></span> <span class='ocrx_word' id='word_1_23' title='bbox 1425 410 1648 464; x_wconf 70' lang='lat' dir='ltr'><strong>quaestoris</strong></span> 
     </span>
     <span class='ocr_line' id='line_1_4' title="bbox 230 468 1372 526; baseline 0.005 -17"><span class='ocrx_word' id='word_1_24' title='bbox 230 469 342 522; x_wconf 80' lang='grc' dir='ltr'><em>(ἀντὶ</em></span> <span class='ocrx_word' id='word_1_25' title='bbox 365 472 436 510; x_wconf 83' lang='grc' dir='ltr'><strong>τοῦ</strong></span> <span class='ocrx_word' id='word_1_26' title='bbox 458 470 545 523; x_wconf 70' lang='grc' dir='ltr'><strong>περὶ</strong></span> <span class='ocrx_word' id='word_1_27' title='bbox 565 470 833 523; x_wconf 81' lang='grc' dir='ltr'><em>κυαίστωρος)</em></span> <span class='ocrx_word' id='word_1_28' title='bbox 865 468 1126 526; x_wconf 76' lang='grc' dir='ltr'><em>ἀποχρώντως</em></span> <span class='ocrx_word' id='word_1_29' title='bbox 1144 472 1372 526; x_wconf 74' lang='grc' dir='ltr'><strong><em>διαλέγεται.</em></strong></span> 
     </span>
    </p>

    <p class='ocr_par' dir='ltr' id='par_1_3' title="bbox 224 534 1745 1731">
     <span class='ocr_line' id='line_1_5' title="bbox 364 534 1647 592; baseline 0.007 -18"><span class='ocrx_word' id='word_1_30' title='bbox 364 535 442 578; x_wconf 76' lang='grc'><strong>25.</strong></span> <span class='ocrx_word' id='word_1_31' title='bbox 509 538 690 588; x_wconf 80' lang='grc' dir='ltr'><em>Ζητῆσαι</em></span> <span class='ocrx_word' id='word_1_32' title='bbox 708 536 752 576; x_wconf 76' lang='grc' dir='ltr'><strong>δὲ</strong></span> <span class='ocrx_word' id='word_1_33' title='bbox 768 534 970 591; x_wconf 75' lang='grc' dir='ltr'><em>ἀξιόλογον</em></span> <span class='ocrx_word' id='word_1_34' title='bbox 987 535 1082 579; x_wconf 76' lang='grc' dir='ltr'><em>εἶναι</em></span> <span class='ocrx_word' id='word_1_35' title='bbox 1101 540 1266 590; x_wconf 82' lang='grc' dir='ltr'><em>νομίζω,</em></span> <span class='ocrx_word' id='word_1_36' title='bbox 1299 540 1340 580; x_wconf 83' lang='grc' dir='ltr'><strong>τί</strong></span> <span class='ocrx_word' id='word_1_37' title='bbox 1350 539 1421 592; x_wconf 73' lang='grc' dir='ltr'><strong>μέν</strong></span> <span class='ocrx_word' id='word_1_38' title='bbox 1433 539 1515 582; x_wconf 71' lang='grc' dir='ltr'><em>ἔστι</em></span> <span class='ocrx_word' id='word_1_39' title='bbox 1532 541 1647 583; x_wconf 82' lang='grc' dir='ltr'><em>κναί-</em></span> 
     </span>
     <span class='ocr_line' id='line_1_6' title="bbox 228 601 1679 664; baseline 0.006 -22"><span class='ocrx_word' id='word_1_40' title='bbox 228 617 358 655; x_wconf 83' lang='grc' dir='ltr'><em>στωρ,</em></span> <span class='ocrx_word' id='word_1_41' title='bbox 390 601 433 642; x_wconf 83' lang='grc' dir='ltr'><strong>τί</strong></span> <span class='ocrx_word' id='word_1_42' title='bbox 458 601 500 641; x_wconf 78' lang='grc' dir='ltr'><strong>δὲ</strong></span> <span class='ocrx_word' id='word_1_43' title='bbox 530 603 766 658; x_wconf 77' lang='grc' dir='ltr'><em>κυαισίτωρ,</em></span> <span class='ocrx_word' id='word_1_44' title='bbox 799 605 864 644; x_wconf 79' lang='grc' dir='ltr'><em>καὶ</em></span> <span class='ocrx_word' id='word_1_45' title='bbox 889 605 930 644; x_wconf 86' lang='grc' dir='ltr'><strong>τί</strong></span> <span class='ocrx_word' id='word_1_46' title='bbox 948 605 1020 657; x_wconf 74' lang='grc' dir='ltr'><strong>μὲν</strong></span> <span class='ocrx_word' id='word_1_47' title='bbox 1044 607 1222 658; x_wconf 80' lang='grc' dir='ltr'><em>σημαίνει</em></span> <span class='ocrx_word' id='word_1_48' title='bbox 1245 604 1310 646; x_wconf 79' lang='grc' dir='ltr'><em>διὰ</em></span> <span class='ocrx_word' id='word_1_49' title='bbox 1334 610 1412 660; x_wconf 80' lang='grc' dir='ltr'><em>τῆς</em></span> <span class='ocrx_word' id='word_1_50' title='bbox 1425 606 1679 664; x_wconf 75' lang='grc' dir='ltr'><em>διφθόγγουό</em></span> 
     </span>
     <span class='ocr_line' id='line_1_7' title="bbox 226 665 1647 726; baseline 0.007 -20"><span class='ocrx_word' id='word_1_51' title='bbox 226 665 502 722; x_wconf 77' lang='grc' dir='ltr'><em>γραφόμενον,</em></span> <span class='ocrx_word' id='word_1_52' title='bbox 529 668 570 709; x_wconf 81' lang='grc' dir='ltr'><strong>τί</strong></span> <span class='ocrx_word' id='word_1_53' title='bbox 589 669 631 709; x_wconf 80' lang='grc' dir='ltr'><strong>δὲ</strong></span> <span class='ocrx_word' id='word_1_54' title='bbox 649 673 785 723; x_wconf 84' lang='grc' dir='ltr'><strong><em>ψιλῆς.</em></strong></span> <span class='ocrx_word' id='word_1_55' title='bbox 851 671 1048 725; x_wconf 81' lang='grc' dir='ltr'><em>κυαίστωρ</em></span> <span class='ocrx_word' id='word_1_56' title='bbox 1075 673 1204 713; x_wconf 80' lang='grc' dir='ltr'><em>τοίνυν</em></span> <span class='ocrx_word' id='word_1_57' title='bbox 1225 670 1246 713; x_wconf 81' lang='grc' dir='ltr'><em>ὃ</em></span> <span class='ocrx_word' id='word_1_58' title='bbox 1271 670 1455 726; x_wconf 52' lang='grc' dir='ltr'><em>ζητητής,</em></span> <span class='ocrx_word' id='word_1_59' title='bbox 1481 673 1558 716; x_wconf 71' lang='grc' dir='ltr'><strong>ὰπὸ</strong></span> <span class='ocrx_word' id='word_1_60' title='bbox 1576 680 1647 717; x_wconf 81' lang='grc' dir='ltr'><strong>τοῦ</strong></span> 
     </span>
     <span class='ocr_line' id='line_1_8' title="bbox 227 731 1648 796; baseline 0.006 -23"><span class='ocrx_word' id='word_1_61' title='bbox 227 748 415 789; x_wconf 79' lang='lat' dir='ltr'><strong>quaerere</strong></span> <span class='ocrx_word' id='word_1_62' title='bbox 438 731 521 775; x_wconf 80' lang='grc' dir='ltr'><em>οἷον</em></span> <span class='ocrx_word' id='word_1_63' title='bbox 540 734 720 790; x_wconf 74' lang='grc' dir='ltr'><em>ἐρευνᾶν·</em></span> <span class='ocrx_word' id='word_1_64' title='bbox 754 737 791 777; x_wconf 83' lang='grc' dir='ltr'><strong>οἳ</strong></span> <span class='ocrx_word' id='word_1_65' title='bbox 808 736 884 792; x_wconf 81' lang='grc' dir='ltr'><strong>γὰρ</strong></span> <span class='ocrx_word' id='word_1_66' title='bbox 901 738 1000 794; x_wconf 71' lang='grc' dir='ltr'><em>παρ’</em></span> <span class='ocrx_word' id='word_1_67' title='bbox 1013 737 1197 792; x_wconf 81' lang='grc' dir='ltr'><em>Ἕλλησιν</em></span> <span class='ocrx_word' id='word_1_68' title='bbox 1213 737 1415 795; x_wconf 77' lang='grc' dir='ltr'><em>ἓρευνάὸες</em></span> <span class='ocrx_word' id='word_1_69' title='bbox 1430 740 1539 796; x_wconf 81' lang='grc' dir='ltr'><em>παρὰ</em></span> <span class='ocrx_word' id='word_1_70' title='bbox 1549 738 1648 783; x_wconf 87' lang='grc' dir='ltr'><strong>Ῥω-</strong></span> 
     </span>
     <span class='ocr_line' id='line_1_9' title="bbox 228 801 1648 862; baseline 0.006 -22"><span class='ocrx_word' id='word_1_71' title='bbox 228 801 362 853; x_wconf 89' lang='grc' dir='ltr'><em>μαιόις</em></span> <span class='ocrx_word' id='word_1_72' title='bbox 388 802 626 856; x_wconf 70' lang='grc' dir='ltr'><em>κυαίστωρις</em></span> <span class='ocrx_word' id='word_1_73' title='bbox 653 801 960 856; x_wconf 72' lang='grc' dir='ltr'><em>ὠνομάσθησαν.</em></span> <span class='ocrx_word' id='word_1_74' title='bbox 1027 807 1239 861; x_wconf 82' lang='grc' dir='ltr'><em>κυαισίτωρ</em></span> <span class='ocrx_word' id='word_1_75' title='bbox 1269 806 1312 847; x_wconf 73' lang='grc' dir='ltr'><strong>δὲ</strong></span> <span class='ocrx_word' id='word_1_76' title='bbox 1338 804 1360 848; x_wconf 76' lang='grc' dir='ltr'><strong>ὅ</strong></span> <span class='ocrx_word' id='word_1_77' title='bbox 1383 806 1555 862; x_wconf 74' lang='grc' dir='ltr'><em>τιμωρὸς</em></span> <span class='ocrx_word' id='word_1_78' title='bbox 1575 808 1648 857; x_wconf 76' lang='grc' dir='ltr'><strong>(τὸ</strong></span> 
     </span>
     <span class='ocr_line' id='line_1_10' title="bbox 225 866 1650 929; baseline 0.006 -22"><span class='ocrx_word' id='word_1_79' title='bbox 225 867 297 920; x_wconf 75' lang='grc' dir='ltr'><strong>μὲν</strong></span> <span class='ocrx_word' id='word_1_80' title='bbox 315 867 392 922; x_wconf 80' lang='grc' dir='ltr'><strong>γὰρ</strong></span> <span class='ocrx_word' id='word_1_81' title='bbox 414 866 571 923; x_wconf 83' lang='grc' dir='ltr'><em>πρῶτόν</em></span> <span class='ocrx_word' id='word_1_82' title='bbox 589 869 672 911; x_wconf 70' lang='grc' dir='ltr'><em>ἔστι</em></span> <span class='ocrx_word' id='word_1_83' title='bbox 690 869 800 926; x_wconf 81' lang='grc' dir='ltr'><em>παρὰ</em></span> <span class='ocrx_word' id='word_1_84' title='bbox 815 869 1023 924; x_wconf 80' lang='grc' dir='ltr'><em>Ῥωμαίοις</em></span> <span class='ocrx_word' id='word_1_85' title='bbox 1043 871 1303 925; x_wconf 81' lang='grc' dir='ltr'><em>ὃισύλλαβον,</em></span> <span class='ocrx_word' id='word_1_86' title='bbox 1335 873 1380 914; x_wconf 75' lang='grc' dir='ltr'><strong>τὸ</strong></span> <span class='ocrx_word' id='word_1_87' title='bbox 1416 873 1459 914; x_wconf 77' lang='grc' dir='ltr'><strong>δὲ</strong></span> <span class='ocrx_word' id='word_1_88' title='bbox 1489 872 1650 929; x_wconf 75' lang='grc' dir='ltr'><em>τρισύλ-</em></span> 
     </span>
     <span class='ocr_line' id='line_1_11' title="bbox 228 934 1703 997; baseline 0.006 -23"><span class='ocrx_word' id='word_1_89' title='bbox 228 934 403 986; x_wconf 76' lang='grc' dir='ltr'><em>λαβον)·</em></span> <span class='ocrx_word' id='word_1_90' title='bbox 437 936 500 975; x_wconf 74' lang='grc' dir='ltr'><strong>ἐπὶ</strong></span> <span class='ocrx_word' id='word_1_91' title='bbox 531 936 607 990; x_wconf 81' lang='grc' dir='ltr'><strong>γὰρ</strong></span> <span class='ocrx_word' id='word_1_92' title='bbox 638 941 710 978; x_wconf 85' lang='grc' dir='ltr'><strong>τοῦ</strong></span> <span class='ocrx_word' id='word_1_93' title='bbox 739 936 862 990; x_wconf 77' lang='grc' dir='ltr'><em>μόνον</em></span> <span class='ocrx_word' id='word_1_94' title='bbox 890 941 1058 988; x_wconf 88' lang='grc' dir='ltr'><em>Μίνωος</em></span> <span class='ocrx_word' id='word_1_95' title='bbox 1085 944 1157 981; x_wconf 83' lang='grc' dir='ltr'><strong>τοῦ</strong></span> <span class='ocrx_word' id='word_1_96' title='bbox 1188 938 1369 997; x_wconf 81' lang='grc' dir='ltr'><em>Κρητός,</em></span> <span class='ocrx_word' id='word_1_97' title='bbox 1402 939 1446 989; x_wconf 79' lang='grc' dir='ltr'><em>ὃς</em></span> <span class='ocrx_word' id='word_1_98' title='bbox 1464 941 1647 994; x_wconf 72' lang='grc' dir='ltr'><em>γενέσθαι</em></span> <span class='ocrx_word' id='word_1_99' title='bbox 1660 949 1703 983; x_wconf 82' lang='grc'><strong>10</strong></span> 
     </span>
     <span class='ocr_line' id='line_1_12' title="bbox 226 1001 1649 1061; baseline 0.006 -20"><span class='ocrx_word' id='word_1_100' title='bbox 226 1001 400 1056; x_wconf 82' lang='grc' dir='ltr'><em>τιμωρὸς</em></span> <span class='ocrx_word' id='word_1_101' title='bbox 429 1002 530 1043; x_wconf 78' lang='grc' dir='ltr'><em>κατὰ</em></span> <span class='ocrx_word' id='word_1_102' title='bbox 559 1003 604 1044; x_wconf 80' lang='grc' dir='ltr'><strong>τὸ</strong></span> <span class='ocrx_word' id='word_1_103' title='bbox 637 1004 811 1057; x_wconf 75' lang='grc' dir='ltr'><em>μυθικὸν</em></span> <span class='ocrx_word' id='word_1_104' title='bbox 844 1010 924 1047; x_wconf 79' lang='grc' dir='ltr'><strong>τῶν</strong></span> <span class='ocrx_word' id='word_1_105' title='bbox 954 1006 994 1047; x_wconf 77' lang='grc' dir='ltr'><strong>ἒν</strong></span> <span class='ocrx_word' id='word_1_106' title='bbox 1018 1006 1150 1048; x_wconf 75' lang='grc' dir='ltr'><em>Ἅιδου</em></span> <span class='ocrx_word' id='word_1_107' title='bbox 1181 1012 1324 1060; x_wconf 77' lang='grc' dir='ltr'><em>ψυχῶν</em></span> <span class='ocrx_word' id='word_1_108' title='bbox 1355 1008 1548 1061; x_wconf 68' lang='grc' dir='ltr'><em>ἐνομίσθη</em></span> <span class='ocrx_word' id='word_1_109' title='bbox 1557 1040 1570 1057; x_wconf 97' lang='grc'><em>,</em></span> <span class='ocrx_word' id='word_1_110' title='bbox 1603 1007 1649 1050; x_wconf 68' lang='lat' dir='ltr'><strong>*td</strong></span> 
     </span>
     <span class='ocr_line' id='line_1_13' title="bbox 227 1068 1649 1131; baseline 0.005 -22"><span class='ocrx_word' id='word_1_111' title='bbox 227 1070 487 1125; x_wconf 83' lang='grc' dir='ltr'><em>κυαισίτωρος</em></span> <span class='ocrx_word' id='word_1_112' title='bbox 512 1068 637 1122; x_wconf 74' lang='grc' dir='ltr'><em>ὄνομα</em></span> <span class='ocrx_word' id='word_1_113' title='bbox 659 1069 896 1124; x_wconf 82' lang='grc' dir='ltr'><em>ὃῬωμαίων</em></span> <span class='ocrx_word' id='word_1_114' title='bbox 918 1074 1085 1127; x_wconf 78' lang='grc' dir='ltr'><em>ποιητὴς</em></span> <span class='ocrx_word' id='word_1_115' title='bbox 1104 1076 1143 1115; x_wconf 75' lang='grc' dir='ltr'><strong>ἐν</strong></span> <span class='ocrx_word' id='word_1_116' title='bbox 1161 1074 1257 1131; x_wconf 67' lang='grc' dir='ltr'><strong>ἕκτῳ</strong></span> <span class='ocrx_word' id='word_1_117' title='bbox 1279 1077 1351 1128; x_wconf 81' lang='grc' dir='ltr'><em>τῆς</em></span> <span class='ocrx_word' id='word_1_118' title='bbox 1371 1076 1565 1128; x_wconf 79' lang='grc' dir='ltr'><em>Λῖνη“ί·ὃος</em></span> <span class='ocrx_word' id='word_1_119' title='bbox 1585 1075 1649 1116; x_wconf 78' lang='grc' dir='ltr'><strong>τέ-</strong></span> 
     </span>
     <span class='ocr_line' id='line_1_14' title="bbox 225 1135 1651 1198; baseline 0.005 -23"><span class='ocrx_word' id='word_1_120' title='bbox 225 1139 369 1176; x_wconf 73' lang='grc' dir='ltr'><em>θεικεν.</em></span> <span class='ocrx_word' id='word_1_121' title='bbox 438 1135 533 1177; x_wconf 75' lang='grc' dir='ltr'><em>ὅθεν</em></span> <span class='ocrx_word' id='word_1_122' title='bbox 560 1139 625 1177; x_wconf 82' lang='grc' dir='ltr'><em>καὶ</em></span> <span class='ocrx_word' id='word_1_123' title='bbox 657 1141 913 1188; x_wconf 83' lang='grc' dir='ltr'><em>κυαιστίωνας</em></span> <span class='ocrx_word' id='word_1_124' title='bbox 930 1140 1002 1188; x_wconf 79' lang='grc' dir='ltr'><em>τὰς</em></span> <span class='ocrx_word' id='word_1_125' title='bbox 1016 1142 1205 1196; x_wconf 85' lang='grc' dir='ltr'><em>τιμωρίας</em></span> <span class='ocrx_word' id='word_1_126' title='bbox 1227 1143 1292 1182; x_wconf 83' lang='grc' dir='ltr'><em>καὶ</em></span> <span class='ocrx_word' id='word_1_127' title='bbox 1313 1142 1651 1198; x_wconf 76' lang='grc' dir='ltr'><em>κυαιστιοναρίους</em></span> 
     </span>
     <span class='ocr_line' id='line_1_15' title="bbox 225 1202 1648 1263; baseline 0.004 -20"><span class='ocrx_word' id='word_1_128' title='bbox 225 1203 319 1251; x_wconf 79' lang='grc' dir='ltr'><em>τοὺς</em></span> <span class='ocrx_word' id='word_1_129' title='bbox 349 1206 428 1243; x_wconf 79' lang='grc' dir='ltr'><strong>τῶν</strong></span> <span class='ocrx_word' id='word_1_130' title='bbox 452 1208 596 1244; x_wconf 79' lang='grc' dir='ltr'><em>ποινιῦν</em></span> <span class='ocrx_word' id='word_1_131' title='bbox 623 1202 820 1259; x_wconf 67' lang='grc' dir='ltr'><em>ὑπηρέτας</em></span> <span class='ocrx_word' id='word_1_132' title='bbox 837 1204 1023 1258; x_wconf 79' lang='grc' dir='ltr'><em>Ῥωμαῖοι</em></span> <span class='ocrx_word' id='word_1_133' title='bbox 1045 1206 1217 1261; x_wconf 60' lang='grc' dir='ltr'><em>ἔγνωσαν</em></span> <span class='ocrx_word' id='word_1_134' title='bbox 1238 1213 1382 1250; x_wconf 72' lang='grc' dir='ltr'><em>καλεῖν.</em></span> <span class='ocrx_word' id='word_1_135' title='bbox 1446 1205 1467 1248; x_wconf 83' lang='grc' dir='ltr'><strong>ὅ</strong></span> <span class='ocrx_word' id='word_1_136' title='bbox 1482 1208 1555 1261; x_wconf 73' lang='grc' dir='ltr'><strong>μὲν</strong></span> <span class='ocrx_word' id='word_1_137' title='bbox 1571 1207 1648 1263; x_wconf 78' lang='grc' dir='ltr'><strong>γὰρ</strong></span> 
     </span>
     <span class='ocr_line' id='line_1_16' title="bbox 225 1268 1704 1327; baseline 0.006 -19"><span class='ocrx_word' id='word_1_138' title='bbox 225 1270 423 1323; x_wconf 85' lang='grc' dir='ltr'><em>κυαίστωρ</em></span> <span class='ocrx_word' id='word_1_139' title='bbox 462 1268 626 1322; x_wconf 80' lang='grc' dir='ltr'><em>ζητητής</em></span> <span class='ocrx_word' id='word_1_140' title='bbox 657 1272 762 1311; x_wconf 72' lang='grc' dir='ltr'><em>ἔστιν</em></span> <span class='ocrx_word' id='word_1_141' title='bbox 792 1272 854 1312; x_wconf 73' lang='grc' dir='ltr'><strong>ἐπὶ</strong></span> <span class='ocrx_word' id='word_1_142' title='bbox 880 1271 1102 1327; x_wconf 79' lang='grc' dir='ltr'><em>χρήμασιν,</em></span> <span class='ocrx_word' id='word_1_143' title='bbox 1140 1273 1160 1314; x_wconf 82' lang='grc' dir='ltr'><em>ὃ</em></span> <span class='ocrx_word' id='word_1_144' title='bbox 1185 1275 1226 1315; x_wconf 75' lang='grc' dir='ltr'><strong>δὲ</strong></span> <span class='ocrx_word' id='word_1_145' title='bbox 1247 1275 1336 1316; x_wconf 77' lang='grc' dir='ltr'><em>κατ’</em></span> <span class='ocrx_word' id='word_1_146' title='bbox 1359 1274 1562 1317; x_wconf 73' lang='grc' dir='ltr'><em>ἔπέκτασιν</em></span> <span class='ocrx_word' id='word_1_147' title='bbox 1581 1275 1646 1316; x_wconf 82' lang='grc' dir='ltr'><em>καὶ</em></span> <span class='ocrx_word' id='word_1_148' title='bbox 1661 1282 1704 1317; x_wconf 84' lang='grc'><strong>15</strong></span> 
     </span>
     <span class='ocr_line' id='line_1_17' title="bbox 225 1335 1649 1396; baseline 0.005 -21"><span class='ocrx_word' id='word_1_149' title='bbox 225 1338 428 1388; x_wconf 78' lang='grc' dir='ltr'><em>συλλαβῆς</em></span> <span class='ocrx_word' id='word_1_150' title='bbox 446 1335 678 1391; x_wconf 72' lang='grc' dir='ltr'><em>προσθήκην</em></span> <span class='ocrx_word' id='word_1_151' title='bbox 695 1338 758 1378; x_wconf 71' lang='grc' dir='ltr'><strong>ἐπ’</strong></span> <span class='ocrx_word' id='word_1_152' title='bbox 782 1337 1039 1391; x_wconf 70' lang='grc' dir='ltr'><em>ἐγκλήμασιν·</em></span> <span class='ocrx_word' id='word_1_153' title='bbox 1065 1338 1246 1394; x_wconf 69' lang='grc' dir='ltr'><em>ἑκάτερον</em></span> <span class='ocrx_word' id='word_1_154' title='bbox 1259 1341 1302 1381; x_wconf 74' lang='grc' dir='ltr'><strong>δὲ</strong></span> <span class='ocrx_word' id='word_1_155' title='bbox 1315 1340 1381 1381; x_wconf 76' lang='grc' dir='ltr'><strong>διὰ</strong></span> <span class='ocrx_word' id='word_1_156' title='bbox 1394 1344 1464 1393; x_wconf 85' lang='grc' dir='ltr'><em>τῆς</em></span> <span class='ocrx_word' id='word_1_157' title='bbox 1477 1340 1649 1396; x_wconf 65' lang='lat' dir='ltr'><strong>dap-967-</strong></span> 
     </span>
     <span class='ocr_line' id='line_1_18' title="bbox 225 1401 1649 1461; baseline 0.004 -19"><span class='ocrx_word' id='word_1_158' title='bbox 225 1418 295 1456; x_wconf 84' lang='grc' dir='ltr'><strong>γου</strong></span> <span class='ocrx_word' id='word_1_159' title='bbox 318 1401 588 1458; x_wconf 77' lang='grc' dir='ltr'><em>γραφήσεται,</em></span> <span class='ocrx_word' id='word_1_160' title='bbox 622 1405 696 1445; x_wconf 75' lang='grc' dir='ltr'><strong>κᾶν</strong></span> <span class='ocrx_word' id='word_1_161' title='bbox 716 1407 749 1445; x_wconf 69' lang='grc' dir='ltr'><strong>εἴ</strong></span> <span class='ocrx_word' id='word_1_162' title='bbox 767 1405 834 1446; x_wconf 84' lang='grc' dir='ltr'><strong>τὸν</strong></span> <span class='ocrx_word' id='word_1_163' title='bbox 852 1407 998 1459; x_wconf 84' lang='grc' dir='ltr'><em>ταμίαν</em></span> <span class='ocrx_word' id='word_1_164' title='bbox 1018 1408 1256 1461; x_wconf 74' lang='grc' dir='ltr'><em>διασημαίνῃ</em></span> <span class='ocrx_word' id='word_1_165' title='bbox 1268 1438 1280 1457; x_wconf 94' lang='grc'><em>,</em></span> <span class='ocrx_word' id='word_1_166' title='bbox 1317 1405 1376 1448; x_wconf 83' lang='grc' dir='ltr'><strong>ὅτι</strong></span> <span class='ocrx_word' id='word_1_167' title='bbox 1397 1408 1607 1456; x_wconf 86' lang='grc' dir='ltr'><em>κυαίστους</em></span> <span class='ocrx_word' id='word_1_168' title='bbox 1627 1406 1649 1448; x_wconf 80' lang='grc' dir='ltr'><strong><em>ὃ</em></strong></span> 
     </span>
     <span class='ocr_line' id='line_1_19' title="bbox 225 1467 1650 1530; baseline 0.004 -21"><span class='ocrx_word' id='word_1_169' title='bbox 225 1467 349 1524; x_wconf 83' lang='grc' dir='ltr'><em>πόρος</em></span> <span class='ocrx_word' id='word_1_170' title='bbox 366 1469 476 1524; x_wconf 78' lang='grc' dir='ltr'><em>παρὰ</em></span> <span class='ocrx_word' id='word_1_171' title='bbox 489 1469 696 1522; x_wconf 85' lang='grc' dir='ltr'><em>Ῥωμαίοις</em></span> <span class='ocrx_word' id='word_1_172' title='bbox 714 1476 900 1513; x_wconf 68' lang='grc' dir='ltr'><em>καλεῖται.</em></span> <span class='ocrx_word' id='word_1_173' title='bbox 947 1472 1010 1514; x_wconf 73' lang='grc' dir='ltr'><strong>ὅτε</strong></span> <span class='ocrx_word' id='word_1_174' title='bbox 1031 1473 1073 1514; x_wconf 74' lang='grc' dir='ltr'><strong>δὲ</strong></span> <span class='ocrx_word' id='word_1_175' title='bbox 1091 1473 1147 1526; x_wconf 84' lang='grc' dir='ltr'><strong>μὴ</strong></span> <span class='ocrx_word' id='word_1_176' title='bbox 1168 1476 1387 1530; x_wconf 74' lang='grc' dir='ltr'><em>δι’φθογγος</em></span> <span class='ocrx_word' id='word_1_177' title='bbox 1405 1469 1431 1530; x_wconf 81' lang='grc' dir='ltr'><strong><em>ᾖ</em></strong></span> <span class='ocrx_word' id='word_1_178' title='bbox 1452 1474 1492 1514; x_wconf 69' lang='grc' dir='ltr'><strong>ἓν</strong></span> <span class='ocrx_word' id='word_1_179' title='bbox 1510 1490 1650 1529; x_wconf 82' lang='grc' dir='ltr'><em>προοι-</em></span> 
     </span>
     <span class='ocr_line' id='line_1_20' title="bbox 224 1533 1649 1596; baseline 0.005 -21"><span class='ocrx_word' id='word_1_180' title='bbox 224 1537 331 1588; x_wconf 89' lang='grc' dir='ltr'><em>μίοις</em></span> <span class='ocrx_word' id='word_1_181' title='bbox 349 1533 374 1587; x_wconf 75' lang='grc' dir='ltr'><em>ἧ</em></span> <span class='ocrx_word' id='word_1_182' title='bbox 392 1537 494 1585; x_wconf 62' lang='grc' dir='ltr'><em>λέξις</em></span> <span class='ocrx_word' id='word_1_183' title='bbox 516 1537 618 1578; x_wconf 79' lang='grc' dir='ltr'><em>ἀλλὰ</em></span> <span class='ocrx_word' id='word_1_184' title='bbox 635 1541 737 1593; x_wconf 81' lang='grc' dir='ltr'><em>ψιλῇ</em></span> <span class='ocrx_word' id='word_1_185' title='bbox 757 1537 970 1595; x_wconf 71' lang='grc' dir='ltr'><em>γράφεται,</em></span> <span class='ocrx_word' id='word_1_186' title='bbox 1006 1540 1209 1595; x_wconf 74' lang='grc' dir='ltr'><em>οὐδέτερον</em></span> <span class='ocrx_word' id='word_1_187' title='bbox 1238 1542 1309 1592; x_wconf 75' lang='grc' dir='ltr'><strong>μὲν</strong></span> <span class='ocrx_word' id='word_1_188' title='bbox 1335 1545 1414 1582; x_wconf 79' lang='grc' dir='ltr'><strong>τῶν</strong></span> <span class='ocrx_word' id='word_1_189' title='bbox 1437 1541 1649 1596; x_wconf 75' lang='grc' dir='ltr'><em>εἰρημένων</em></span> 
     </span>
     <span class='ocr_line' id='line_1_21' title="bbox 225 1603 1745 1663; baseline 0.003 -19"><span class='ocrx_word' id='word_1_190' title='bbox 225 1604 427 1655; x_wconf 78' lang='grc' dir='ltr'><em>σημαίνει,</em></span> <span class='ocrx_word' id='word_1_191' title='bbox 457 1603 525 1644; x_wconf 82' lang='grc' dir='ltr'><strong>τὸν</strong></span> <span class='ocrx_word' id='word_1_192' title='bbox 555 1604 597 1644; x_wconf 72' lang='grc' dir='ltr'><strong>δὲ</strong></span> <span class='ocrx_word' id='word_1_193' title='bbox 626 1605 832 1657; x_wconf 80' lang='grc' dir='ltr'><em>μέμψιμον</em></span> <span class='ocrx_word' id='word_1_194' title='bbox 854 1608 919 1646; x_wconf 74' lang='grc' dir='ltr'><em>καὶ</em></span> <span class='ocrx_word' id='word_1_195' title='bbox 939 1605 1180 1662; x_wconf 75' lang='grc' dir='ltr'><em>βλάσφημον</em></span> <span class='ocrx_word' id='word_1_196' title='bbox 1203 1607 1269 1648; x_wconf 77' lang='grc' dir='ltr'><strong>διὰ</strong></span> <span class='ocrx_word' id='word_1_197' title='bbox 1294 1611 1365 1661; x_wconf 79' lang='grc' dir='ltr'><em>τῆς</em></span> <span class='ocrx_word' id='word_1_198' title='bbox 1387 1611 1545 1663; x_wconf 81' lang='grc' dir='ltr'><em>γραφῆς</em></span> <span class='ocrx_word' id='word_1_199' title='bbox 1563 1609 1705 1648; x_wconf 74' lang='grc' dir='ltr'><em>ἔπι-20</em></span> <span class='ocrx_word' id='word_1_200' title='bbox 1743 1613 1745 1618; x_wconf 75' lang='grc'>’</span> 
     </span>
     <span class='ocr_line' id='line_1_22' title="bbox 226 1669 1651 1731; baseline 0.004 -21"><span class='ocrx_word' id='word_1_201' title='bbox 226 1671 364 1720; x_wconf 64' lang='grc' dir='ltr'><em>δείξει,</em></span> <span class='ocrx_word' id='word_1_202' title='bbox 403 1669 462 1710; x_wconf 81' lang='grc' dir='ltr'><em>ὅτι</em></span> <span class='ocrx_word' id='word_1_203' title='bbox 490 1685 634 1725; x_wconf 85' lang='lat' dir='ltr'><strong>queror</strong></span> <span class='ocrx_word' id='word_1_204' title='bbox 658 1673 891 1728; x_wconf 68' lang='grc' dir='ltr'><em>μὲμᾳομαι,</em></span> <span class='ocrx_word' id='word_1_205' title='bbox 935 1673 1080 1729; x_wconf 78' lang='grc' dir='ltr'><em>ῥήματι</em></span> <span class='ocrx_word' id='word_1_206' title='bbox 1122 1679 1262 1731; x_wconf 74' lang='grc' dir='ltr'><em>κοινῷ,</em></span> <span class='ocrx_word' id='word_1_207' title='bbox 1306 1673 1438 1723; x_wconf 76' lang='grc' dir='ltr'><em>πάθος</em></span> <span class='ocrx_word' id='word_1_208' title='bbox 1466 1673 1551 1727; x_wconf 81' lang='grc' dir='ltr'><em>ἅμα</em></span> <span class='ocrx_word' id='word_1_209' title='bbox 1582 1677 1651 1716; x_wconf 86' lang='grc' dir='ltr'><em>καὶ</em></span> 
     </span>
    </p>
   </div>
   <div class='ocr_carea' id='block_1_3' title="bbox 308 1784 1650 2014">
    <p class='ocr_par' dir='ltr' id='par_1_4' title="bbox 308 1784 1650 2014">
     <span class='ocr_line' id='line_1_23' title="bbox 311 1784 1648 1834; baseline 0.002 -13"><span class='ocrx_word' id='word_1_210' title='bbox 311 1789 328 1821; x_wconf 92' lang='grc'>1</span> <span class='ocrx_word' id='word_1_211' title='bbox 352 1784 630 1830; x_wconf 78' lang='grc' dir='ltr'><em>προσαγομένων</em></span> <span class='ocrx_word' id='word_1_212' title='bbox 648 1788 690 1822; x_wconf 86' lang='lat' dir='ltr'><strong>C.</strong></span> <span class='ocrx_word' id='word_1_213' title='bbox 825 1790 847 1823; x_wconf 85' lang='lat'><strong>3</strong></span> <span class='ocrx_word' id='word_1_214' title='bbox 868 1790 1103 1832; x_wconf 78' lang='grc' dir='ltr'><em>κυαισίτωρος</em></span> <span class='ocrx_word' id='word_1_215' title='bbox 1121 1791 1165 1823; x_wconf 90' lang='lat' dir='ltr'><strong>C.</strong></span> <span class='ocrx_word' id='word_1_216' title='bbox 1206 1791 1267 1824; x_wconf 85' lang='lat' dir='ltr'><strong>sed</strong></span> <span class='ocrx_word' id='word_1_217' title='bbox 1284 1789 1356 1823; x_wconf 84' lang='lat' dir='ltr'><strong>hiat</strong></span> <span class='ocrx_word' id='word_1_218' title='bbox 1374 1791 1480 1834; x_wconf 81' lang='lat' dir='ltr'><strong>locus,</strong></span> <span class='ocrx_word' id='word_1_219' title='bbox 1503 1789 1553 1824; x_wconf 88' lang='lat' dir='ltr'><strong>ita</strong></span> <span class='ocrx_word' id='word_1_220' title='bbox 1574 1791 1648 1824; x_wconf 82' lang='lat' dir='ltr'><strong>for-</strong></span> 
     </span>
     <span class='ocr_line' id='line_1_24' title="bbox 308 1831 1649 1878; baseline 0.001 -12"><span class='ocrx_word' id='word_1_221' title='bbox 308 1837 402 1866; x_wconf 83' lang='lat' dir='ltr'><strong>tasse</strong></span> <span class='ocrx_word' id='word_1_222' title='bbox 422 1832 651 1876; x_wconf 85' lang='lat' dir='ltr'><strong>supplendus:</strong></span> <span class='ocrx_word' id='word_1_223' title='bbox 678 1831 783 1878; x_wconf 81' lang='grc' dir='ltr'><em>(οἷντὶ</em></span> <span class='ocrx_word' id='word_1_224' title='bbox 802 1835 869 1868; x_wconf 79' lang='grc' dir='ltr'><strong>τοῦ</strong></span> <span class='ocrx_word' id='word_1_225' title='bbox 888 1834 970 1878; x_wconf 82' lang='grc' dir='ltr'><em>περὶ</em></span> <span class='ocrx_word' id='word_1_226' title='bbox 989 1836 1054 1878; x_wconf 83' lang='grc' dir='ltr'><strong>τῆς</strong></span> <span class='ocrx_word' id='word_1_227' title='bbox 1069 1835 1134 1868; x_wconf 82' lang='grc' dir='ltr'><strong>τοῦ</strong></span> <span class='ocrx_word' id='word_1_228' title='bbox 1153 1835 1374 1877; x_wconf 74' lang='grc' dir='ltr'><em>κυαίστωρος</em></span> <span class='ocrx_word' id='word_1_229' title='bbox 1388 1833 1546 1878; x_wconf 78' lang='grc' dir='ltr'><em>τάξεως)</em></span> <span class='ocrx_word' id='word_1_230' title='bbox 1567 1834 1649 1877; x_wconf 74' lang='grc' dir='ltr'><strong>περὶ</strong></span> 
     </span>
     <span class='ocr_line' id='line_1_25' title="bbox 308 1877 1650 1923; baseline 0.001 -12"><span class='ocrx_word' id='word_1_231' title='bbox 308 1877 539 1920; x_wconf 78' lang='grc' dir='ltr'><em>κυαίστωρος.</em></span> <span class='ocrx_word' id='word_1_232' title='bbox 586 1879 633 1913; x_wconf 89' lang='lat' dir='ltr'><strong>cf.</strong></span> <span class='ocrx_word' id='word_1_233' title='bbox 656 1891 688 1913; x_wconf 86' lang='lat' dir='ltr'><strong>c.</strong></span> <span class='ocrx_word' id='word_1_234' title='bbox 711 1881 768 1914; x_wconf 71' lang='lat'><strong>28.</strong></span> <span class='ocrx_word' id='word_1_235' title='bbox 950 1881 971 1913; x_wconf 90' lang='grc'><strong>6</strong></span> <span class='ocrx_word' id='word_1_236' title='bbox 1003 1880 1130 1913; x_wconf 81' lang='lat' dir='ltr'>excidit</span> <span class='ocrx_word' id='word_1_237' title='bbox 1159 1880 1248 1914; x_wconf 88' lang='lat' dir='ltr'><strong>forte</strong></span> <span class='ocrx_word' id='word_1_238' title='bbox 1275 1877 1348 1913; x_wconf 79' lang='grc' dir='ltr'><em>διά.</em></span> <span class='ocrx_word' id='word_1_239' title='bbox 1379 1881 1424 1914; x_wconf 82' lang='lat' dir='ltr'><strong>F.</strong></span> <span class='ocrx_word' id='word_1_240' title='bbox 1470 1891 1514 1912; x_wconf 86' lang='lat' dir='ltr'><strong>an</strong></span> <span class='ocrx_word' id='word_1_241' title='bbox 1547 1881 1650 1923; x_wconf 74' lang='grc' dir='ltr'><em>ψιλῇ,</em></span> 
     </span>
     <span class='ocr_line' id='line_1_26' title="bbox 310 1924 1649 1964; baseline 0.003 -9"><span class='ocrx_word' id='word_1_242' title='bbox 310 1926 348 1955; x_wconf 86' lang='lat' dir='ltr'><strong>ut</strong></span> <span class='ocrx_word' id='word_1_243' title='bbox 365 1934 396 1955; x_wconf 89' lang='lat' dir='ltr'><strong>c.</strong></span> <span class='ocrx_word' id='word_1_244' title='bbox 420 1929 508 1956; x_wconf 84' lang='lat' dir='ltr'>extr.</span> <span class='ocrx_word' id='word_1_245' title='bbox 522 1924 541 1957; x_wconf 72' lang='grc' dir='ltr'><strong>’ἒ</strong></span> <span class='ocrx_word' id='word_1_246' title='bbox 722 1925 764 1957; x_wconf 91' lang='grc'><strong>10</strong></span> <span class='ocrx_word' id='word_1_247' title='bbox 785 1924 851 1957; x_wconf 78' lang='grc' dir='ltr'><strong>τοῦ</strong></span> <span class='ocrx_word' id='word_1_248' title='bbox 875 1930 954 1958; x_wconf 84' lang='lat' dir='ltr'><strong>ante</strong></span> <span class='ocrx_word' id='word_1_249' title='bbox 976 1925 1126 1964; x_wconf 78' lang='grc' dir='ltr'><em>Μίνωος</em></span> <span class='ocrx_word' id='word_1_250' title='bbox 1143 1930 1202 1958; x_wconf 85' lang='lat' dir='ltr'><strong>aut</strong></span> <span class='ocrx_word' id='word_1_251' title='bbox 1218 1925 1396 1959; x_wconf 86' lang='lat' dir='ltr'><strong>delendum</strong></span> <span class='ocrx_word' id='word_1_252' title='bbox 1411 1929 1472 1959; x_wconf 84' lang='lat' dir='ltr'><strong>aut</strong></span> <span class='ocrx_word' id='word_1_253' title='bbox 1491 1935 1566 1959; x_wconf 86' lang='lat' dir='ltr'><strong>cum</strong></span> <span class='ocrx_word' id='word_1_254' title='bbox 1587 1924 1649 1959; x_wconf 77' lang='grc' dir='ltr'><em>καί.</em></span> 
     </span>
     <span class='ocr_line' id='line_1_27' title="bbox 308 1967 1054 2014; baseline 0.007 -16"><span class='ocrx_word' id='word_1_255' title='bbox 308 1967 516 2002; x_wconf 83' lang='lat' dir='ltr'><strong>mutandum.</strong></span> <span class='ocrx_word' id='word_1_256' title='bbox 648 1969 695 2003; x_wconf 75' lang='lat'><strong>20</strong></span> <span class='ocrx_word' id='word_1_257' title='bbox 717 1980 761 2003; x_wconf 85' lang='lat' dir='ltr'><strong>an</strong></span> <span class='ocrx_word' id='word_1_258' title='bbox 780 1969 1023 2014; x_wconf 80' lang='grc' dir='ltr'><em>μεμψίμοιρον</em></span> <span class='ocrx_word' id='word_1_259' title='bbox 1035 1969 1054 2003; x_wconf 70' lang='lat'><em>2</em></span> 
     </span>
    </p>
   </div>
   <div class='ocr_carea' id='block_1_4' title="bbox 219 2066 1648 2880">
    <p class='ocr_par' dir='ltr' id='par_1_5' title="bbox 220 2066 1647 2202">
     <span class='ocr_line' id='line_1_28' title="bbox 221 2066 1646 2115; baseline 0.004 -14"><span class='ocrx_word' id='word_1_260' title='bbox 221 2066 314 2102; x_wconf 79' lang='lat' dir='ltr'><strong>versi</strong></span> <span class='ocrx_word' id='word_1_261' title='bbox 333 2071 469 2102; x_wconf 87' lang='lat' dir='ltr'><strong>senatus</strong></span> <span class='ocrx_word' id='word_1_262' title='bbox 489 2068 532 2102; x_wconf 87' lang='lat' dir='ltr'><strong>de</strong></span> <span class='ocrx_word' id='word_1_263' title='bbox 548 2067 593 2102; x_wconf 86' lang='lat' dir='ltr'><strong>iis</strong></span> <span class='ocrx_word' id='word_1_264' title='bbox 611 2069 672 2113; x_wconf 89' lang='lat' dir='ltr'><strong>qui</strong></span> <span class='ocrx_word' id='word_1_265' title='bbox 694 2070 738 2104; x_wconf 85' lang='lat' dir='ltr'><strong>ad</strong></span> <span class='ocrx_word' id='word_1_266' title='bbox 756 2070 904 2104; x_wconf 82' lang='lat' dir='ltr'>honores</span> <span class='ocrx_word' id='word_1_267' title='bbox 927 2070 1207 2115; x_wconf 78' lang='lat' dir='ltr'><strong>provehebantur</strong></span> <span class='ocrx_word' id='word_1_268' title='bbox 1231 2069 1434 2115; x_wconf 84' lang='lat' dir='ltr'><strong>legebant.”</strong></span> <span class='ocrx_word' id='word_1_269' title='bbox 1478 2071 1565 2106; x_wconf 84' lang='lat' dir='ltr'><strong>haec</strong></span> <span class='ocrx_word' id='word_1_270' title='bbox 1586 2071 1646 2106; x_wconf 88' lang='lat' dir='ltr'><strong>Iu-</strong></span> 
     </span>
     <span class='ocr_line' id='line_1_29' title="bbox 220 2113 1647 2160; baseline 0.004 -15"><span class='ocrx_word' id='word_1_271' title='bbox 220 2113 310 2146; x_wconf 77' lang='lat' dir='ltr'><strong>nius.</strong></span> <span class='ocrx_word' id='word_1_272' title='bbox 357 2113 490 2157; x_wconf 87' lang='lat' dir='ltr'><strong>prolixe</strong></span> <span class='ocrx_word' id='word_1_273' title='bbox 513 2114 556 2147; x_wconf 91' lang='lat' dir='ltr'><strong>de</strong></span> <span class='ocrx_word' id='word_1_274' title='bbox 579 2120 764 2158; x_wconf 81' lang='lat' dir='ltr'><strong>quaestore</strong></span> <span class='ocrx_word' id='word_1_275' title='bbox 793 2115 941 2160; x_wconf 80' lang='lat' dir='ltr'><strong>explicat</strong></span> <span class='ocrx_word' id='word_1_276' title='bbox 963 2116 1130 2160; x_wconf 82' lang='lat' dir='ltr'><strong>Ulpianus</strong></span> <span class='ocrx_word' id='word_1_277' title='bbox 1155 2116 1413 2151; x_wconf 81' lang='lat' dir='ltr'><strong>iurisconsultus</strong></span> <span class='ocrx_word' id='word_1_278' title='bbox 1435 2116 1472 2150; x_wconf 91' lang='lat' dir='ltr'><strong>in</strong></span> <span class='ocrx_word' id='word_1_279' title='bbox 1494 2117 1580 2151; x_wconf 88' lang='lat' dir='ltr'><strong>libro</strong></span> <span class='ocrx_word' id='word_1_280' title='bbox 1602 2118 1647 2151; x_wconf 88' lang='lat' dir='ltr'><strong>de</strong></span> 
     </span>
     <span class='ocr_line' id='line_1_30' title="bbox 220 2156 580 2202; baseline 0.003 -11"><span class='ocrx_word' id='word_1_281' title='bbox 220 2156 350 2192; x_wconf 85' lang='lat' dir='ltr'><strong>Officio</strong></span> <span class='ocrx_word' id='word_1_282' title='bbox 375 2159 580 2202; x_wconf 83' lang='lat' dir='ltr'><strong>quaestoris.</strong></span> 
     </span>
    </p>

    <p class='ocr_par' dir='ltr' id='par_1_6' title="bbox 219 2203 1648 2880">
     <span class='ocr_line' id='line_1_31' title="bbox 309 2203 1648 2260; baseline 0.003 -24"><span class='ocrx_word' id='word_1_283' title='bbox 309 2203 367 2238; x_wconf 73' lang='lat'><strong>25.</strong></span> <span class='ocrx_word' id='word_1_284' title='bbox 416 2203 594 2242; x_wconf 81' lang='lat' dir='ltr'><strong>Quaerere</strong></span> <span class='ocrx_word' id='word_1_285' title='bbox 624 2207 736 2238; x_wconf 86' lang='lat' dir='ltr'><strong>autem</strong></span> <span class='ocrx_word' id='word_1_286' title='bbox 769 2216 894 2249; x_wconf 87' lang='lat' dir='ltr'><strong>operae</strong></span> <span class='ocrx_word' id='word_1_287' title='bbox 920 2205 1067 2249; x_wconf 84' lang='lat' dir='ltr'><strong>pretium</strong></span> <span class='ocrx_word' id='word_1_288' title='bbox 1101 2206 1280 2249; x_wconf 72' lang='lat' dir='ltr'><strong>exist-imo,</strong></span> <span class='ocrx_word' id='word_1_289' title='bbox 1312 2206 1395 2251; x_wconf 88' lang='lat' dir='ltr'><strong>quid</strong></span> <span class='ocrx_word' id='word_1_290' title='bbox 1424 2210 1586 2260; x_wconf 85' lang='lat' dir='ltr'><strong>quaestor</strong></span> <span class='ocrx_word' id='word_1_291' title='bbox 1611 2209 1648 2240; x_wconf 86' lang='lat' dir='ltr'><strong>et</strong></span> 
     </span>
     <span class='ocr_line' id='line_1_32' title="bbox 220 2246 1646 2296; baseline 0.003 -15"><span class='ocrx_word' id='word_1_292' title='bbox 220 2247 304 2293; x_wconf 85' lang='lat' dir='ltr'><strong>quid</strong></span> <span class='ocrx_word' id='word_1_293' title='bbox 327 2246 524 2292; x_wconf 77' lang='lat' dir='ltr'><strong>quaesitor,</strong></span> <span class='ocrx_word' id='word_1_294' title='bbox 549 2249 699 2294; x_wconf 88' lang='lat' dir='ltr'><strong>quidque</strong></span> <span class='ocrx_word' id='word_1_295' title='bbox 722 2255 823 2283; x_wconf 87' lang='lat' dir='ltr'><strong>sonet</strong></span> <span class='ocrx_word' id='word_1_296' title='bbox 845 2261 919 2290; x_wconf 84' lang='lat' dir='ltr'><strong>cum</strong></span> <span class='ocrx_word' id='word_1_297' title='bbox 943 2251 1174 2295; x_wconf 81' lang='lat' dir='ltr'><strong>diphthongo,</strong></span> <span class='ocrx_word' id='word_1_298' title='bbox 1196 2251 1295 2295; x_wconf 91' lang='lat' dir='ltr'><strong>quid,</strong></span> <span class='ocrx_word' id='word_1_299' title='bbox 1320 2263 1392 2285; x_wconf 90' lang='lat' dir='ltr'><strong>cum</strong></span> <span class='ocrx_word' id='word_1_300' title='bbox 1415 2251 1562 2296; x_wconf 80' lang='lat' dir='ltr'><strong>simplici</strong></span> <span class='ocrx_word' id='word_1_301' title='bbox 1582 2262 1646 2284; x_wconf 83' lang='lat' dir='ltr'><strong>vo-</strong></span> 
     </span>
     <span class='ocr_line' id='line_1_33' title="bbox 222 2292 1646 2340; baseline 0.004 -15"><span class='ocrx_word' id='word_1_302' title='bbox 222 2292 289 2326; x_wconf 89' lang='lat' dir='ltr'><strong>cali</strong></span> <span class='ocrx_word' id='word_1_303' title='bbox 309 2292 483 2326; x_wconf 78' lang='lat' dir='ltr'><strong>scribitur.</strong></span> <span class='ocrx_word' id='word_1_304' title='bbox 530 2300 692 2337; x_wconf 82' lang='lat' dir='ltr'><strong>quaestor</strong></span> <span class='ocrx_word' id='word_1_305' title='bbox 715 2294 821 2338; x_wconf 87' lang='lat' dir='ltr'><strong>igitur</strong></span> <span class='ocrx_word' id='word_1_306' title='bbox 843 2301 896 2328; x_wconf 88' lang='lat' dir='ltr'><strong>est</strong></span> <span class='ocrx_word' id='word_1_307' title='bbox 914 2295 973 2339; x_wconf 91' lang='lat' dir='ltr'><strong>qui</strong></span> <span class='ocrx_word' id='word_1_308' title='bbox 995 2297 1149 2340; x_wconf 89' lang='lat' dir='ltr'><strong>quaerit,</strong></span> <span class='ocrx_word' id='word_1_309' title='bbox 1175 2309 1195 2330; x_wconf 88' lang='lat' dir='ltr'><strong>a</strong></span> <span class='ocrx_word' id='word_1_310' title='bbox 1215 2307 1400 2340; x_wconf 80' lang='lat' dir='ltr'><strong>quaerere,</strong></span> <span class='ocrx_word' id='word_1_311' title='bbox 1422 2297 1460 2330; x_wconf 86' lang='lat' dir='ltr'><strong>id</strong></span> <span class='ocrx_word' id='word_1_312' title='bbox 1479 2301 1533 2330; x_wconf 77' lang='lat' dir='ltr'><strong>est</strong></span> <span class='ocrx_word' id='word_1_313' title='bbox 1549 2293 1646 2338; x_wconf 77' lang='grc' dir='ltr'><em>ἐρευ-</em></span> 
     </span>
     <span class='ocr_line' id='line_1_34' title="bbox 220 2337 1646 2385; baseline 0.003 -15"><span class='ocrx_word' id='word_1_314' title='bbox 220 2337 313 2371; x_wconf 66' lang='lat' dir='ltr'><strong>miv.-</strong></span> <span class='ocrx_word' id='word_1_315' title='bbox 343 2337 403 2383; x_wconf 86' lang='lat' dir='ltr'><strong>qui</strong></span> <span class='ocrx_word' id='word_1_316' title='bbox 422 2338 510 2372; x_wconf 90' lang='lat' dir='ltr'><strong>enim</strong></span> <span class='ocrx_word' id='word_1_317' title='bbox 528 2340 619 2382; x_wconf 85' lang='lat' dir='ltr'><strong>apud</strong></span> <span class='ocrx_word' id='word_1_318' title='bbox 637 2340 790 2373; x_wconf 78' lang='lat' dir='ltr'><strong>Graecos</strong></span> <span class='ocrx_word' id='word_1_319' title='bbox 809 2337 1018 2383; x_wconf 78' lang='grc' dir='ltr'><em>ἐρευνάδες,</em></span> <span class='ocrx_word' id='word_1_320' title='bbox 1042 2342 1131 2385; x_wconf 82' lang='lat' dir='ltr'><strong>apud</strong></span> <span class='ocrx_word' id='word_1_321' title='bbox 1154 2341 1324 2374; x_wconf 87' lang='lat' dir='ltr'><strong>Romanos</strong></span> <span class='ocrx_word' id='word_1_322' title='bbox 1343 2345 1542 2385; x_wconf 71' lang='lat' dir='ltr'><strong>quaestores</strong></span> <span class='ocrx_word' id='word_1_323' title='bbox 1561 2340 1646 2374; x_wconf 86' lang='lat' dir='ltr'><strong>dicti</strong></span> 
     </span>
     <span class='ocr_line' id='line_1_35' title="bbox 219 2382 1644 2430; baseline 0.001 -14"><span class='ocrx_word' id='word_1_324' title='bbox 219 2388 314 2417; x_wconf 81' lang='lat' dir='ltr'><strong>sunt.</strong></span> <span class='ocrx_word' id='word_1_325' title='bbox 359 2382 534 2428; x_wconf 86' lang='lat' dir='ltr'><strong>quaesitor</strong></span> <span class='ocrx_word' id='word_1_326' title='bbox 556 2395 637 2417; x_wconf 89' lang='lat' dir='ltr'><strong>vero</strong></span> <span class='ocrx_word' id='word_1_327' title='bbox 660 2390 713 2418; x_wconf 90' lang='lat' dir='ltr'><strong>est</strong></span> <span class='ocrx_word' id='word_1_328' title='bbox 734 2385 861 2418; x_wconf 83' lang='lat' dir='ltr'><strong>vindex</strong></span> <span class='ocrx_word' id='word_1_329' title='bbox 885 2386 1041 2428; x_wconf 83' lang='lat' dir='ltr'><strong>(scilieet</strong></span> <span class='ocrx_word' id='word_1_330' title='bbox 1064 2386 1159 2430; x_wconf 83' lang='lat' dir='ltr'><strong>prius</strong></span> <span class='ocrx_word' id='word_1_331' title='bbox 1183 2387 1273 2429; x_wconf 80' lang='lat' dir='ltr'><strong>apud</strong></span> <span class='ocrx_word' id='word_1_332' title='bbox 1294 2386 1464 2420; x_wconf 80' lang='lat' dir='ltr'><strong>Romanos</strong></span> <span class='ocrx_word' id='word_1_333' title='bbox 1485 2384 1644 2428; x_wconf 79' lang='lat' dir='ltr'><strong>dissylla-</strong></span> 
     </span>
     <span class='ocr_line' id='line_1_36' title="bbox 220 2427 1644 2475; baseline 0.001 -13"><span class='ocrx_word' id='word_1_334' title='bbox 220 2429 321 2470; x_wconf 88' lang='lat' dir='ltr'><strong>bum,</strong></span> <span class='ocrx_word' id='word_1_335' title='bbox 346 2427 411 2461; x_wconf 90' lang='lat' dir='ltr'><strong>hoc</strong></span> <span class='ocrx_word' id='word_1_336' title='bbox 428 2434 540 2462; x_wconf 89' lang='lat' dir='ltr'><strong>autem</strong></span> <span class='ocrx_word' id='word_1_337' title='bbox 561 2428 774 2472; x_wconf 82' lang='lat' dir='ltr'><strong>trisyllabum</strong></span> <span class='ocrx_word' id='word_1_338' title='bbox 796 2431 890 2473; x_wconf 86' lang='lat' dir='ltr'><strong>est):</strong></span> <span class='ocrx_word' id='word_1_339' title='bbox 926 2431 1050 2464; x_wconf 87' lang='lat' dir='ltr'><strong>etenim</strong></span> <span class='ocrx_word' id='word_1_340' title='bbox 1071 2430 1135 2464; x_wconf 81' lang='lat' dir='ltr'><strong>soli</strong></span> <span class='ocrx_word' id='word_1_341' title='bbox 1158 2430 1268 2464; x_wconf 88' lang='lat' dir='ltr'><strong>Minoi</strong></span> <span class='ocrx_word' id='word_1_342' title='bbox 1289 2430 1468 2474; x_wconf 77' lang='lat' dir='ltr'><strong>Cretensi,</strong></span> <span class='ocrx_word' id='word_1_343' title='bbox 1493 2429 1552 2475; x_wconf 91' lang='lat' dir='ltr'><strong>qui</strong></span> <span class='ocrx_word' id='word_1_344' title='bbox 1569 2429 1644 2464; x_wconf 85' lang='lat' dir='ltr'><strong>ani-</strong></span> 
     </span>
     <span class='ocr_line' id='line_1_37' title="bbox 219 2473 1644 2518; baseline 0.001 -12"><span class='ocrx_word' id='word_1_345' title='bbox 219 2484 348 2507; x_wconf 89' lang='lat' dir='ltr'><strong>marum</strong></span> <span class='ocrx_word' id='word_1_346' title='bbox 370 2474 460 2517; x_wconf 85' lang='lat' dir='ltr'><strong>apud</strong></span> <span class='ocrx_word' id='word_1_347' title='bbox 481 2473 611 2507; x_wconf 80' lang='lat' dir='ltr'><strong>inferos</strong></span> <span class='ocrx_word' id='word_1_348' title='bbox 634 2474 760 2508; x_wconf 82' lang='lat' dir='ltr'><strong>vindex</strong></span> <span class='ocrx_word' id='word_1_349' title='bbox 782 2475 964 2508; x_wconf 86' lang='lat' dir='ltr'><strong>secundum</strong></span> <span class='ocrx_word' id='word_1_350' title='bbox 985 2475 1132 2510; x_wconf 74' lang='lat' dir='ltr'><strong>fabulam</strong></span> <span class='ocrx_word' id='word_1_351' title='bbox 1155 2476 1375 2518; x_wconf 81' lang='lat' dir='ltr'><strong>credebatur,</strong></span> <span class='ocrx_word' id='word_1_352' title='bbox 1399 2481 1498 2509; x_wconf 79' lang='lat' dir='ltr'><strong>vates</strong></span> <span class='ocrx_word' id='word_1_353' title='bbox 1517 2475 1644 2509; x_wconf 87' lang='lat' dir='ltr'><strong>Roma-</strong></span> 
     </span>
     <span class='ocr_line' id='line_1_38' title="bbox 221 2518 1645 2563; baseline 0.001 -12"><span class='ocrx_word' id='word_1_354' title='bbox 221 2530 304 2560; x_wconf 88' lang='lat' dir='ltr'><strong>nus,</strong></span> <span class='ocrx_word' id='word_1_355' title='bbox 339 2518 375 2552; x_wconf 92' lang='lat' dir='ltr'><strong>in</strong></span> <span class='ocrx_word' id='word_1_356' title='bbox 403 2518 490 2552; x_wconf 90' lang='lat' dir='ltr'><strong>libro</strong></span> <span class='ocrx_word' id='word_1_357' title='bbox 517 2524 615 2552; x_wconf 83' lang='lat' dir='ltr'><strong>sexto</strong></span> <span class='ocrx_word' id='word_1_358' title='bbox 643 2519 834 2562; x_wconf 85' lang='lat' dir='ltr'><strong>Aeneidos,</strong></span> <span class='ocrx_word' id='word_1_359' title='bbox 873 2521 1077 2563; x_wconf 83' lang='lat' dir='ltr'><strong>quaesitoris</strong></span> <span class='ocrx_word' id='word_1_360' title='bbox 1107 2532 1227 2554; x_wconf 88' lang='lat' dir='ltr'><strong>nomen</strong></span> <span class='ocrx_word' id='word_1_361' title='bbox 1250 2520 1385 2554; x_wconf 87' lang='lat' dir='ltr'><strong>tribuit.</strong></span> <span class='ocrx_word' id='word_1_362' title='bbox 1431 2521 1521 2554; x_wconf 83' lang='lat' dir='ltr'><strong>unde</strong></span> <span class='ocrx_word' id='word_1_363' title='bbox 1542 2519 1645 2553; x_wconf 89' lang='lat' dir='ltr'><strong>etiam</strong></span> 
     </span>
     <span class='ocr_line' id='line_1_39' title="bbox 220 2563 1645 2609; baseline 0.001 -13"><span class='ocrx_word' id='word_1_364' title='bbox 220 2563 440 2607; x_wconf 81' lang='lat' dir='ltr'><strong>quaestiones</strong></span> <span class='ocrx_word' id='word_1_365' title='bbox 467 2575 596 2608; x_wconf 90' lang='lat' dir='ltr'><strong>poenas</strong></span> <span class='ocrx_word' id='word_1_366' title='bbox 618 2569 653 2597; x_wconf 87' lang='lat' dir='ltr'><strong>et</strong></span> <span class='ocrx_word' id='word_1_367' title='bbox 676 2564 948 2608; x_wconf 85' lang='lat' dir='ltr'><strong>quaestionarios</strong></span> <span class='ocrx_word' id='word_1_368' title='bbox 981 2577 1163 2609; x_wconf 84' lang='lat' dir='ltr'><strong>poenarum</strong></span> <span class='ocrx_word' id='word_1_369' title='bbox 1187 2565 1359 2599; x_wconf 88' lang='lat' dir='ltr'><strong>ministros</strong></span> <span class='ocrx_word' id='word_1_370' title='bbox 1380 2564 1524 2599; x_wconf 86' lang='lat' dir='ltr'><strong>Romani</strong></span> <span class='ocrx_word' id='word_1_371' title='bbox 1546 2564 1645 2598; x_wconf 88' lang='lat' dir='ltr'><strong>dixe-</strong></span> 
     </span>
     <span class='ocr_line' id='line_1_40' title="bbox 220 2609 1644 2654; baseline 0.001 -13"><span class='ocrx_word' id='word_1_372' title='bbox 220 2613 312 2641; x_wconf 87' lang='lat' dir='ltr'><strong>runt.</strong></span> <span class='ocrx_word' id='word_1_373' title='bbox 361 2620 481 2653; x_wconf 87' lang='lat' dir='ltr'><strong>nempe</strong></span> <span class='ocrx_word' id='word_1_374' title='bbox 502 2615 663 2653; x_wconf 78' lang='lat' dir='ltr'><strong>quaestor</strong></span> <span class='ocrx_word' id='word_1_375' title='bbox 681 2615 734 2643; x_wconf 89' lang='lat' dir='ltr'><strong>est</strong></span> <span class='ocrx_word' id='word_1_376' title='bbox 752 2609 809 2653; x_wconf 85' lang='lat' dir='ltr'><strong>qui</strong></span> <span class='ocrx_word' id='word_1_377' title='bbox 829 2611 871 2643; x_wconf 90' lang='lat' dir='ltr'><strong>de</strong></span> <span class='ocrx_word' id='word_1_378' title='bbox 889 2610 1106 2644; x_wconf 80' lang='lat' dir='ltr'><strong>facultatibus</strong></span> <span class='ocrx_word' id='word_1_379' title='bbox 1117 2636 1125 2652; x_wconf 95' lang='lat'>‚</span> <span class='ocrx_word' id='word_1_380' title='bbox 1150 2610 1324 2654; x_wconf 82' lang='lat' dir='ltr'><strong>quaesitor</strong></span> <span class='ocrx_word' id='word_1_381' title='bbox 1342 2615 1472 2654; x_wconf 87' lang='lat' dir='ltr'><strong>autem,</strong></span> <span class='ocrx_word' id='word_1_382' title='bbox 1495 2609 1586 2654; x_wconf 88' lang='lat' dir='ltr'><strong>quod</strong></span> <span class='ocrx_word' id='word_1_383' title='bbox 1603 2609 1644 2642; x_wconf 90' lang='lat' dir='ltr'><strong>fit</strong></span> 
     </span>
     <span class='ocr_line' id='line_1_41' title="bbox 221 2654 1642 2700; baseline 0.001 -15"><span class='ocrx_word' id='word_1_384' title='bbox 221 2657 362 2686; x_wconf 83' lang='lat' dir='ltr'><strong>extenta</strong></span> <span class='ocrx_word' id='word_1_385' title='bbox 390 2665 476 2687; x_wconf 84' lang='lat' dir='ltr'><strong>voce</strong></span> <span class='ocrx_word' id='word_1_386' title='bbox 507 2654 690 2698; x_wconf 86' lang='lat' dir='ltr'><strong>additaque</strong></span> <span class='ocrx_word' id='word_1_387' title='bbox 715 2654 866 2698; x_wconf 84' lang='lat' dir='ltr'><strong>syllaba,</strong></span> <span class='ocrx_word' id='word_1_388' title='bbox 902 2655 960 2700; x_wconf 88' lang='lat' dir='ltr'><strong>qui</strong></span> <span class='ocrx_word' id='word_1_389' title='bbox 984 2656 1027 2688; x_wconf 92' lang='lat' dir='ltr'><strong>de</strong></span> <span class='ocrx_word' id='word_1_390' title='bbox 1054 2654 1249 2689; x_wconf 85' lang='lat' dir='ltr'><strong>criminibus</strong></span> <span class='ocrx_word' id='word_1_391' title='bbox 1273 2655 1418 2700; x_wconf 87' lang='lat' dir='ltr'><strong>quaerit.</strong></span> <span class='ocrx_word' id='word_1_392' title='bbox 1464 2660 1642 2697; x_wconf 82' lang='lat' dir='ltr'><strong>utrumque</strong></span> 
     </span>
     <span class='ocr_line' id='line_1_42' title="bbox 222 2698 1642 2745; baseline 0 -15"><span class='ocrx_word' id='word_1_393' title='bbox 222 2709 306 2730; x_wconf 83' lang='lat' dir='ltr'><strong>vero</strong></span> <span class='ocrx_word' id='word_1_394' title='bbox 324 2698 535 2742; x_wconf 86' lang='lat' dir='ltr'><strong>diphthongo</strong></span> <span class='ocrx_word' id='word_1_395' title='bbox 557 2699 790 2741; x_wconf 81' lang='lat' dir='ltr'><strong>scribendum3</strong></span> <span class='ocrx_word' id='word_1_396' title='bbox 822 2710 934 2744; x_wconf 87' lang='lat' dir='ltr'><strong>neque</strong></span> <span class='ocrx_word' id='word_1_397' title='bbox 957 2700 1066 2733; x_wconf 89' lang='lat' dir='ltr'><strong>minus</strong></span> <span class='ocrx_word' id='word_1_398' title='bbox 1090 2706 1268 2744; x_wconf 81' lang='lat' dir='ltr'><strong>quaestor,</strong></span> <span class='ocrx_word' id='word_1_399' title='bbox 1300 2699 1456 2744; x_wconf 85' lang='lat' dir='ltr'><strong>quoniam</strong></span> <span class='ocrx_word' id='word_1_400' title='bbox 1479 2705 1642 2745; x_wconf 86' lang='lat' dir='ltr'><strong>quaestus</strong></span> 
     </span>
     <span class='ocr_line' id='line_1_43' title="bbox 221 2741 1641 2790; baseline -0.001 -14"><span class='ocrx_word' id='word_1_401' title='bbox 221 2754 244 2776; x_wconf 80' lang='lat' dir='ltr'><strong>a</strong></span> <span class='ocrx_word' id='word_1_402' title='bbox 277 2743 437 2777; x_wconf 84' lang='lat' dir='ltr'><strong>Romanis</strong></span> <span class='ocrx_word' id='word_1_403' title='bbox 468 2744 597 2778; x_wconf 86' lang='lat' dir='ltr'><strong>reditus</strong></span> <span class='ocrx_word' id='word_1_404' title='bbox 626 2750 780 2778; x_wconf 84' lang='lat' dir='ltr'><strong>vocatur.</strong></span> <span class='ocrx_word' id='word_1_405' title='bbox 837 2756 910 2778; x_wconf 89' lang='lat' dir='ltr'><strong>cum</strong></span> <span class='ocrx_word' id='word_1_406' title='bbox 943 2750 1055 2779; x_wconf 89' lang='lat' dir='ltr'><strong>autem</strong></span> <span class='ocrx_word' id='word_1_407' title='bbox 1085 2757 1151 2778; x_wconf 89' lang='lat' dir='ltr'><strong>non</strong></span> <span class='ocrx_word' id='word_1_408' title='bbox 1179 2745 1390 2790; x_wconf 81' lang='lat' dir='ltr'><strong>diphthongo</strong></span> <span class='ocrx_word' id='word_1_409' title='bbox 1416 2743 1525 2788; x_wconf 85' lang='lat' dir='ltr'><strong>prima</strong></span> <span class='ocrx_word' id='word_1_410' title='bbox 1545 2741 1641 2775; x_wconf 86' lang='lat' dir='ltr'><strong>vocis</strong></span> 
     </span>
     <span class='ocr_line' id='line_1_44' title="bbox 221 2786 1641 2835; baseline -0.001 -15"><span class='ocrx_word' id='word_1_411' title='bbox 221 2786 373 2832; x_wconf 80' lang='lat' dir='ltr'><strong>syllaba,</strong></span> <span class='ocrx_word' id='word_1_412' title='bbox 409 2789 471 2822; x_wconf 87' lang='lat' dir='ltr'><strong>sed</strong></span> <span class='ocrx_word' id='word_1_413' title='bbox 501 2788 646 2833; x_wconf 83' lang='lat' dir='ltr'><strong>simplici</strong></span> <span class='ocrx_word' id='word_1_414' title='bbox 679 2789 791 2823; x_wconf 83' lang='lat' dir='ltr'><strong>vocali</strong></span> <span class='ocrx_word' id='word_1_415' title='bbox 814 2789 997 2833; x_wconf 86' lang='lat' dir='ltr'><strong>scribitur,</strong></span> <span class='ocrx_word' id='word_1_416' title='bbox 1028 2796 1183 2823; x_wconf 88' lang='lat' dir='ltr'><strong>neutrum</strong></span> <span class='ocrx_word' id='word_1_417' title='bbox 1215 2789 1346 2824; x_wconf 85' lang='lat' dir='ltr'><strong>illorum</strong></span> <span class='ocrx_word' id='word_1_418' title='bbox 1370 2801 1456 2835; x_wconf 82' lang='lat' dir='ltr'><strong>quae</strong></span> <span class='ocrx_word' id='word_1_419' title='bbox 1484 2787 1641 2829; x_wconf 85' lang='lat' dir='ltr'><strong>diximus,</strong></span> 
     </span>
     <span class='ocr_line' id='line_1_45' title="bbox 221 2833 1642 2880; baseline 0 -15"><span class='ocrx_word' id='word_1_420' title='bbox 221 2833 283 2866; x_wconf 84' lang='lat' dir='ltr'><strong>sed</strong></span> <span class='ocrx_word' id='word_1_421' title='bbox 310 2833 485 2877; x_wconf 87' lang='lat' dir='ltr'><strong>querulum</strong></span> <span class='ocrx_word' id='word_1_422' title='bbox 518 2839 555 2868; x_wconf 82' lang='lat' dir='ltr'><strong>et</strong></span> <span class='ocrx_word' id='word_1_423' title='bbox 584 2833 857 2870; x_wconf 84' lang='lat' dir='ltr'><strong>calumniatorem</strong></span> <span class='ocrx_word' id='word_1_424' title='bbox 878 2834 915 2869; x_wconf 87' lang='lat' dir='ltr'><strong>vi</strong></span> <span class='ocrx_word' id='word_1_425' title='bbox 937 2834 1129 2880; x_wconf 87' lang='lat' dir='ltr'><strong>scripturae</strong></span> <span class='ocrx_word' id='word_1_426' title='bbox 1155 2833 1383 2880; x_wconf 81' lang='lat' dir='ltr'><strong>significabit,</strong></span> <span class='ocrx_word' id='word_1_427' title='bbox 1414 2833 1496 2878; x_wconf 78' lang='lat' dir='ltr'><strong>quia</strong></span> <span class='ocrx_word' id='word_1_428' title='bbox 1515 2842 1642 2876; x_wconf 84' lang='lat' dir='ltr'><strong>queror</strong></span> 
     </span>
    </p>
   </div>
  </div>
 </body>
</html>
