1748 3210
234 194 328 242 354
753 195 972 238 lOANNIS
1006 193 1138 237 LYDI

232 306 367 364 πώρου
388 313 552 364 καρποῖς
573 303 821 355 ἔπιτεῦξεται.
861 305 912 347 τὰ
930 306 973 346 δὲ
992 305 1094 347 κακὰ
1109 309 1194 355 ταῖς
1210 306 1389 360 θηλείαις
1403 311 1554 362 μᾶλλον
1569 301 1648 352 τῶν

233 374 340 433 ζῴων
359 374 384 429 ἢ
405 382 486 423 τοῖς
503 374 639 428 ἄρρεσι
659 370 924 425 συμβήσεται,
959 371 1018 414 ὅτι
1038 376 1146 427 θῆλυ
1171 370 1309 429 ζῴδιον
1327 372 1353 427 ἦ
1372 376 1583 432 παρθένος.
1631 393 1634 396 ·

360 442 437 485 57.
494 439 588 480 ’Ὴλ
603 457 616 479 ι
630 455 650 480 ο
666 456 685 488 ς
719 440 741 490 ζ
750 455 774 479 v
788 454 813 493 y
826 444 870 495 ᾤ.
915 441 948 480 εἰ
970 440 1070 480 κατὰ
1093 437 1183 481 τόδε
1206 443 1344 495 καιροῦ
1363 442 1521 494 σεισμὸς
1534 444 1648 498 γένη-

227 526 317 558 ται,
351 509 411 548 ἐπὶ
444 506 515 558 μὲν
543 510 613 559 τῆς
645 504 727 548 ἄνω
752 506 885 555 Ἀσίας
912 507 1094 563 Βακτρία
1126 507 1290 548 Κασπία
1312 506 1485 562 Σηρική,
1521 510 1581 550 ἐπὶ
1604 510 1649 550 δὲ

228 571 391 626 Λιβύης
403 573 708 627 Τρωγλοδυτικὴ
723 572 860 626 Θῆβαί
873 589 914 614 τε
927 572 1144 628 Αἰγύπτιαι
1162 575 1227 614 καὶ
1246 573 1345 629 πρὸς
1362 574 1500 623 αὐταῖς
1511 573 1647 625 ’Όασις
1658 584 1679 619 5

230 641 275 682 οὗ
297 641 464 695 μετρίως
481 638 775 694 στυγνάσουσιν.
842 640 877 682 οἷ
892 640 968 695 γὰρ
988 644 1220 696 κρατοῦντες
1241 639 1554 696 καταπράξονται
1570 647 1647 684 τῶν

227 707 439 762 εἰρημένων
453 707 624 762 χωρίων,
658 704 712 755 ὥς
729 707 770 756 ἐξ
790 706 1046 761 ἀπογνώσεως
1061 706 1106 748 τὸ
1125 710 1282 760 πλῆθος
1295 707 1558 762 ἕπαναστῆναι
1575 709 1649 749 αὗ-

227 780 322 822 τοῖς.
389 772 439 814 τὰ
458 773 500 814 δὲ
519 773 605 828 ἱερὰ
622 773 956 828 παραβαθήσεται
974 773 1076 815 οὕτω
1092 773 1273 828 βεβήλως
1290 772 1344 823 ὥς
1356 775 1507 828 μηδένα
1523 781 1650 828 τυχεῖν

226 844 306 883 τῶν
330 839 467 892 εὐχῶν.
533 841 598 880 καὶ
627 840 663 880 οἱ
687 840 759 892 μὲν
788 839 1027 893 αὐτόχθονες
1055 838 1192 896 πόρρω
1220 857 1296 882 που
1318 845 1398 882 τῶν
1415 841 1650 896 ἓνεγκουσῶν

227 906 492 960 ἐλαθήσονται
501 937 514 956 ‚
548 906 812 961 στρατεύμασι
835 908 876 948 δὲ
894 911 1154 963 βαρβαρικοῖς
1172 907 1210 948 οἱ
1231 908 1424 963 εἰρημένοι
1442 906 1650 964 ταραχθή-
1661 914 1702 948 10

227 989 364 1016 σονται
391 972 517 1015 τόποι.
583 974 697 1026 λιμὸς
717 968 786 1015 οὖν
807 972 907 1029 ἄρα·
941 979 1025 1023 πῶς
1042 975 1119 1030 γὰρ
1142 973 1253 1027 οὐχί,·
1285 977 1351 1015 καὶ
1371 975 1650 1029 ἐλαττουμένης

224 1044 426 1093 πανταχοῦ
446 1044 518 1093 τῆς
535 1039 722 1096 ἀνδρικῆς
741 1039 915 1097 φύσεως,
946 1039 1004 1082 ὅτι
1025 1040 1142 1096 ἄρρεν
1163 1039 1300 1097 ζῴδιον
1318 1039 1339 1081 ὃ
1359 1040 1484 1096 ζυγός.

351 1106 446 1147 ’Ὴλ
462 1124 474 1146 ι
488 1123 508 1147 ο
524 1124 543 1155 ς
571 1124 596 1148 σ
610 1124 632 1148 κ
646 1124 666 1148 ο
682 1124 704 1162 ρ
718 1125 747 1147 π
762 1109 833 1163 ίῳ.
873 1109 934 1148 ἐπὶ
953 1107 1022 1148 τὸν
1043 1109 1228 1163 σκορπίον
1247 1105 1358 1161 ἡλίου
1381 1107 1649 1160 διαβαίνοντος
1703 1117 1706 1120 “

227 1173 262 1215 εἴ
290 1171 413 1215 σάλον
437 1174 620 1226 γενέσθαι
645 1175 821 1226 συμβαίη
832 1204 845 1223 ,
880 1175 941 1214 ἐπὶ
960 1174 1032 1225 μὲν
1054 1178 1124 1226 τῆς
1149 1173 1231 1214 ἄνω
1246 1174 1379 1222 Ἀσίας
1399 1176 1527 1230 Συρία
1546 1175 1647 1227 μέση

225 1239 312 1292 ἤτοι
334 1239 582 1292 Κομμαγηνὴ
604 1241 669 1279 καὶ
692 1241 876 1290 Κασπία,
919 1241 981 1280 ἐπὶ
1010 1240 1054 1280 δὲ
1069 1237 1266 1295 Εὐρώπης
1280 1239 1426 1281 Ἰταλία
1449 1243 1515 1282 καὶ
1538 1245 1648 1296 Τυρ-
1660 1245 1700 1280 15

225 1307 342 1359 σηνιά
358 1307 423 1347 καὶ
443 1306 515 1354 ἕως
532 1304 716 1355 δύνοντος
730 1303 842 1359 ἡλίου
861 1307 1109 1361 Μαυρουσία
1125 1323 1165 1348 τε
1185 1308 1251 1347 καὶ
1270 1308 1310 1346 Γ
1307 1308 1483 1348 αιτουλία
1497 1307 1649 1362 ἔμπρη-

222 1379 339 1426 σμοῖς
362 1372 540 1426 ἀσχέτοις
561 1371 953 1430 ἕκτεφρωθήσονται,
983 1373 1073 1415 οὐδ’
1099 1373 1229 1415 αὐτῶν
1249 1378 1327 1415 τῶν
1347 1373 1460 1429 ἱερῶν
1479 1389 1650 1429 περισω-

223 1441 394 1492 ζομένων
414 1446 496 1488 τοῖς
516 1437 662 1490 τόποις.
707 1438 874 1493 πόλεμοί
887 1457 927 1482 τε
948 1439 1102 1482 ἔσονται
1124 1440 1277 1494 ἀτυχεῖς
1294 1445 1344 1496 τῇ
1360 1442 1538 1498 νεολαίᾳ,
1564 1441 1649 1482 ἔπι-

223 1509 373 1563 κερὸεῖς
404 1507 448 1548 δὲ
475 1513 557 1555 τοῖς
584 1514 839 1562 στρατηγοῖς·
889 1505 1092 1563 βάρβαροι
1124 1508 1168 1548 δὲ
1199 1508 1413 1556 καθέξουσι
1441 1506 1648 1560 Ῥωμαίοις

222 1572 415 1627 ἀνήκοντα
429 1575 572 1628 χωρία.
612 1575 754 1615 πλείων
770 1575 813 1615 δὲ
828 1573 853 1628 ἦ
873 1574 975 1617 κατὰ
990 1578 1183 1630 γυναικῶν
1198 1580 1280 1624 τοῖς
1295 1572 1499 1630 πράγμασι
1516 1575 1701 1629 ζημιά,20

221 1638 281 1680 ὅτι
302 1644 410 1693 θῆλυ
435 1638 574 1697 ζῴδιον
597 1638 618 1681 ὁ
641 1642 840 1696 σκορπίος.

307 1774 334 1829 ¹}
354 1774 472 1817 Συρία
494 1775 545 1819 R,
568 1773 699 1829 Σιρικήν
722 1776 762 1810 S.
798 1818 808 1831 ,
911 1777 933 1811 7
956 1774 1239 1819 ἐπαναστήσεται
1262 1778 1302 1811 S.
1455 1778 1499 1812 11
1522 1775 1648 1820 λοιμὸς

307 1821 480 1908 ggcgwbc·
581 1821 622 1854 15
644 1831 766 1864 κωμης
784 1821 890 1865 αγίνη
910 1822 953 1855 C.
1092 1821 1276 1865 Τνρνησία
1294 1822 1339 1855 R.
1475 1822 1518 1856 19
1534 1821 1646 1856 καθέ-

214 1985 407 2031 proveniet.
454 1986 543 2020 mala
561 1991 673 2020 autem
693 1986 829 2020 feminis
848 1986 961 2031 potius
980 1986 1071 2020 inter
1091 1985 1276 2020 animantia
1297 1997 1396 2031 quam
1416 1986 1564 2021 maribus
1586 1999 1642 2022 ac-

214 2031 346 2064 cident:
371 2041 447 2063 nam
468 2031 567 2074 virgo
589 2031 770 2065 femineum
793 2032 926 2075 signum
946 2036 1010 2065 est.

302 2074 359 2109 57.
407 2075 484 2107 Sol
518 2075 649 2109 libra.
698 2087 760 2121 per
784 2075 821 2110 id
843 2082 974 2119 tempus
997 2076 1028 2109 si
1049 2077 1087 2110 fit
1109 2080 1352 2119 terraemotus,
1382 2075 1419 2108 in
1440 2074 1522 2108 Asia
1539 2087 1646 2120 supe-

217 2119 310 2153 riore
331 2119 470 2153 Bactria
490 2121 618 2164 Caspia
638 2121 778 2163 Serica,
800 2121 836 2154 in
854 2120 970 2153 Africa
990 2126 1102 2154 autem
1125 2121 1388 2165 Troglodytica‚
1414 2120 1556 2154 Thebae
1574 2123 1643 2154 Ae-

217 2163 379 2209 gyptiae,
400 2165 443 2197 ad
467 2164 551 2197 baec
573 2176 708 2209 quoque
731 2166 851 2208 Oasis,
869 2165 1023 2199 molestia
1041 2166 1129 2199 haud
1150 2165 1312 2200 mediocri
1329 2164 1534 2199 afficientur.
1568 2177 1644 2200 nam

218 2209 428 2243 dominantes
451 2207 486 2241 in
509 2208 593 2242 locis
616 2209 682 2243 illis
715 2210 897 2244 conficient
929 2222 989 2254 ea,
1023 2216 1060 2244 ut
1086 2210 1263 2245 multitudo
1291 2212 1470 2254 desperata
1498 2210 1644 2244 rebella-

217 2258 295 2288 tura
321 2253 366 2287 sit
390 2253 554 2287 adversus
579 2254 688 2298 ipsos.
735 2262 1096 2299 sacra‘pervertentur
1115 2261 1184 2289 tam
1206 2255 1406 2300 inexpiabili
1428 2255 1573 2299 scelere,
1606 2260 1643 2289 ut

218 2302 337 2343 optata
366 2297 606 2342 impetraturus
639 2311 735 2332 nemo
768 2300 826 2333 sit.
874 2300 1055 2343 indigenae
1086 2300 1202 2344 procul
1225 2312 1246 2334 a
1269 2299 1465 2334 civitatibus
1487 2299 1558 2333 suis
1580 2311 1642 2332 ex-

218 2343 507 2384 terminabuntur;
531 2344 737 2377 exercitibus
758 2345 913 2378 barbaris
934 2346 1025 2379 dicta
1048 2346 1337 2380 conturbabuntur
1356 2345 1448 2387 loca,
1470 2345 1644 2387 famesque

218 2388 364 2432 (quidni
387 2399 455 2422 non
476 2389 592 2431 fiam)
615 2390 859 2442 subsequetur,
885 2391 1098 2434 quantumvis
1120 2391 1258 2424 redacta
1280 2391 1323 2424 ad
1338 2389 1544 2434 paucitatem
1566 2389 1643 2422 ubi-

218 2444 284 2478 que
306 2433 397 2478 pube
419 2433 583 2467 mascula:
614 2444 688 2467 nam
709 2445 842 2476 mgnum
865 2435 1046 2470 masculum
1067 2436 1156 2469 libra
1179 2440 1244 2468 est.

307 2477 384 2511 Sol
407 2478 659 2522 scorpione.
706 2478 756 2512 sol
775 2480 908 2523 quando
927 2492 989 2525 per
1007 2481 1219 2526 scorpionem
1236 2478 1360 2513 transit
1374 2478 1641 2523 quassationem-

216 2533 285 2566 que
313 2522 478 2566 contingit
510 2523 604 2566 fieri,
638 2523 674 2556 in
695 2523 777 2557 Asia
798 2525 976 2567 superiore
999 2525 1104 2568 Syria
1130 2524 1239 2559 media
1262 2524 1337 2557 sive
1360 2524 1586 2568 Commagene
1607 2528 1643 2556 et

216 2567 363 2611 Caspia,
395 2568 430 2600 in
461 2569 604 2611 Europa
633 2568 733 2602 Italia
761 2569 990 2614 Etruriaque‚
1027 2576 1062 2604 et
1095 2570 1138 2603 ad
1169 2569 1378 2603 occidentem
1407 2568 1511 2602 solem
1533 2578 1642 2612 usque

216 2612 426 2646 Mauritania
448 2618 483 2646 et
504 2613 664 2647 Gaetulia
688 2613 855 2647 incendiis
888 2615 1144 2649 vehementibus
1173 2615 1451 2657 conflagrabant,
1489 2625 1533 2647 ne
1554 2612 1639 2657 ipsis

217 2657 353 2700 quidem
385 2657 475 2690 fanis
509 2668 572 2702 per
599 2663 728 2693 tractus
754 2657 829 2692 illos
861 2658 1093 2694 incolumibus.
1138 2658 1227 2693 bella
1250 2664 1349 2692 erunt
1369 2658 1563 2703 perniciosa
1583 2657 1638 2691 iu-

217 2702 370 2745 ventuti,
402 2702 537 2736 lucrosa
567 2702 725 2738 ducibus:
761 2704 899 2738 barbari
929 2704 1004 2738 loca
1032 2706 1206 2739 Romanae
1237 2703 1383 2738 dicionis
1411 2704 1636 2748 occupabunt.

216 2746 323 2780 maius
355 2751 467 2781 autem
498 2746 564 2782 erit
590 2747 627 2781 in
657 2748 710 2782 his
741 2749 842 2783 rebus
875 2749 1050 2784 mulierum
1072 2750 1332 2794 detrimentum,
1357 2748 1436 2793 quia
1457 2748 1638 2782 femineum

217 2790 350 2835 signum
373 2796 426 2826 est
448 2791 597 2838 scorpio.
