1748 3210
225 224 321 269 212
740 221 960 265 IOANNIS
994 219 1127 263 LYDI

222 333 353 392 νόμῳ,
386 335 454 377 τὸν
483 332 807 388 κομμενταρῖσιον
835 329 1118 388 μυστογροῖφον
1141 330 1354 387 λαμβάνων
1379 332 1425 375 τὸ
1448 331 1640 390 πρακτέον

223 404 425 458 ἐπέτρεπεν
457 402 577 456 αὐτῷ.
643 398 664 439 ὃ
701 399 743 439 δὲ
775 402 866 439 λ...
895 399 964 439 τὸν
993 397 1224 441 πιστότατον
1255 399 1339 453 ἅμα
1362 416 1543 454 ...μενον
1562 403 1640 442 τῶν

223 472 373 511 οἶκείων
395 467 696 522 χαρτουλαρίων
723 465 968 520 παραλαβών
990 466 1090 518 μεθ’
1117 464 1282 517 ἑαυτοῦ,
1311 465 1523 523 ὑπηγόρευε
1539 465 1639 508 ‘Pw-

221 539 374 590 μαϊκῶν
403 535 528 587 ὀγκιῦν
560 531 744 589 ῥημάτων
775 532 820 573 τὸ
852 535 1090 586 antimum,
1213 527 1303 574 ὦπα
1327 538 1403 575 τῶν
1427 534 1469 575 ἐκ
1492 532 1639 583 τάξεως

221 599 493 656 πιστικωτάτῳ
513 598 597 653 ἅμα
617 601 684 640 καὶ
710 599 959 654 διαπρέποντι
989 597 1304 650 καταπιστεῦων,
1335 598 1463 655 ὥσπερ
1486 603 1670 654 ποηνῶν5

220 669 289 710 τὸν
308 665 646 722 ἀγανακτούμενον
662 671 856 720 παριστᾶν
876 671 930 722 τῷ
947 664 1112 720 βήματι.
1158 670 1229 720 τῆς
1248 666 1291 707 δὲ
1305 667 1506 719 βασιλείας
1522 667 1640 707 ἐπιει-

221 736 328 783 κείας
355 736 419 775 καὶ
445 738 515 787 τῆς
538 738 617 774 τῶν
635 731 834 788 ἀρχόντων
851 732 905 774 ἔτι
927 735 1014 789 περὶ
1036 734 1130 783 τοὺς
1148 731 1346 786 ὑπηκόους
1362 736 1528 788 στοργῆς
1545 747 1641 786 συγ-

220 799 378 856 γνώμης
421 801 615 849 ἄξιουσῶν
651 800 745 848 τοὺς
781 800 1127 855 καταρρηθὲντας,
1174 800 1276 849 εἰκὸς
1306 794 1356 854 ἦν
1382 798 1452 840 τὸν
1481 799 1643 840 ἐλευθε-

222 868 412 924 ροῦμενον
440 867 687 923 εὐχαριστίας
719 867 776 907 δι’
808 867 937 908 αὐτῶν
966 871 1045 909 τῶν
1073 867 1197 924 ἔργων
1226 873 1309 916 τοῖς
1331 866 1470 921 μέσοις
1496 863 1642 918 ὁμολο-

218 941 298 990 γεῖν
1653 935 1696 970 10

358 1000 432 1045 19.
500 1001 583 1041 Καὶ
605 1003 776 1053 συνῆπτο
796 998 936 1052 σχεδὸν
955 1003 1012 1057 τῷ
1029 1000 1187 1057 σκρινίῳ
1205 1003 1285 1042 τῶν
1307 998 1503 1053 κομέντων
1525 995 1547 1039 ὅ
1570 1013 1644 1039 κα-

219 1067 406 1121 λούμενος
440 1065 805 1122 ῗνστρουμεντάριος
839 1066 951 1119 (ἀντὶ
981 1072 1051 1109 τοῦ
1076 1065 1337 1123 χαρτοφύλαξ
1366 1070 1444 1108 τῶν
1477 1064 1644 1120 ἀρχείων

218 1139 291 1178 τοῦ
321 1134 602 1188 δικαστηρίου)
635 1135 689 1180 εἷς
717 1133 761 1173 τὸ
788 1131 1031 1189 ὑπογράφειν
1057 1135 1123 1175 καὶ
1151 1137 1325 1189 πληροῦν
1352 1132 1426 1181 τὰς
1451 1129 1643 1186 ψήφους’

219 1203 286 1244 καὶ
309 1205 442 1255 χῶρος
466 1200 537 1251 μὲν
569 1199 678 1254 αὐτῷ
709 1199 749 1239 ἓν
782 1202 839 1254 τῷ
871 1199 1118 1255 ἷπποδρομίῳ
1155 1197 1232 1240 ὑπὸ
1263 1203 1319 1256 τῷ
1343 1202 1414 1252 τῆς
1441 1197 1644 1251 βασιλείας

217 1266 370 1321 βήματι
395 1267 456 1307 ἐπὶ
481 1265 549 1306 τὸν
569 1263 683 1306 νότον
704 1264 796 1320 ἄχρι
818 1269 889 1317 τῆς
909 1266 1150 1318 καλουμένης
1181 1263 1396 1320 σφενδόνης
1413 1264 1455 1314 ἔξ
1476 1263 1640 1320 ἀρχαίου
1655 1267 1696 1302 15

217 1331 570 1390 παρακεχώρηται,
603 1330 732 1373 πάντα
765 1331 807 1372 δὲ
832 1331 882 1372 τὰ
916 1331 994 1372 ἀπὸ
1023 1335 1094 1385 τῆς
1121 1332 1325 1384 βασιλείας
1355 1329 1576 1378 Οὐάλεντος
1603 1331 1644 1370 ἓν

214 1407 298 1450 τοῖς
321 1399 408 1442 τότε
431 1401 628 1454 μεγίστοις
650 1399 915 1453 δικαστηρίοις
931 1398 1183 1454 πεπραγμένα
1203 1395 1347 1440 αὐτόθι
1370 1394 1546 1448 σώζεται,
1579 1397 1646 1437 καὶ

215 1475 299 1517 τοῖς
315 1467 558 1520 ἐπιζητοῦσιν
581 1464 705 1515 οὕτως
729 1466 831 1507 ἐστὶν
856 1466 992 1518 ἕτοιμα
1013 1464 1105 1507 ὥσεὶ
1119 1466 1223 1519 χθὲς
1245 1464 1364 1518 τυχὸν
1380 1463 1646 1519 πεπραγμένα.
1704 1505 1708 1510 ,

215 1533 393 1576 ἀπώλετο
415 1534 458 1574 δὲ
481 1535 546 1574 καὶ
570 1532 689 1581 αὐτὸς
708 1530 728 1573 ὃ
752 1530 1136 1587 ἰνστρουμεντάριος,
1166 1534 1231 1573 καὶ
1252 1531 1397 1588 ἕρημος
1415 1529 1442 1585 ἦ
1464 1530 1645 1585 καθέδρα

214 1602 333 1654 μένει,
358 1598 493 1653 μόνοις
509 1600 677 1647 οἰκέταις
694 1599 930 1651 ἀναμένουσι
950 1598 1042 1648 τοὺς
1058 1600 1314 1652 κεκτημένους
1332 1596 1642 1653 ἕγκεχωρημένη·
1653 1604 1699 1638 20

217 1666 462 1725 διαγνώσεως
490 1667 566 1721 γὰρ
598 1667 669 1707 οὐκ
702 1665 843 1718 οὔσης,
874 1665 901 1719 ἢ
937 1665 1058 1707 ἄλλου
1090 1667 1284 1722 πρακτέου
1303 1665 1408 1714 τινὸς
1430 1664 1533 1713 εἰκὸς
1554 1663 1645 1704 οὐδὲ

303 1804 394 1839 unde
429 1803 599 1846 integrum
634 1802 757 1836 mansit
793 1802 860 1835 οὖν
896 1797 920 1845 ἢ
932 1827 942 1844 ,
981 1806 1016 1837 et
1050 1801 1347 1845 κομμενταρίσιον
1376 1798 1644 1844 μυστογρᾶφον,

302 1850 394 1883 unde
416 1848 539 1881 mansit
557 1845 662 1890 η’σιον
683 1857 786 1890 μυστ.
953 1848 976 1880 2
996 1847 1134 1881 videtur
1156 1848 1263 1881 fuisse
1283 1845 1412 1880 λαθὼν
1432 1847 1577 1880 τοῦτον.
1597 1847 1643 1880 F.

302 1894 440 1928 videtur
465 1892 572 1925 fuisse
600 1891 662 1926 καὶ
691 1889 843 1934 μάλιστα
872 1890 1066 1934 τετιμένον.
1098 1893 1143 1925 F.
1321 1892 1344 1925 4
1374 1891 1452 1934 lego
1474 1890 1644 1934 σύνθημα

302 1935 387 1972 κατ’
413 1932 506 1970 ὦπα.
530 1939 575 1971 F.
714 1939 756 1971 10
779 1941 859 1981 post
884 1934 1071 1979 ὁμολογεῖν
1089 1936 1219 1981 aliquot
1234 1935 1357 1969 literae
1372 1935 1573 1970 exstinctae.
1597 1937 1642 1969 F.

302 1985 346 2018 12
368 1979 501 2024 ἀρχέων
526 1982 568 2015 C.
750 1983 792 2015 15
813 1979 1018 2023 σφενδόνος
1040 1982 1082 2015 C.
1244 1982 1289 2015 20
1311 1978 1574 2025 ἐκκεχωρημένη
1598 1981 1642 2013 C.

302 2029 346 2062 21
367 2026 570 2070 πρακταίου
594 2026 637 2060 C.
774 2024 888 2070 εἰκὸς]
912 2037 948 2060 v.
973 2026 1016 2061 ad
1036 2038 1073 2071 p.
1095 2026 1162 2059 202
1186 2027 1241 2060 19.

212 2161 287 2184 rum
310 2148 476 2194 quendam
506 2147 576 2189 legi
599 2147 745 2188 sistere,
781 2148 1115 2182 commentariensem
1146 2147 1292 2182 scribam
1322 2150 1454 2182 secreto
1477 2148 1644 2192 sumebat,

213 2196 315 2239 eique
336 2193 509 2236 negotium
532 2192 763 2236 permittebat.
812 2192 866 2224 hic
889 2197 1018 2235 autem,
1050 2193 1141 2226 illum
1162 2193 1291 2236 latens,
1315 2194 1492 2238 adsumpto
1514 2193 1642 2226 fidelis-

214 2241 298 2275 simo
321 2237 419 2271 simul
438 2243 474 2270 et
490 2237 634 2270 maxime
656 2237 820 2269 honorato
841 2237 882 2269 de
902 2238 973 2270 suis
992 2238 1221 2281 chartulariis,
1241 2238 1346 2271 latino
1367 2249 1520 2271 sermone
1537 2249 1645 2280 grave

215 2284 395 2328 synthema
428 2282 597 2323 dictabat,
633 2292 744 2313 coram
777 2282 1030 2326 apparitoribus
1063 2282 1259 2316 fidelissimo
1291 2283 1388 2316 simul
1419 2288 1455 2315 et
1483 2283 1645 2316 eminenti

211 2329 374 2364 mandans
400 2351 434 2361 ..
450 2351 459 2360 .
483 2332 522 2359 ut
549 2325 776 2368 indignationi
810 2327 991 2360 obnoxium
1021 2328 1063 2360 ad
1093 2327 1240 2360 tribunal
1272 2328 1466 2361 adduceret.
1522 2327 1644 2370 quodsi

212 2373 429 2418 imperatoris
450 2371 662 2414 benignitas,
689 2376 724 2404 et
746 2371 803 2413 qui
827 2371 930 2404 etiam
951 2377 1021 2405 tum
1044 2378 1115 2405 erat
1136 2372 1390 2415 magistratuum
1413 2372 1450 2404 in
1472 2372 1644 2405 subiectos

213 2430 326 2462 amor,
350 2419 522 2451 damnatos
546 2415 648 2449 venia
667 2416 883 2459 dignassent‚
911 2428 1051 2451 necesse
1069 2422 1145 2451 erat
1161 2416 1340 2451 liberatum
1359 2427 1397 2449 re
1417 2417 1495 2461 ipsa
1513 2417 1641 2450 media-

211 2464 346 2498 toribus
371 2461 514 2506 gratiam
539 2460 694 2505 polliceri
717 2484 727 2493 .
743 2485 752 2493 .
768 2484 778 2493 .

302 2509 356 2542 19.
405 2508 542 2540 Iunctus
568 2516 702 2550 quoque
726 2509 986 2540 commentorum
1013 2506 1159 2550 scrinio,
1182 2506 1242 2550 qui
1267 2505 1558 2540 instrumentarius
1582 2505 1642 2548 (id

211 2557 266 2587 est
286 2553 581 2586 instrumentorum
604 2550 722 2583 iudicii
746 2552 886 2594 custos)
918 2551 1113 2594 dicebatur,
1137 2551 1231 2584 cuius
1255 2562 1373 2584 munus
1398 2556 1474 2584 erat
1491 2550 1641 2584 subscri-

210 2599 295 2632 bere
322 2603 356 2631 εί,
379 2596 547 2641 complere
568 2595 770 2629 sententias.
818 2601 851 2629 et
882 2595 976 2630 locus
1006 2597 1140 2640 quidem
1174 2595 1207 2630 ei
1237 2595 1273 2629 in
1304 2596 1546 2640 hippodromo,
1579 2596 1641 2629 sub

211 2643 428 2687 imperatoris
449 2641 622 2683 tribunali,
648 2640 823 2674 meridiem
845 2652 978 2685 versus,
1002 2652 1110 2694 usque
1133 2642 1177 2675 ad
1201 2641 1417 2684 Σφενδόνην
1439 2641 1638 2683 (Fundam),

210 2693 249 2721 ut
266 2692 411 2729 vocant,
448 2686 633 2731 antiquitus
662 2686 845 2719 attributus
868 2690 933 2719 est.
979 2697 1091 2720 omma
1114 2692 1225 2720 autem
1251 2687 1295 2720 ab
1318 2686 1461 2730 imperio
1486 2684 1641 2719 Valentis

209 2732 247 2765 in
269 2732 423 2765 maximis
446 2737 516 2764 tum
538 2731 673 2764 iudiciis
695 2736 771 2764 acta
794 2730 844 2764 ibi
869 2736 1069 2774 servantur,
1100 2737 1246 2775 suntque
1269 2731 1510 2776 quaerentibus
1534 2729 1582 2762 ita
1604 2728 1640 2762 in

209 2782 368 2821 promptu
392 2776 488 2821 quasi
513 2787 599 2820 quae
621 2776 696 2809 heri
717 2777 806 2809 sorte
828 2780 903 2809 acta
924 2777 1053 2810 forent.
1100 2776 1204 2821 periit
1232 2787 1316 2810 vero
1343 2780 1379 2810 et
1406 2776 1481 2820 ipse
1511 2775 1640 2808 instru-

210 2822 413 2866 mentarius,
434 2822 638 2867 desertaque
661 2821 826 2856 cathedra
847 2827 979 2866 manet,
1003 2821 1114 2856 servis
1135 2826 1265 2856 tantum
1285 2820 1472 2865 locupletes
1499 2829 1638 2854 manen-
