1748 3210
399 207 475 250 DE
503 202 951 250 MAGISTRATIBUS
983 177 1035 246 Ρζ
1055 202 1110 245 R.
1142 200 1246 244 Lm.
1275 175 1351 244 111.
1511 200 1607 246 221

152 319 224 366 διὰ
243 323 323 365 τῶν
341 319 467 378 ἔργων
483 319 510 376 ἦ
530 337 571 363 τε
591 325 663 374 τῆς
678 318 946 376 παραμυθίας
963 317 1026 359 ἐπὶ
1047 323 1130 367 τοῖς
1145 313 1275 373 ἴργοις
1295 314 1491 372 ἀφθονία.
1545 312 1608 356 ἴν-

153 395 228 434 &ev
243 389 376 447 ὥσπερ
395 391 696 446 ἀναπτερωθεὶς
714 389 776 430 ἐπὶ
794 387 889 436 τοὺς
902 385 1136 442 λεγομένους
1154 383 1372 442 ἆσηκρήτις
1390 388 1463 438 τῆς
1482 382 1586 436 αὗλῆ
1589 400 1608 432 ς

140 458 382 515 «ἠπειγόμην.
453 458 558 513 (28)
587 456 608 499 ὃ
630 458 675 499 δὲ
691 454 892 506 Ζωτικός,
925 451 1224 508 ὕποβάλλοντος
1249 453 1358 510 αὐτῷ
1381 457 1453 495 τοῦ
1475 450 1608 493 πάντα

148 531 330 584 χρηστοῦ
347 529 414 569 καὶ
435 527 627 576 ἐπιεικοῦς
648 527 906 583 φιλομαθοῦς
924 541 966 566 τε
990 525 1057 566 καὶ
1076 520 1303 581 φιλοσόφου
1322 520 1392 564 τὸν
1407 523 1496 575 βίον
1507 521 1609 574 Ἀμ-

116 600 311 651 εμιανοῦ,
338 597 404 638 καὶ
423 593 597 651 γαμετήν
614 611 684 648 μοι
703 598 902 649 περιποιεῖ
914 589 1057 635 ἑκατόν
1069 609 1140 646 μοι
1157 593 1328 648 χρυσίου
1345 595 1491 647 λιτρῶν
1507 589 1606 647 φέρ-

149 681 222 719 νην
242 662 547 720 προσάγουσαν,
580 663 632 705 τὰ
661 663 705 704 δὲ
732 661 837 703 ἄλλα
859 662 1064 718 κρείττονα
1093 665 1173 702 τῶν
1194 658 1406 714 ὃτεὸήποτε
1439 660 1502 700 ἐπὶ
1524 675 1606 700 σω-

150 731 334 790 φροσύνῃ
354 732 674 786 θαυμαζομένων
692 734 902 786 γυναικῶν.
971 730 1048 786 ἐγὼ
1079 730 1122 771 δὲ
1152 730 1357 786 κρείττονα
1378 731 1515 784 πολλῷ
1534 730 1608 770 τοῦ

144 799 295 857 χρόνου
323 799 533 858 προϊόντος
554 801 719 852 ἐλπίζων
740 803 980 856 προσελθεῖν
1001 814 1071 852 μοι
1095 797 1146 839 τὰ
1165 796 1383 855 πράγματα
1391 830 1404 849 ,
1440 801 1511 851 τῆς
1533 796 1606 850 μὲν

149 871 212 911 ἐπὶ
234 869 307 926 τὴν
325 869 450 924 αὐλὴν
467 870 648 924 σπουδῆς
670 866 915 922 ἀπεσχόμην,
941 866 1033 908 ὅλον
1052 866 1099 908 δέ
1114 883 1194 920 μου
1215 865 1284 908 τὸν
1303 868 1394 919 βίον
1410 870 1458 922 τῇ
1478 881 1607 922 στρα-

94 945 139 980 10
150 939 234 998 τείᾳ
255 937 536 995 παρεχώρησα.
603 940 683 979 τῶν
704 931 775 978 οὖν
799 938 942 978 κοινῶν
960 932 1151 977 τοιούτοιν
1174 934 1524 976 ἀποτελεσθέντων
1542 934 1607 974 ἐπὶ

147 1011 268 1049 πᾶσιν
288 1004 435 1049 ὁποίων
457 1003 477 1047 ὅ
499 1003 617 1061 λόγος
640 1002 929 1059 ἐμνημόνευσε,
962 1005 1030 1045 καὶ
1059 1002 1106 1045 τὸ
1135 1003 1273 1045 λοιπὸν
1305 1009 1389 1052 τοῖς
1419 1006 1605 1058 λογικοῖς,

147 1073 203 1125 ’ὥς
219 1075 264 1117 τὸ
285 1076 400 1131 πρίν,
447 1078 520 1128 τῆς
542 1071 667 1128 τύχης
693 1072 1040 1129 ἀπαρεσκομένης,
1075 1072 1248 1126 ἐμίσησα
1274 1071 1348 1125 τὴν
1379 1072 1604 1126 στρατείαν,

143 1141 238 1184 ὅλον
258 1142 430 1197 ἐμαυτὸν
447 1148 531 1191 τοῖς
547 1143 721 1196 βιβλίοις
739 1139 892 1191 ἐκδούς.
959 1140 1078 1196 γνοὺς
1101 1141 1143 1182 δὲ
1163 1138 1183 1181 ὅ
1201 1139 1395 1194 βασιλεὺς
1412 1139 1485 1194 τὴν
1505 1139 1604 1193 ε’μὴν

143 1212 232 1268 περὶ
251 1211 346 1261 τοὺς
363 1209 506 1266 λόγους
525 1211 745 1268 ἀγρυπνίαν
753 1241 766 1261 ,
797 1213 957 1266 πρῶτον
981 1210 1054 1262 μὲν
1074 1206 1268 1264 ἐγκώμιον
1291 1211 1411 1250 εἰπεῖν
1429 1225 1478 1261 με
1502 1207 1605 1263 πρὸς

92 1284 134 1320 15
146 1275 268 1322 αὖτὸν
291 1280 531 1333 κατηξίωσε,
567 1277 776 1336 παρόντων
802 1278 845 1319 ἔκ
871 1276 995 1332 τύχης
1027 1279 1093 1319 καὶ
1123 1280 1204 1319 τῶν
1231 1276 1310 1318 ἀπὸ
1333 1281 1404 1331 τῆς
1423 1278 1603 1330 μείζονος

135 1346 295 1402 εΡώμης
317 1346 526 1402 λογάδων,
569 1344 630 1397 οἷς
663 1346 723 1388 ἀεὶ
754 1346 887 1400 μέλει,
932 1347 998 1387 καὶ
1025 1350 1143 1388 τοῦτο
1173 1349 1496 1402 ταλαιπωροῦσι,
1532 1349 1604 1399 τῆς

143 1418 233 1473 περὶ
251 1414 394 1472 λόγους
414 1417 605 1470 σπουδῆς.
673 1410 722 1457 οὗ
746 1415 956 1470 γενομένου
987 1417 1053 1456 καὶ
1085 1413 1319 1471 συγγράψαι
1339 1431 1388 1467 με
1411 1414 1480 1455 τὸν
1502 1413 1604 1469 πρὸς

142 1485 310 1541 Πέρσας
344 1486 513 1537 αἲσίμως
543 1484 654 1541 αὐτῷ
677 1484 936 1540 χειρισθέντα
966 1481 1140 1536 πόλεμον
1163 1481 1501 1540 παρεκελεύσατο,
1539 1481 1602 1524 ὅτε

142 1551 290 1610 Λάραν
309 1552 381 1607 τὴν
400 1551 528 1604 πόλιν,
562 1551 612 1606 ἣν
632 1550 652 1594 ὅ
671 1552 795 1601 πολὺς
808 1550 1069 1601 Ἀναστάσιος
1085 1558 1173 1601 ταῖς
1192 1550 1366 1608 φάρυγξι
1383 1556 1463 1593 τῶν
1484 1555 1604 1592 πολε-

86 1623 244 1676 ὶθμίων
266 1622 516 1673 ἐπιτέθεικεν,
543 1621 794 1675 ἐνοχλοῦντες
815 1638 830 1662 ε
844 1652 855 1662 .
869 1651 880 1662 .
896 1651 907 1662 .
935 1620 981 1661 οὗ
1002 1620 1105 1673 μετὰ
1125 1625 1275 1677 μικρᾶς
1297 1621 1439 1675 ζημίας
1458 1618 1601 1662 ὑπενό-

139 1706 312 1745 στησαν,
349 1689 420 1732 οὐκ
439 1690 503 1731 ἐπ’
529 1689 656 1732 αὐτοῦ’
673 1687 794 1732 πάλιν
812 1687 1094 1746 προελθόντες.

229 1831 253 1867 3
270 1830 340 1864 τοῦ
357 1831 402 1874 F,
425 1828 473 1864 τὰ
492 1830 536 1865 C.
687 1831 709 1865 5
734 1828 866 1864 ἑκατὸν
884 1826 951 1873 μὲν
967 1829 1051 1873 χρ]
1211 1829 1233 1863 8
1252 1828 1365 1862 malim
1387 1829 1599 1871 προελθεῖν.

227 1878 250 1911 9
272 1873 462 1932 ἀπε-κόμην
479 1877 597 1921 vulgo.
757 1877 824 1919 τῆς
845 1876 1037 1920 στρατείας
1055 1875 1098 1909 G.
1256 1877 1296 1908 11
1323 1871 1458 1908 ὁποῖον
1480 1875 1599 1917 vulgo.

230 1923 274 1957 12
295 1923 373 1967 lego
394 1919 544 1967 ουχώς.
570 1924 616 1957 F.
756 1923 800 1957 16
823 1918 881 1955 οἷεὶ
900 1923 1001 1965 μελεῖ
1021 1922 1065 1965 F,
1090 1917 1311 1963 οἷ...με’λλει
1335 1922 1378 1954 C.
1474 1922 1515 1955 18
1540 1921 1600 1952 αἰ-

228 1977 326 2011 σμως
344 1968 387 2002 C.
526 1969 567 2003 19
591 1969 621 2002 C
639 1992 649 2002 .
676 1992 687 2001 .
708 1992 718 2002 .
733 1967 870 2010 ρυγξιν.
919 1969 1039 2000 eadem
1060 1968 1170 2000 verba
1193 1971 1379 1999 occurrunt
1401 1967 1422 2000 3
1446 1966 1504 2001 47.
1552 1967 1597 2002 F.
1616 1975 1620 1979 ”

226 2014 272 2048 20
288 2013 366 2058 lego
387 2010 542 2048 ἐκεῖθεν.
562 2015 607 2048 F.
655 2014 699 2048 21
713 2011 825 2047 πάλιν
842 2012 1055 2047 coniectura.
1079 2012 1116 2046 in
1137 2013 1166 2046 C
1184 2012 1309 2046 literae
1328 2011 1533 2046 exstinctae.
1550 2013 1597 2046 F.

135 2138 201 2172 bus
225 2136 347 2182 gloria,
370 2140 441 2171 tum
465 2136 581 2171 solatii
605 2135 642 2170 in
665 2135 710 2170 iis
733 2135 957 2170 abundantia.
1005 2135 1152 2181 deinde,
1188 2136 1289 2181 quasi
1311 2135 1495 2181 assumptis
1520 2136 1598 2180 alis,

137 2185 182 2218 ad
215 2196 237 2217 a
267 2183 414 2217 secretis
449 2184 514 2226 (ut
545 2183 695 2225 vocant)
731 2182 829 2216 aulae
861 2183 1103 2228 properabam.
1171 2182 1264 2226 (28)
1297 2182 1440 2216 Zoticus
1471 2188 1598 2225 autem,

137 2229 275 2263 adiutus
309 2231 353 2263 ab
385 2229 514 2274 optimo
548 2239 690 2273 prorsus
716 2234 751 2262 et
775 2229 921 2262 humano
951 2228 1197 2273 literarumque
1227 2235 1362 2262 amante
1391 2234 1427 2262 et
1455 2228 1492 2262 in
1523 2229 1599 2262 vita

135 2274 295 2319 sapiente
325 2275 524 2318 Ammiano,
558 2286 700 2308 uxorem
734 2285 871 2319 quoque
903 2274 987 2307 mihi
1017 2274 1199 2318 conciliat,
1242 2281 1378 2308 centum
1408 2274 1492 2308 mihi
1520 2275 1598 2308 auri

134 2320 301 2354 librarum
332 2322 446 2355 dotem
475 2321 665 2364 ferentem,
707 2325 859 2355 ceterum
891 2320 1067 2364 omnibus,
1108 2332 1252 2365 quorum
1284 2331 1433 2365 unquam
1460 2320 1498 2354 in
1532 2321 1596 2354 ad-

135 2365 319 2400 miratione
351 2367 520 2412 pudicitia
552 2367 640 2409 fuit,
681 2365 880 2400 mulieribus
942 2371 1164 2400 raestantem.
1221 2379 1286 2410 ego
1325 2377 1411 2400 vero
1449 2377 1599 2411 sperans

134 2413 213 2446 fore
251 2418 290 2446 ut
327 2424 490 2447 successu
525 2411 692 2457 temporis
726 2412 831 2446 multo
869 2379 1013 2446 melliora
1050 2412 1135 2446 mihi
1171 2413 1432 2455 contingerent,
1472 2411 1596 2445 relicto

134 2457 235 2492 aulae
264 2459 380 2493 studio
410 2465 519 2494 totam
553 2459 660 2492 vitam
689 2470 798 2492 meam
821 2458 964 2492 militiae
984 2458 1106 2492 tribui.
1162 2464 1344 2504 postquam
1370 2457 1480 2502 igitur
1508 2457 1596 2491 tales

135 2504 272 2538 omnino
296 2506 410 2540 factae
441 2511 522 2539 sunt
548 2517 605 2539 res
635 2504 796 2550 publicae
824 2504 943 2549 quales
977 2516 1036 2538 eas
1064 2504 1305 2548 exposuimus,
1335 2505 1476 2537 fortuna
1495 2503 1596 2537 dein-

135 2561 218 2595 ceps
244 2549 391 2585 literatis
420 2563 509 2595 non,
545 2556 584 2585 ut
610 2557 732 2594 antea,
768 2555 1015 2594 succensente,
1051 2561 1197 2595 perosus
1223 2549 1378 2584 militiam
1408 2555 1518 2583 totum
1541 2561 1596 2583 me

134 2595 234 2630 libris
256 2596 399 2632 tradidi.
443 2597 634 2643 imperator
657 2602 771 2631 autem
795 2609 870 2631 cum
891 2608 945 2630 me
965 2596 1077 2630 literis
1098 2595 1246 2640 vigilare
1265 2594 1500 2639 cognovisset,
1519 2595 1594 2640 pri-

134 2644 224 2675 mum
246 2642 383 2686 quidem
406 2643 545 2688 dignum
562 2655 616 2678 me
636 2643 758 2677 habuit
778 2643 839 2688 qui
855 2642 1087 2676 laudationem
1110 2643 1154 2676 ad
1175 2642 1288 2686 ipsum
1306 2642 1468 2685 dicerem,
1490 2653 1598 2686 prae-

134 2687 290 2722 sentibus
319 2689 410 2723 forte
441 2694 478 2723 et
507 2690 647 2724 maioris
677 2690 809 2724 Romae
832 2688 1060 2734 primoribus,
1085 2688 1223 2733 ,quibus
1247 2699 1403 2732 semper,
1437 2688 1593 2732 quamvis

133 2733 298 2778 afflictis,
325 2746 428 2768 curae
453 2739 506 2769 est
529 2735 707 2770 literarum
729 2735 892 2770 studium.
940 2746 1007 2779 quo
1030 2736 1124 2768 facto
1150 2740 1186 2768 et
1215 2740 1336 2768 contra
1357 2733 1484 2767 Persas
1509 2745 1530 2767 a
1552 2746 1592 2767 se

131 2778 284 2813 feliciter
307 2780 577 2816 administratum
600 2782 726 2817 bellum
747 2782 903 2816 scribere
922 2793 974 2814 me
991 2780 1117 2822 iussit3
1149 2791 1217 2826 quo
1241 2786 1398 2825 tempore
1422 2790 1496 2813 cum
1518 2779 1590 2813 Da-

131 2835 206 2860 ram
229 2827 367 2871 urbem,
398 2838 498 2872 quam
518 2827 628 2862 clarus
646 2828 850 2862 Anastasius
880 2827 1040 2861 faucibus
1064 2826 1212 2861 hostium
1236 2825 1420 2870 imposuit,
1450 2827 1591 2860 turbas-

132 2876 223 2914 sent,
249 2872 341 2907 haud
363 2884 472 2918 parvo
491 2885 567 2908 cum
585 2875 708 2910 damno
728 2874 812 2910 inde
830 2874 962 2918 abiere,
986 2874 1051 2908 sub
1074 2885 1116 2908 eo
1138 2873 1289 2908 nondum
1305 2871 1453 2907 reversi.
