1748 3210
350 201 426 244 DE
457 198 900 243 MAGISTRATIBUS
933 199 982 243 P.
1003 198 1056 243 R.
1091 198 1193 241 LIB.
1225 194 1304 243 111.
1454 199 1550 247 241
1597 164 1600 165 ⁷

106 314 226 374 ἔφην,
265 315 333 357 καὶ
356 313 511 368 μηδένα
539 318 619 356 τῶν
646 312 839 366 δεομένων
860 311 1103 370 σκυθρωπὸν
1122 313 1378 367 ἀποπέμπων,
1414 311 1469 363 ὥς
1491 315 1549 370 μὴ

106 383 233 436 πόλιν,
258 382 322 438 ’μὴ
346 380 540 440 φρούριον
565 381 643 437 [μὴ
665 381 853 436 εὗσίνιον]
884 380 911 436 ἢ
939 383 1079 435 λιμένα
1097 380 1124 436 ἢ
1143 379 1266 424 τόπον
1282 377 1352 425 οὖν
1371 381 1459 425 τινὰ
1476 387 1550 437 τῆς

102 450 237 507 πάσης
248 449 456 505 Ῥωμαίων
474 452 672 501 πολιτείας
687 450 866 506 ἀμοιρεῖν
883 454 963 492 τῶν
981 451 1127 493 ἐκείνου
1147 450 1251 493 κατὰ
1270 450 1316 493 τὸ
1336 451 1550 507 ἀναγκαῖον

105 522 278 578 δωρεῶν.
346 519 406 562 ὅτι
429 519 471 561 δὲ
491 517 614 573 μόνος
640 518 762 568 αὐτὸς
778 518 879 572 μετὰ
897 521 1200 562 Κωνσταντῖνον
1219 519 1292 574 τὴν
1310 524 1390 563 τῶν
1405 523 1551 574 ψυχῶν

69 586 290 646 &inaug-oms
310 589 592 643 δασμολογίαν,
623 590 657 630 εἷ
675 588 741 629 καὶ
757 586 816 641 μὴ
837 591 970 629 πᾶσαν
991 588 1102 641 (οὐδὲ
1121 587 1199 645 γὰρ
1219 587 1398 645 ἔφθασε)
1409 619 1423 640 ,
1451 587 1550 630 θεὸν

103 657 224 712 ἐχέτω
243 659 339 699 ἵλεω
357 661 437 700 τῶν
459 653 717 711 ὁπωσδήποτε
735 656 1101 710 πλημμεληθέντων
1118 656 1226 714 αὐτῷ
1240 669 1252 680 ·
1286 658 1354 698 καὶ
1372 655 1450 712 γὰρ
1479 655 1551 698 ἄν-

102 729 271 782 θρωπος
293 721 355 780 ἦν.
420 728 577 767 πολλῶν
607 725 651 767 δὲ
676 723 801 767 ὄντων
827 726 893 766 καὶ
918 722 1018 781 ὑπὲρ
1038 729 1117 767 τῶν
1136 729 1277 767 κοινῶν
1291 722 1551 775 Ἀναστάσιος

103 791 283 850 ἔπραξεν,
318 792 473 850 ἀρκέσει
493 790 596 847 μόνη
615 793 716 848 πρὸς
735 791 934 843 ἀπόδειξιν
953 790 978 847 ἦ
998 793 1098 849 παρ’
1121 793 1244 835 αὗτοῦ
1262 790 1362 850 ὑπὲρ
1380 791 1551 849 Εὐφρά-

102 879 177 917 την
197 867 572 905 κατασκευασθεῖσα
592 859 706 911 πόλις
723 860 890 917 (Λάραν
906 860 1030 915 αὐτὴν
1048 860 1087 903 οἱ
1105 859 1307 917 ἐπιχώριοι
1315 892 1330 913 ,
1357 861 1553 904 ’Amma—

45 940 95 976 ·1o
106 931 193 973 σίου
213 932 258 973 δὲ
277 929 392 973 πόλιν
406 930 448 980 ἐξ
466 929 590 972 αὐτοῦ
607 927 948 986 προσαγορεύουσι
965 929 1068 970 καθ’
1090 926 1233 982 ἡμᾶς),
1260 927 1310 982 ἢν
1330 930 1364 970 εἰ
1379 929 1437 984 μὴ
1455 929 1554 979 θεὸς

103 999 206 1055 πρὸς
233 1001 379 1042 ἐκείνου
405 1005 493 1048 ταῖς
524 995 698 1054 φάρυγξι
724 998 898 1053 Περσῶν
928 997 1155 1052 ἓπέβρισεν,
1218 995 1388 1038 ἔκπαλαι
1423 996 1474 1039 ἂν
1500 997 1551 1039 τὰ

98 1064 304 1122 Ῥωμαίων
327 1067 507 1122 Πέρσαι,
542 1064 627 1107 οἷον
647 1070 822 1123 προσεχῆ
841 1065 977 1114 αὐτοῖς
994 1065 1099 1118 ἐστί,
1133 1063 1442 1119 κατεσχήκεσαν.

237 1133 318 1180 48.
384 1133 577 1176 Χαλεπὸν
595 1134 638 1175 δὲ
655 1134 772 1176 οὐδὲν
789 1136 855 1175 καὶ
874 1138 971 1187 μιᾶς
990 1134 1115 1176 αὐτοῦ
1132 1134 1294 1183 σκοτίας
1311 1135 1378 1175 καὶ
1395 1136 1553 1175 λανθα-

101 1201 248 1258 νούσης
272 1201 330 1245 ἔτι
358 1202 652 1257 ἐπιμνησθῆναι
673 1199 873 1258 πράξεως·
913 1203 977 1243 δεῖ
994 1202 1072 1257 γὰρ
1093 1203 1161 1242 καὶ
1178 1205 1257 1243 τῶν
1280 1202 1436 1244 εῗδικῶν
1456 1202 1552 1243 τάν-

49 1277 92 1315 1⁵
106 1272 202 1330 δρὸς
221 1272 372 1327 ἀρετῶν
391 1273 487 1324 μιάν
504 1270 779 1312 grunowa-‘m
796 1275 852 1327 τῷ
869 1267 988 1327 λόγῳ.
1055 1271 1224 1319 Παῦλος
1242 1268 1343 1325 ἀνὴρ
1366 1270 1553 1325 εὐπατρί-

104 1343 178 1396 δης
196 1341 240 1382 ἐκ
258 1342 455 1392 Βιβιανοῦ
473 1338 625 1394 πατρὸς
644 1336 937 1392 ἔπισημοτάτου
963 1338 1118 1393 γέγονεν
1145 1334 1218 1379 ὑπ’
1251 1337 1384 1394 αὐτῷ,
1419 1336 1464 1387 ὃς
1486 1338 1553 1379 καὶ

102 1409 197 1458 τοὺς
225 1405 381 1450 πώποτε
409 1411 488 1449 τῶν
518 1405 746 1462 ἔμπροσθεν
773 1408 834 1448 ἐπὶ
863 1403 1196 1463 μεγαλοφροσύνῃ
1226 1406 1554 1459 θαυμασθέντων

101 1474 265 1520 ὑπάτων
279 1482 367 1525 ταῖς
386 1477 630 1532 φιλοτιμίαις
649 1476 890 1532 ἀπέκρυψεν.
922 1469 1038 1524 οὗτος
1048 1479 1195 1531 χρειῶν
1213 1475 1421 1516 ἰδιωτικῶν
1442 1474 1554 1516 ἕνεκα

103 1548 318 1588 λυσιτελῶν
338 1544 446 1601 αὐτῷ
465 1543 707 1600 ἓπωφείλησε
729 1541 959 1599 Ζηνοδότῳ,
985 1541 1040 1592 ὡς
1058 1545 1124 1584 καὶ
1146 1542 1267 1592 αὐτὸς
1286 1549 1370 1592 τοῖς
1387 1541 1555 1591 ὑπάτοις

47 1613 206 1669 Ξοπρὸς
225 1610 451 1665 ἀξιώματος
467 1613 533 1654 καὶ
553 1610 678 1665 μόνου
695 1610 836 1666 τυχών,
852 1602 1134 1667 ’ῗάναφαίρετον
1146 1611 1327 1667 χρυσίον,
1356 1613 1411 1660 εἷς
1419 1611 1554 1664 χιλίας

98 1682 268 1738 χρυσίου
299 1682 436 1737 λίτρας
466 1678 743 1734 συναγόμενον.
812 1684 883 1722 τοῦ
920 1680 963 1721 ὁὲ
987 1678 1160 1721 Παύλου
1186 1678 1288 1734 πρὸς
1310 1679 1383 1732 τὴν
1409 1677 1553 1720 ἔκτισιν

104 1749 361 1800 ἀτονοῦντος,
396 1746 417 1791 ὃ
441 1747 668 1803 Ζηνόδοτος
688 1746 951 1803 ποτνιώμενος
977 1748 1049 1789 τὸν
1067 1745 1328 1790 Ἀναστάσιον
1350 1745 1554 1800 ἀντεβόλει

193 1856 217 1892 ⁴7
238 1855 320 1900 καί]
339 1850 369 1890 ’ἃ
390 1856 436 1891 F.
483 1855 596 1890 malim
618 1854 679 1889 καὶ
699 1852 791 1899 ὑπὲρ
816 1852 982 1899 ἀριθμὸν
1006 1850 1042 1892 ἃ.
1147 1855 1191 1889 12
1216 1849 1312 1889 Hau?
1403 1854 1447 1889 19
1465 1851 1553 1888 ἕπο-

193 1899 346 1955 φέλησεν
367 1901 410 1936 C.
545 1901 624 1946 lego
647 1901 715 1945 τῆς
735 1898 926 1941 ὑπατείας.
952 1902 996 1936 F.
1133 1901 1179 1934 20
1197 1897 1429 1943 οἷναφέρετον
1450 1900 1494 1935 C.

103 1992 188 2037 dixi,
205 2003 317 2037 neque
337 2003 540 2037 quemquam
557 1997 733 2038 petentem
753 1992 848 2026 tristi
865 1992 962 2026 vultu
984 1991 1201 2031 dimittebat;
1223 1994 1262 2023 ut
1283 2001 1351 2023 non
1369 1991 1464 2034 urbs,
1487 2001 1556 2024 non

103 2038 293 2074 castellum.
306 2062 315 2071 .
329 2062 339 2071 .
367 2050 436 2072 non
457 2037 571 2081 limen,
595 2038 705 2071 nullus
724 2038 874 2081 denique
891 2037 998 2070 totius
1017 2036 1071 2070 rei
1092 2035 1249 2081 publicae
1266 2036 1443 2069 Romanae
1460 2035 1556 2069 locus

103 2095 280 2119 munerum
311 2083 406 2127 eius,
440 2083 638 2128 postulante
665 2083 892 2124 necessitate,
930 2093 1055 2125 expers
1083 2086 1188 2115 esset.
1236 2082 1330 2125 quod
1354 2092 1438 2114 vero
1463 2080 1557 2114 solus

103 2130 182 2176 ipse
203 2134 283 2175 post
303 2129 567 2162 Constantinum
585 2128 771 2162 animarum
793 2128 978 2170 tributum,
1018 2127 1173 2172 quamvis
1196 2138 1265 2159 non
1286 2138 1384 2160 omne
1408 2127 1557 2172 (quippe

103 2186 196 2210 mors
219 2174 413 2220 praevertit
434 2176 541 2218 eum),
565 2173 709 2217 levavit,
733 2175 833 2209 deum
856 2185 919 2219 pro
947 2174 1044 2207 itium
1067 2172 1267 2218 experiatur
1287 2172 1359 2206 suis
1378 2172 1556 2217 qualibus-

105 2231 241 2264 cunque
262 2220 436 2266 peccatis:
461 2219 588 2253 etenim
610 2220 709 2253 homo
733 2224 820 2254 erat.
867 2231 898 2253 m
937 2226 972 2254 ta
997 2224 1111 2254 autem
1131 2229 1207 2252 cum
1228 2218 1299 2251 sint
1316 2229 1405 2262 quae
1427 2230 1491 2263 pro
1515 2230 1556 2252 re

105 2265 246 2313 publica
266 2265 468 2300 Anastasius
491 2265 596 2309 fecit,
626 2266 669 2298 ad
696 2277 769 2299 rem
802 2264 1040 2300 declarandam
1065 2264 1150 2299 satis
1177 2263 1245 2298 erit
1269 2275 1338 2298 una
1359 2270 1456 2297 trans
1478 2265 1555 2298 Eu—

133 2312 263 2346 hratem
284 2312 327 2345 ab
347 2323 388 2345 eo
407 2311 590 2345 aedificata
610 2312 692 2345 urbs
720 2311 862 2353 (Darem
884 2323 959 2345 eam
983 2310 1186 2354 indigenae,
1211 2321 1274 2343 nos
1295 2309 1472 2343 Anastasii
1495 2321 1555 2343 ur-

104 2325 186 2392 gem
210 2358 252 2391 ab
284 2356 362 2402 ipso
389 2356 635 2403 appellamus);
670 2367 770 2401 quam
799 2356 867 2390 nisi
896 2358 981 2391 deus
1009 2368 1083 2390 cum
1110 2355 1169 2389 illo
1192 2355 1375 2389 Persarum
1396 2354 1556 2388 faucibus

103 2402 335 2448 imposuisset,
358 2402 427 2438 iam
442 2402 533 2446 olim,
557 2402 693 2448 opinor,
717 2402 858 2447 Persae,
876 2414 966 2448 quae
982 2402 1130 2436 finitima
1148 2401 1193 2435 iis
1217 2406 1297 2434 sunt
1311 2401 1556 2444 Romanorum,

104 2454 344 2494 occupassent.

122 2500 124 2502 ’
194 2495 253 2529 48.
299 2493 399 2528 Nihil
429 2505 513 2527 vero
543 2494 684 2529 nocebit
712 2505 815 2528 unum
845 2505 984 2540 quoque
1015 2494 1198 2527 obscurum
1227 2490 1302 2524 eius
1324 2494 1429 2535 atque
1452 2490 1556 2524 etiam

104 2539 216 2577 latens
238 2540 364 2573 factum
387 2551 668 2574 commemorare:
704 2544 844 2585 oportet
869 2540 960 2574 enim
992 2544 1028 2571 et
1056 2538 1268 2582 privatarum
1299 2536 1368 2568 viri
1390 2536 1556 2569 virtutum

105 2596 207 2622 unam
227 2584 339 2619 literis
356 2586 531 2620 mandare.
556 2586 696 2630 Paulus,
720 2586 776 2620 vir
793 2585 972 2631 patricius,
993 2583 1140 2618 Bibiano
1161 2581 1438 2627 splendidissimo
1455 2587 1556 2627 patre

105 2635 215 2672 ortus,
235 2631 298 2664 sub
320 2643 361 2664 eo
380 2631 489 2673 vixit3
511 2631 571 2676 qui
595 2632 732 2676 quidem
750 2632 885 2676 priores
912 2629 1082 2673 consules,
1106 2639 1250 2674 quorum
1269 2638 1420 2671 unquam
1434 2627 1471 2661 in
1493 2629 1555 2661 ad-

104 2675 287 2712 miratione
305 2675 559 2720 magnificentia
579 2677 667 2722 fuit,
701 2677 911 2712 liberalitate
933 2675 1145 2710 obscuravit.
1190 2673 1269 2717 hic,
1293 2673 1448 2718 privatas
1471 2685 1555 2717 pro-

105 2727 185 2803 pter
208 2722 436 2756 necessitates
464 2722 647 2761 Anastasio
675 2723 792 2767 utilis,
826 2723 1029 2765 Zenodoto‚
1060 2721 1190 2766 quippe
1215 2725 1251 2753 et
1274 2719 1352 2765 ipse
1377 2717 1555 2754 consulatu

131 2779 271 2801 onorem
290 2772 422 2801 tantum
444 2775 659 2812 consecutus,
683 2769 876 2814 pecuniam,
922 2780 986 2802 uae
1004 2767 1125 2811 negari
1148 2777 1218 2800 non
1238 2769 1370 2810 posset,
1394 2765 1438 2797 ad
1461 2775 1553 2799 sum-

106 2823 194 2849 mam
216 2812 307 2846 mille
328 2813 404 2847 auri
423 2812 584 2848 librarum
605 2816 768 2850 debebat.
794 2815 850 2849 cui
871 2826 909 2848 so
925 2814 1059 2848 vendae
1078 2824 1153 2847 cum
1174 2823 1239 2856 par
1258 2823 1328 2844 non
1349 2815 1442 2844 esset
1459 2809 1552 2844 Pau-

106 2857 171 2903 lus,
195 2858 395 2893 Zenodotus
416 2859 591 2896 Anastasii
614 2873 714 2909 opem
737 2860 954 2909 imploravit3
977 2859 1038 2906 qui
1057 2858 1254 2904 intelligens
1277 2868 1390 2903 neque
1409 2855 1553 2892 Paulum

164 2910 309 2948 Ioannes
336 2911 463 2957 Lydus.
