1748 3210
254 222 352 268 260
773 220 991 262 IOANNIS
1024 221 1156 262 LYDI

252 338 495 392 μονομεροῦς
518 331 693 386 ε’ντυχίας
717 330 744 382 ἢ
771 332 1052 374 διδασκαλικοῦ
1074 330 1101 385 ἢ
1123 330 1344 388 μετρήσεως
1362 333 1386 388 ἢ
1408 331 1620 386 ἔξισιῦσεως
1641 332 1669 388 ἤ

251 421 356 453 τινος
392 402 525 458 ἑτέρου
557 403 636 440 τῶν
665 396 846 450 πάντων,
881 396 979 440 ὥστε
1014 399 1148 440 λοιπὸν
1177 400 1317 440 οὐδένα
1342 406 1420 443 τῶν
1444 402 1668 458 ἔμπροσθεν

219 519 224 523 ⁴
251 469 451 514 εἰωθότων
490 466 707 518 εὐδοκιμεῖν
749 467 837 523 περὶ
876 465 1015 521 λόγους
1048 464 1237 515 τοιούτοις
1274 468 1372 508 τισὶν
1403 468 1668 524 ἐπαγρυπνεῖν.

250 540 324 582 τίνι
355 536 430 591 γὰρ
459 532 595 586 Ξῆιιελλέ
618 550 677 582 τις
707 532 882 588 ἀρκέσειν
889 565 901 584 ,
935 532 960 586 ἢ
983 534 1084 582 τίνος
1097 531 1217 590 χάριν
1237 537 1314 575 τῶν
1331 533 1495 575 ἐπαίνων
1513 535 1667 589 ἀντέχε-

249 609 371 652 σθαι,
400 601 463 643 ὅτε
483 600 584 653 μηδὲ
604 599 757 656 μάρτυς
779 595 826 654 ἦν
848 616 907 650 τις
928 599 955 654 ἢ
980 599 1080 649 ὅλως
1101 602 1268 642 ἐπαινεῖν
1286 598 1330 640 τὸ
1351 603 1485 654 σχῆμα
1504 605 1581 642 τῶν
1603 603 1699 646 ‹lc-5

233 670 469 724 vnozomypa'un'
500 665 736 720 δυνάμενος,·
770 667 883 709 ἔνθεν
912 666 1112 708 ἀπόλωλεν
1133 665 1158 720 ἦ
1182 666 1311 717 τάξις,
1340 667 1406 708 καὶ
1431 666 1668 722 πραγμάτων

249 737 320 780 οὐκ
351 735 473 777 ὄντων
503 733 691 788 ἀσχήμων
720 735 863 790 ἐρημία
886 732 1160 791 κατερρύπωσε
1181 735 1224 775 τὸ
1244 731 1514 789 δικαστήριον,
1547 735 1668 786 οἴμω-

246 805 317 860 γαί
334 820 374 846 τε
395 803 459 843 καὶ
481 800 634 856 δάκρυα
651 805 730 843 τῶν
747 801 846 859 πρὸς
863 802 908 843 τὸ
929 802 1051 858 πέρας
1069 806 1139 854 τῆς
1157 802 1362 856 στρατείας
1379 800 1669 856 ἀφικνουμένων

249 873 304 920 εἲς
327 875 451 926 γῆρας
475 867 623 923 ἄπυρον
644 869 984 925 καταφερομένων.
1053 867 1210 917 εἰκότως
1231 862 1298 910 οὖν
1319 867 1445 917 οὐδεὶς
1463 867 1524 908 ἐπὶ
1545 883 1669 922 στρα-

246 940 351 982 τείαν
372 934 607 990 ἀπήγγελλε,
636 935 681 976 τὸ
703 937 795 992 πρὶν
815 935 959 984 εἰωθὸς
974 933 1072 991 ὑπὲρ
1088 937 1240 988 χιλίους
1257 934 1347 976 κατ’
1366 933 1451 983 ἔτος
1469 931 1668 989 ταχυγρά-
1681 942 1722 976 10

243 1022 346 1062 φους
376 1003 706 1058 στρατευομένους
738 1008 820 1051 τοῖς
849 1003 1085 1055 παυομένοις
1115 1006 1194 1043 τῶν
1225 1000 1374 1052 πόνων,
1407 999 1582 1055 μάλιστα
1612 1003 1670 1057 τῷ

242 1071 433 1127 λεγομένῳ
449 1071 767 1127 ματρικουλαρίῳ
789 1069 902 1122 (ἀντὶ
920 1073 991 1110 τοῦ
1008 1073 1087 1110 τῶν
1106 1067 1334 1122 καταλόγων
1348 1067 1523 1124 φύλακι)
1545 1064 1669 1122 πόρον

244 1139 291 1181 οὗ
326 1137 468 1192 μικρὸν
495 1141 718 1190 περιποιεῖν.
785 1138 851 1176 καὶ
882 1135 1029 1187 ταύτης
1059 1135 1134 1187 ἐγὼ
1159 1135 1344 1188 μετέσχον
1371 1137 1442 1187 τῆς
1469 1135 1667 1186 ἀστοχίας,
1720 1162 1722 1164 -

244 1205 346 1259 μηδὲ
375 1203 446 1256 τὴν
474 1200 670 1258 ἐφήμερον
698 1199 875 1255 δαπάνην
895 1201 935 1241 ἓν
957 1205 1014 1256 τῷ
1035 1204 1210 1257 πληροῦν
1229 1201 1301 1254 τὴν
1323 1201 1527 1256 στρατείαν
1549 1197 1667 1255 εὖρά-

243 1287 373 1326 μενος.
440 1267 720 1323 μαρτυρούσης
748 1266 824 1323 γάρ
858 1283 926 1321 μοι
956 1272 1027 1320 τῆς
1061 1267 1272 1324 ἀληθείας,
1317 1267 1383 1308 ἐ’να
1413 1265 1666 1322 ταχυγράφον
1681 1274 1720 1308 15

244 1337 345 1394 παρ’
370 1335 461 1378 ὅλον
480 1335 547 1377 τὸν
567 1333 743 1377 ἐνιαυτὸν
760 1339 830 1377 τοῦ
848 1333 1110 1390 πληρώματος
1126 1334 1196 1376 οὒκ
1214 1331 1304 1375 οἶδα
1320 1331 1668 1389 στρατευσάμενον,

243 1401 495 1459 πολυτρόπου
526 1407 596 1457 τῆς
627 1402 814 1459 ἀφορμῆς
842 1399 1130 1457 τυγχανούσης,
1165 1402 1320 1457 πρῶτον
1347 1401 1419 1453 μὲν
1439 1403 1512 1453 τῆς
1529 1400 1570 1441 ἓν
1588 1404 1670 1448 τοῖς

243 1469 450 1529 πράγμασι
482 1474 695 1519 παντελοῦς
724 1469 912 1526 ἀπορίας,
952 1467 1034 1510 εἶτα
1066 1469 1110 1510 δὲ
1138 1469 1204 1509 καὶ
1231 1471 1302 1521 τῆς
1323 1470 1403 1509 τῶν
1421 1465 1670 1519 καλουμένων

241 1541 517 1595 προβατοριῶν
539 1536 802 1592 δυσπορίστου
821 1534 1093 1591 μεταλήψεως.
1126 1536 1192 1576 καὶ
1210 1533 1316 1584 ὅπως
1333 1534 1425 1590 ἓρῶζ
1492 1532 1613 1586 (67)
1642 1530 1668 1586 ἦ

242 1604 461 1658 παλαιότης
487 1604 596 1645 πέντε
619 1605 828 1659 χρυσίνους
865 1601 946 1644 οἶδε
973 1602 1261 1658 παρεχομένους
1290 1607 1372 1651 τοῖς
1399 1600 1722 1657 μεμοριαλιόιςὲο

241 1671 340 1728 ὗπὲρ
373 1673 640 1727 προβατορίας
674 1669 915 1726 ἀδιοῦτωρος
944 1669 1042 1725 πρὸς
1063 1669 1134 1722 τὴν
1156 1668 1326 1725 ἔπαρχον
1347 1668 1524 1718 ἐξουσίαν
1543 1683 1668 1709 κατα·
1745 1679 1748 1682 ⁴

243 1739 512 1795 πεμπομένης,
547 1739 611 1779 καὶ
629 1734 717 1779 τότε
733 1735 847 1791 ἡνίκα
867 1736 969 1778 κατὰ
987 1736 1032 1778 τὸ
1051 1737 1227 1790 μυθικὸν
1243 1734 1264 1777 ὅ
1279 1738 1455 1792 χρυσοῦς
1474 1733 1572 1776 αι’ὡν
1586 1734 1669 1784 ἐξέ-

332 1845 356 1879 3
377 1839 568 1882 τοιούτους
587 1842 704 1887 vulgo.
860 1841 884 1877 4
906 1837 1093 1885 ἄρέσκειυῖ
1245 1842 1268 1876 7
1290 1839 1532 1884 κατερρίπώσε
1551 1838 1668 1882 vulgo.

332 1890 355 1924 9
393 1899 511 1931 πηρας
548 1888 591 1921 C.
772 1886 812 1922 11
843 1885 998 1930 μάλιστα
1030 1884 1070 1920 δὲ
1102 1885 1180 1920 τῶῗ
1225 1897 1268 1919 an
1303 1884 1364 1919 καὶ
1399 1882 1552 1928 μάλιστα
1587 1883 1670 1928 τῷῖ

332 1935 376 1968 17
394 1933 481 1977 τῆς]
505 1934 584 1971 τοῖς
600 1933 644 1967 C.
778 1933 824 1966 22
844 1931 912 1965 τὸν
933 1931 981 1964 C:
1006 1932 1052 1965 cf.
1074 1933 1092 1965 1
1115 1919 1172 1964 ἐξ».
1218 1939 1408 1975 quanquam
1427 1935 1573 1974 utroque
1591 1927 1667 1962 loco

330 1978 448 2012 nescio
469 1989 512 2012 an
534 1980 706 2022 praestet,
730 1977 823 2021 quod
844 1981 898 2011 est
913 1977 937 2011 2
957 1976 1023 2020 29,
1045 1972 1138 2008 κατὰ
1159 1972 1225 2009 τόν
1244 1975 1380 2018 μῦθον.

237 2067 452 2111 aestimatio,
474 2078 587 2111 neque
610 2065 790 2112 aequatio,
814 2075 927 2110 neque
949 2065 1042 2099 aliud
1063 2064 1216 2107 omnin03
1239 2074 1347 2109 quare
1362 2074 1460 2098 nemo
1477 2074 1593 2098 eorum
1634 2063 1668 2097 ui

241 2119 346 2148 antea
373 2112 538 2146 eiusmodi
565 2111 601 2144 in
629 2111 840 2145 orationibus
872 2121 945 2144 cum
971 2109 1073 2144 laude
1097 2110 1229 2144 versari
1253 2114 1517 2152 consueverant,
1538 2109 1575 2142 in
1592 2107 1668 2142 ulis

241 2170 345 2204 porro
365 2167 501 2201 operam
520 2156 647 2200 posuit.
695 2156 750 2189 cui
771 2155 858 2189 enim
878 2167 975 2200 opem
994 2154 1148 2199 tulisset,
1171 2160 1231 2189 aut
1248 2166 1307 2189 cur
1324 2153 1481 2188 laudibus
1497 2159 1667 2196 vacasset,

242 2214 316 2236 cum
341 2213 384 2235 ne
407 2201 507 2235 testis
530 2201 666 2244 quidem
684 2201 860 2245 qnisquam
878 2201 1032 2243 adesset,
1058 2205 1116 2234 aut
1134 2200 1268 2234 omnino
1287 2200 1346 2245 qui
1365 2199 1502 2233 laudare
1521 2198 1666 2232 iudicio-

241 2259 315 2282 rum
336 2247 478 2280 formam
501 2247 648 2290 posset?
694 2246 774 2279 inde
796 2245 902 2290 periit
924 2246 1095 2286 officium3
1120 2251 1155 2279 et
1176 2257 1249 2279 cum
1272 2255 1396 2279 causae
1412 2244 1524 2279 nullae
1540 2248 1665 2286 essent,

240 2292 404 2327 deformis
422 2291 568 2324 solitudo
586 2291 747 2324 iudicium
765 2291 909 2334 evertit,
937 2302 1011 2323 cum
1028 2290 1155 2334 gemitu
1173 2290 1391 2335 lacrimisque
1411 2300 1526 2323 eorum
1546 2288 1606 2332 qui
1624 2289 1667 2322 ad

239 2338 342 2372 finem
364 2336 505 2370 militiae
524 2336 788 2380 perveniebant,
824 2336 960 2380 inopem
982 2340 1190 2369 senectutem
1212 2335 1409 2369 sortientes.
1454 2334 1530 2368 iure
1561 2333 1669 2377 igitur

241 2393 339 2417 nemo
359 2381 499 2415 militiae
528 2392 649 2414 nomen
674 2381 795 2424 dabat,
831 2391 905 2414 cum
930 2381 1070 2425 antiqua
1092 2380 1334 2414 consuetudine
1357 2379 1432 2424 plus
1455 2378 1544 2412 mille
1565 2382 1666 2422 quot-

241 2427 339 2461 annis
367 2426 491 2460 notarii
523 2426 705 2459 militantes
738 2425 909 2459 laboribus
942 2425 1149 2469 perfunctis,
1192 2425 1394 2469 praesertim
1426 2422 1667 2465 matriculario,

239 2477 278 2506 nt
295 2477 420 2506 vocant
443 2471 502 2514 (id
523 2476 577 2504 est
599 2471 826 2514 catalogorum
845 2471 1026 2513 custodi),
1059 2482 1126 2504 non
1145 2480 1291 2522 parvum
1315 2469 1463 2503 reditum
1485 2468 1663 2502 concilian-

238 2522 327 2551 sent.
376 2522 478 2562 atque
498 2516 595 2549 huius
621 2527 684 2558 ego
709 2516 879 2560 particeps
905 2516 956 2549 sui
976 2514 1176 2559 infortunii,
1209 2525 1253 2548 ne
1276 2513 1510 2558 quotidianum
1530 2513 1666 2558 quidem

239 2562 365 2596 victum
387 2561 582 2606 complendo
606 2561 755 2594 militiam
778 2566 991 2595 consecutus.
1039 2561 1183 2603 etenim,
1217 2564 1365 2594 testante
1395 2559 1479 2592 mihi
1506 2558 1664 2601 veritate,

239 2618 342 2640 unum
378 2606 544 2640 notarium
580 2617 644 2650 per
680 2611 786 2639 totum
824 2606 1059 2651 completionis
1095 2616 1217 2640 annum
1256 2604 1346 2638 haud
1382 2604 1454 2638 scio
1490 2603 1664 2638 militasse.

240 2653 335 2685 cuius
358 2651 410 2685 rei
433 2651 550 2685 variae
572 2654 671 2684 erant
699 2662 838 2694 causae,
875 2651 1016 2696 primum
1051 2651 1184 2695 quidem
1216 2661 1344 2684 summa
1372 2649 1481 2684 litium
1510 2647 1664 2695 penuria,

240 2697 364 2730 deinde
389 2708 472 2730 vero
496 2700 532 2730 et
553 2707 637 2740 quas
660 2696 875 2741 probatorias
894 2700 1021 2730 vocant
1045 2695 1189 2740 parandi
1209 2695 1412 2738 difficultas,
1447 2694 1662 2738 quomadmo—

240 2742 318 2775 dum
341 2752 520 2786 exponam.
567 2741 660 2783 (67)
682 2752 773 2774 more
794 2741 931 2785 antiquo
956 2740 1205 2775 memorialibus
1228 2752 1291 2785 pro
1311 2739 1660 2786 probatoriaadiuto-

239 2786 305 2830 ris,
332 2798 418 2831 quae
441 2788 484 2820 ad
506 2787 753 2831 praefecturam
780 2786 996 2830 mittebatur,
1027 2786 1177 2831 quinque
1199 2785 1295 2819 aurei
1318 2785 1571 2831 praebebantur
1592 2787 1663 2817 tum

238 2842 393 2876 quoque,
425 2843 498 2865 cum
530 2832 710 2865 secundum
743 2831 890 2867 fabulam
919 2842 1022 2866 aurea
1048 2835 1143 2867 aetas
1171 2830 1391 2877 splendebat:
1425 2839 1514 2864 nunc
1537 2832 1661 2871 autem,
