1748 3210
384 212 460 256 DE
492 206 940 255 MAGISTRATIBUS
973 206 1020 251 P.-
1035 203 1106 250 2R.
1140 203 1245 248 LIB.
1271 203 1306 247 1.
1481 200 1576 248 139

121 329 144 375 ὃ
163 324 370 384 θανοῦσης
388 327 498 386 αὐτῷ
515 331 589 382 τῆς
610 324 764 384 μητρὸς
786 322 1003 382 ἐγκύμονος
1023 319 1265 372 διασωθείς,
1299 319 1366 362 καὶ
1386 315 1530 375 Νέρων
1552 315 1575 358 ὁ

120 398 285 456 ἰσχυρὸς
305 402 354 454 τῇ
378 399 564 451 Σαβίνων
598 399 713 453 φωνῇ
723 426 736 447 ,
768 396 835 437 καὶ
858 391 1013 436 Νάσων
1037 390 1058 434 ὃ
1086 390 1239 448 εὕρινος
1250 420 1264 441 ,
1298 390 1365 431 καὶ
1389 386 1577 436 Τούκκας

123 467 146 511 ὃ
178 465 428 524 κρεωβόρος,
473 464 519 508 ὃν
554 465 591 507 οἳ
625 466 780 507 ἰδιῶται
814 462 948 514 ζικκὰν
980 459 1172 504 ἐκάλεσαν
1204 458 1303 501 καθ’
1343 456 1473 512 ἡμᾶς,
1509 458 1579 497 καὶ

122 534 262 593 Βάρος
289 536 358 578 καὶ
391 534 570 584 Βλαισὸς
595 531 615 574 ὃ
645 529 953 587 πλαγιόσκελος,
989 531 1055 572 καὶ
1087 527 1290 587 Σερρανὸς
1319 524 1339 568 ὅ
1366 523 1581 582 γεωργικὸς

89 603 203 648 sema
232 608 304 647 τοῦ
331 605 527 661 σπείρειν,
559 603 625 644 καὶ
647 600 886 656 Αὔγουστος
905 597 926 640 ὃ
946 596 1252 649 καλοιώνιστος,
1288 597 1354 638 καὶ
1377 595 1582 642 Βιτέλλιος

121 671 144 716 ὅ
163 673 397 730 κροκοειδὴς
414 671 488 726 τὴν
510 670 631 726 ὄψιν,
667 667 727 711 ὅτι
748 669 931 722 βιτέλλον
956 667 993 710 οἳ
1011 665 1202 720 Ῥωμαῖοι
1222 664 1295 719 τὴν
1318 663 1490 706 λέκυθον
1510 665 1584 705 τοῦ

122 740 208 800 ᾠοῦ
227 741 485 792 ἐπικαλοῦσι,
509 740 579 782 καὶ
599 728 775 794 Βάρρὼν
797 735 818 779 ὃ
839 735 944 778 κατὰ
961 735 1035 790 μὲν
1060 735 1251 784 Φοίνικας
1263 733 1459 783 Ἰουδαῖος
1480 729 1585 773 κατὰ

125 811 170 852 δὲ
197 810 363 861 Κέλτας.
387 809 580 865 ἀνδρεῖος.
646 808 716 849 καὶ
751 804 882 847 πολλὰ
914 803 965 846 ἄν
990 820 1052 853 τις
1083 806 1254 845 τοιαῦτα
1285 799 1450 856 συνάγοι
1481 799 1586 843 κατὰ

125 876 297 934 σχολήν,
333 880 367 921 εἲ
390 877 511 932 τυχὸν
534 872 676 927 αὐτόν,
713 874 787 918 οὒκ
820 872 962 928 ἔχοντα
998 870 1020 913 δ’
1054 887 1094 913 τι
1130 868 1325 926 πράττοι,
1360 867 1588 926 ἀφρόντιὸα

73 942 344 1003 1οσυμβαίνοι
377 949 584 1000 διαβιοῦν,
619 945 686 986 καὶ
718 940 914 992 τοιούτοις
944 938 1097 990 ὁποίοις
1124 936 1224 994 ἐγώ,
1257 938 1397 996 καίπερ
1423 939 1588 996 μυρίαις

128 1015 474 1072 συμπεπλεγμένος
493 1013 722 1071 φροντίσιν,
758 1012 988 1067 ἐναγρυπνῶ
1008 1009 1223 1065 μωραίνων
1244 1005 1496 1064 ἀθύρμασιν.

265 1083 345 1131 24.
416 1083 478 1125 Τὸ
506 1081 647 1124 πιστὸν
671 1087 755 1131 τοῖς
780 1078 1006 1137 γράφουσιν
1031 1075 1058 1132 ἦ
1085 1080 1164 1120 τῶν
1185 1076 1364 1133 ἀρχαίων
1385 1076 1589 1130 ἐπιτίθησι

127 1154 345 1210 μαρτυρία.
408 1148 572 1202 Ἰούνιος
604 1151 738 1193 τοίνυν
773 1151 814 1191 Γ
811 1145 1047 1206 ρακχιανός,
1096 1146 1138 1188 ἐν
1173 1149 1231 1203 τῷ
1264 1146 1352 1202 περὶ
1385 1145 1589 1196 ἐξουσιῶν,

130 1221 267 1272 αὗτοῒς
293 1219 446 1278 ῥήμασι
471 1218 562 1276 περῖ
590 1224 662 1262 τοῦ
689 1218 936 1271 καλουμένου
970 1214 1083 1272 παρὰ
1103 1213 1317 1267 Ῥωμαίοις
1344 1215 1592 1270 κυαίστωρος

75 1289 469 1347 15“προεχειρίζοντο
498 1287 631 1345 ψήφῳ
664 1291 736 1329 τοῦ
774 1285 920 1339 δήμου.
991 1287 1149 1332 Τοῦλος
1174 1284 1216 1324 δὲ
1238 1280 1258 1324 ὁ
1281 1282 1355 1339 ῥὴξ
1375 1282 1477 1336 μετὰ
1496 1279 1593 1323 τού-

130 1376 227 1408 τους
259 1358 480 1413 ἀναγκαίαν
514 1354 614 1397 εἶναι
649 1355 722 1408 τὴν
758 1358 838 1396 τῶν
872 1349 1133 1408 κυαιστώρων
1167 1351 1294 1408 ἀρχὴν
1325 1350 1501 1407 ἔκρινεν,
1538 1347 1593 1399 ὡς

132 1425 226 1477 τοὺς
255 1427 415 1475 πλείους
445 1427 526 1466 τῶν
557 1423 768 1479 ἱστορικῶν
796 1421 905 1479 αὐτῷ
928 1421 1000 1476 τὴν
1022 1418 1212 1474 τοιαύτην
1231 1419 1471 1476 προαγωγὴν
1492 1418 1593 1460 ἀνα-

131 1492 294 1552 γράψαι
311 1495 380 1536 καὶ
399 1490 527 1550 μόνῳ.
595 1491 673 1533 ἀπὸ
697 1492 739 1533 δὲ
757 1494 829 1545 τῆς
846 1489 1044 1544 ζητήσεως
1065 1487 1193 1538 οὕτως
1215 1488 1495 1542 ὀνομασθῆναι
1518 1487 1594 1529 αὗ-

133 1563 229 1613 τοῦς
254 1561 419 1611 Ἰούνιος
449 1562 517 1602 καὶ
551 1557 775 1616 Τρεβάτιος
808 1560 875 1600 καὶ
913 1556 1136 1599 Φενεστέλα
1171 1554 1322 1597 51771021?²
1394 1557 1462 1597 καὶ
1490 1556 1593 1610 μεθ’

78 1632 250 1689 ἒθὲτερα
286 1629 421 1683 “amp
461 1628 629 1685 ὕστερον
669 1627 919 1685 ἐξῃρέθησαν
955 1626 991 1668 οἳ
1026 1623 1259 1666 κανὸιὸάτοι
1295 1629 1367 1666 τοῦ
1398 1625 1599 1677 βασιλέως

133 1701 398 1757 κυαίστωρες,
434 1697 480 1740 οἳ
505 1697 606 1755 πρὸς
636 1695 860 1753 ἀνάγνωσιν
890 1700 970 1738 τῶν
996 1697 1218 1748 βασιλικῶν
1250 1691 1500 1750 γραμμάτων
1531 1695 1598 1734 καὶ

134 1767 263 1825 μόνην
295 1766 532 1823 ἐσχόλαζον*
568 1766 606 1808 οἳ
634 1766 677 1808 δὲ
712 1766 825 1808 αὐτοὶ
853 1766 920 1807 καὶ
950 1762 1120 1820 ψήφους
1151 1761 1230 1804 ἀπὸ
1260 1767 1333 1804 τοῦ
1364 1767 1498 1804 κοινοῦ
1526 1766 1599 1817 τῆς

226 1877 250 1912 4
273 1873 402 1922 βλέσος
423 1876 468 1911 C.
651 1887 695 1910 an
719 1871 795 1909 ἀπὸ
817 1873 886 1908 τοῦ
909 1870 1031 1917 σὲρερε
1050 1871 1165 1908 οἱονεὶ
1183 1870 1370 1915 σπείρεινί)
1416 1871 1463 1904 cf.
1487 1882 1518 1904 c.
1541 1869 1600 1913 25,

226 1923 285 1966 30,
307 1921 366 1956 46.
515 1923 537 1957 6
561 1919 740 1966 βιτέλλιον
764 1921 807 1954 C.
956 1922 999 1954 10
1025 1919 1108 1963 καὶ]
1132 1915 1232 1952 miv?
1378 1918 1419 1952 15
1441 1927 1602 1960 προεχω-

227 1968 392 2012 ρήσαντο
415 1967 534 2012 vulg0.
693 1968 735 2001 18
760 1962 1035 2008 άπὸ-εἷπον]
1058 1971 1156 2010 patet
1182 1971 1218 1998 et
1240 1964 1347 2007 haec,
1371 1970 1406 1997 et
1429 1974 1518 2007 quae
1542 1974 1599 1996 se-

231 2019 384 2060 quuntur
404 2019 484 2058 post
503 2011 567 2046 καὶ
592 2010 682 2055 μεθ’
708 2009 834 2054 ἕτερα,
866 2011 1073 2045 Gracchano
1096 2010 1185 2044 falso
1209 2009 1338 2052 tribui,
1373 2009 1492 2053 priora
1522 2008 1601 2053 qui-

230 2061 330 2104 dem,
368 2059 450 2104 quia
480 2058 601 2092 Iunius
633 2058 725 2091 idem
752 2057 811 2101 qui
844 2057 1092 2099 Gracchanus,
1130 2056 1327 2100 posteriora
1350 2060 1483 2099 autem,
1521 2053 1604 2099 quia

232 2105 431 2140 Gracchani
448 2115 536 2139 aevo
555 2104 701 2138 necdum
719 2108 819 2136 erant
837 2107 1040 2147 quaestores
1062 2100 1250 2136 candidati.
1282 2102 1328 2136 1⁴¹.

144 2197 222 2233 vius
243 2200 401 2232 mortuae
420 2194 540 2231 matris
565 2206 608 2229 ex
631 2198 732 2229 utero
758 2199 951 2239 servatum,
976 2194 1072 2229 Nero
1093 2194 1300 2229 Sabinorum
1322 2192 1441 2238 lingua
1464 2193 1603 2237 fortem,

144 2244 241 2279 Naso
262 2254 446 2286 nasonem,
468 2242 590 2277 Tucca
608 2242 826 2275 carnivorum
845 2242 965 2286 (quem
983 2253 1074 2275 nunc
1092 2240 1232 2275 Ziccam
1248 2241 1379 2275 idiotae
1397 2239 1604 2285 appellant),

146 2290 261 2324 Varus
291 2293 328 2323 et
355 2288 520 2331 Blaesus,
557 2287 614 2322 cui
643 2299 746 2321 crura
776 2287 937 2333 obliqua,
973 2288 1146 2321 Serranus
1175 2286 1360 2331 agricolam
1391 2298 1412 2320 a
1442 2286 1605 2329 serendo,

145 2337 322 2380 Augustus
345 2335 430 2369 boni
454 2333 576 2368 ominis
608 2338 644 2367 et
668 2333 830 2367 Vitellius
854 2345 978 2367 crocea
1006 2333 1097 2367 facie
1120 2333 1310 2376 hominem,
1348 2331 1431 2377 quia
1452 2331 1607 2365 vitellum

145 2380 295 2417 Romani
322 2381 452 2416 flavum
479 2380 540 2414 ovi
565 2384 713 2422 vocant,
747 2380 860 2413 Varro
892 2379 1085 2413 Phoenicia
1112 2378 1232 2424 lingua
1254 2380 1438 2422 Iudaeum,
1472 2377 1608 2411 Celtica

146 2432 338 2462 strenuum.
385 2426 471 2461 talia
492 2425 598 2460 multa
619 2425 783 2470 colligere
804 2437 868 2470 per
890 2425 998 2459 otium
1016 2424 1150 2470 possit,
1187 2424 1242 2458 cui
1270 2426 1382 2466 forte,
1415 2424 1507 2467 quod
1529 2428 1610 2467 agat

148 2484 220 2508 non
235 2471 399 2517 habenti,
428 2472 506 2507 sine
527 2483 610 2506 cura
627 2472 750 2507 vivere
772 2471 973 2516 contingat,
997 2479 1103 2515 atque
1122 2471 1291 2505 eiusmodi
1311 2470 1438 2514 quibus
1461 2468 1610 2504 stolidus

149 2530 236 2564 ego,
261 2519 418 2563 quamvis
439 2518 630 2552 innumeris
654 2517 840 2563 implicitus
865 2517 978 2561 curis,
1003 2517 1265 2551 oblectamentis
1288 2515 1449 2560 vigilare.

241 2564 300 2598 24.
346 2564 471 2599 Fidem
501 2564 733 2610 scriptoribus
764 2565 896 2598 addunt
917 2571 1075 2597 veterum
1101 2562 1314 2597 testimonia.
1361 2561 1481 2595 Iunius
1505 2561 1613 2606 igitur

153 2609 378 2645 Gracchanus
419 2610 457 2644 in
477 2610 567 2645 libro
589 2612 635 2646 de
652 2610 891 2644 Potestatibus
905 2635 914 2652 ,
937 2609 990 2644 his
1011 2608 1098 2653 ipsis
1120 2609 1240 2644 verbis
1262 2610 1306 2642 de
1328 2614 1513 2652 quaestore
1535 2609 1609 2642 Ro-

151 2666 342 2690 manorum.
398 2653 628 2691 ‘creabantur
655 2655 775 2702 populi
795 2655 978 2699 suffragio.
1027 2654 1149 2688 Tullus
1168 2666 1253 2689 vero
1276 2666 1340 2688 rex
1362 2654 1549 2699 deinceps,
1575 2657 1614 2687 ut

152 2701 371 2736 necessarius
390 2707 486 2736 esset
502 2708 725 2747 quaestorum
742 2702 984 2746 magistratus,
1009 2701 1189 2744 decrevit3
1213 2702 1303 2735 unde
1324 2699 1482 2745 plerique
1501 2700 1610 2733 histo-

151 2746 220 2781 rici
248 2758 367 2781 eorum
398 2747 602 2783 electionem
630 2748 682 2782 illi
712 2748 846 2792 solique
875 2747 1087 2782 tribuerunt.
1135 2759 1156 2781 a
1184 2747 1384 2792 quaerendo
1410 2751 1524 2780 autem
1555 2756 1615 2779 eos

155 2792 206 2826 ita
227 2792 340 2827 dictos
366 2805 445 2828 esse
465 2794 605 2838 Iunius,
637 2794 829 2829 Trebatius
854 2799 891 2827 et
915 2793 1115 2828 Fenestella
1136 2794 1312 2828 dixerunt.
1322 2788 1343 2801 ''
1392 2798 1429 2826 et
1449 2797 1531 2837 post
1547 2791 1616 2825 alia

154 2834 304 2892 “v-erum
341 2845 463 2884 postea
495 2840 635 2885 excepti
663 2846 746 2875 sunt
773 2840 951 2875 candidati
984 2839 1154 2884 principis
1182 2846 1386 2884 quaestores
1401 2864 1410 2881 ,
1445 2837 1505 2882 qui
1531 2837 1615 2871 solis

157 2884 408 2931 principalibus
434 2885 533 2922 libris
557 2886 715 2932 legendis
738 2887 923 2922 vacabant.
971 2885 1078 2921 iidem
1108 2891 1222 2921 autem
1251 2890 1289 2920 et
1316 2884 1508 2920 sententias
1538 2882 1613 2918 uui-
