1748 3210
236 195 329 244 174
753 191 971 238 IOANNIS
1003 189 1142 239 mml‘

230 309 326 352 ὅταν
344 314 502 364 κοσμεῖν
518 309 590 363 τὴν
606 306 727 362 τύχην
746 305 944 362 ἐθελήσω,
971 308 1136 362 βαθμὸν
1148 307 1347 367 ’ἀνώτερον
1361 311 1562 365 βασιλείας
1577 313 1652 367 τὴν

230 377 379 420 ὕπατον
398 377 513 430 τιμὴν
534 375 768 431 ὁριζόμενος.

366 445 410 487 9.
469 443 558 484 Ὅτι
588 444 630 483 δὲ
659 442 759 483 κατὰ
777 442 822 483 τὸ
844 439 1021 498 πρόσθεν
1043 442 1242 497 εῗρημένον
1257 441 1364 501 μόνῳ
1386 447 1444 502 τῷ
1463 442 1652 502 σκήπτρῳ

230 507 469 562 ἃνέκαθενῆ
500 509 602 564 ἀρχὴ
632 508 907 565 παρεχώρησε,
945 509 1017 563 τὴν
1045 508 1133 563 ἴσην
1161 511 1296 566 ἐκείνῳ·
1317 514 1492 564 λαχοῦσα
1519 511 1650 565 τιμήν,

231 577 415 632 ἄντικρυς
436 577 477 617 ἐκ
498 580 567 628 τῆς
588 578 788 629 βασιλείας
805 576 885 618 ἔστι
906 579 1051 629 λαβεῖν.
1084 577 1347 631 συναγομένης
1367 579 1443 635 γὰρ
1463 582 1535 632 τῆς
1551 583 1685 632 βου-5

231 648 324 697 λῆς,
354 642 476 683 πάλαι
504 643 575 696 μὲν
605 644 644 685 έν
673 649 756 693 τοῒς
785 644 1038 696 καλουμένοις
1065 642 1240 693 σενάτοις
1272 644 1384 686 οἱονεὶ
1417 647 1651 701 γερουσιάις,

231 710 333 752 καθ’
358 708 464 762 ἡμᾶς
483 710 526 750 δ’
552 711 613 751 ἐπὶ
629 705 699 752 τοῧ
719 712 908 752 παλατιόυ
919 741 932 761 ,
972 711 1013 751 ὀἱ
1035 715 1112 752 τῶν
1142 711 1225 752 ἐκεῖ
1242 710 1502 767 πρωτεύοντες
1529 727 1654 768 στρα-

229 775 433 830 τευμάτων
464 776 661 832 προϊόντες
691 778 926 834 πορρωτέρω
961 781 1038 819 τῶν
1069 779 1218 819 οἲκείων
1244 777 1370 834 ἓδρῶν
1397 778 1655 830 ἀποδέχονται

231 850 451 900 γονυπετεῖς
467 844 538 896 τὴν
558 840 817 899 ἓπαρχότητα,
855 842 880 898 ἦ
904 845 947 885 δὲ
965 842 1188 899 φιλήματος
1207 844 1313 893 ἀξιοῖ
1326 843 1560 900 προσιόντας
1581 845 1656 886 αὖ-

230 912 324 961 τοὺς
347 914 400 960 εἷς
417 912 633 966 θεραπείαν
650 916 720 952 τοῦ
738 916 921 968 στρατοῦ.
988 913 1054 951 καὶ
1075 911 1193 959 αὐτὸς
1218 912 1261 952 δὲ
1285 909 1305 951 ὅ
1322 912 1484 966 Καῖσαρ
1493 942 1507 962 ,
1541 910 1654 953 οἱονεὶ
1667 915 1710 951 10

231 983 311 1021 τῶν
326 977 529 1031 Ῥωμαίων
544 976 751 1030 βασιλεύς,
784 983 857 1031 τῆς
876 979 1079 1031 βασιλείας
1097 978 1280 1018 ἐκλείπων
1298 977 1497 1034 πρόσεισιν
1523 979 1565 1019 ἐκ
1583 988 1659 1020 πο-

232 1044 325 1095 δός,
361 1045 417 1086 δι’
446 1043 586 1086 ἑαυτοῦ
612 1044 898 1099 ἀποδεχόμενος
916 1045 985 1086 τὸν
1003 1044 1194 1102 ἄρχοντα·
1229 1039 1276 1086 οὗ
1301 1044 1411 1086 ἔνδον
1436 1043 1520 1097 ἅμα
1551 1045 1660 1102 αὐτῷ

231 1112 437 1168 γενομένου
458 1112 614 1168 φυλακὴ
635 1117 757 1162 πᾶσα,
791 1114 986 1165 μηδεμίαν
1009 1112 1098 1165 μετ’
1125 1111 1246 1153 αὐτὸν
1267 1111 1357 1153 εἶ’σω
1377 1113 1561 1166 γενέσθαι
1580 1115 1660 1153 τῶν
1711 1137 1714 1141 ·

233 1180 366 1235 ἀρχῶν
383 1182 660 1232 συγχωροῦσα,
692 1178 782 1218 ἀλλ’
807 1179 898 1219 οὐδὲ
916 1179 1172 1226 διαλυθέντος
1187 1182 1256 1219 τοῦ
1275 1178 1466 1233 συλλόγου
1489 1178 1565 1233 πρὸ
1586 1178 1661 1219 αὗ-

233 1251 304 1288 τοῢ
328 1245 542 1298 ἀναχωρεῖν
567 1244 655 1286 τινὰ
683 1249 761 1285 τῶν
789 1245 831 1285 ἐκ
851 1249 922 1296 τῆς
942 1248 1091 1296 βουλῆς
1110 1244 1382 1298 ἐπιτρέπουσα.
1447 1247 1513 1286 καὶ
1541 1250 1657 1287 τοῦτο
1671 1247 1713 1284 15

235 1314 432 1367 ἐγκρατῶς
451 1309 661 1366 ἐφυλάχθη
686 1310 777 1366 ἄχρι
798 1315 876 1352 τῶν
894 1310 1108 1352 Θεοδοσίου
1127 1314 1197 1351 τοῦ
1218 1311 1306 1351 νέου
1329 1315 1489 1367 καιρῶν,
1519 1309 1561 1361 ὃς
1581 1313 1662 1353 ἐπεὶ

235 1380 321 1427 νέος
341 1373 390 1431 ἧν
418 1379 482 1419 καὶ
511 1378 567 1418 δι’
596 1376 736 1419 ἑαυτοῦ
765 1378 913 1434 προϊὼν
939 1378 1040 1418 κατὰ
1069 1377 1114 1418 τὸ
1143 1378 1436 1430 συνειθισμένον
1454 1378 1526 1431 τὴν
1545 1379 1664 1432 τιμὴν

234 1445 472 1501 προσφέρειν
495 1444 565 1485 οὐκ
587 1444 722 1497 ἴσχυσε
744 1450 791 1500 τῇ
809 1445 933 1501 ἀρχῇ,
964 1442 1092 1485 εἰκόνα
1114 1442 1262 1497 στήσας
1279 1443 1419 1500 ὥρισεν
1434 1444 1521 1486 ἀντ’
1543 1445 1663 1488 αὗτοῦ

235 1513 503 1565 ἀποδέχεσθαι
521 1512 588 1552 τὸν
605 1512 795 1566 ὕπαρχον.
862 1513 927 1552 καὶ
949 1513 1159 1566 τραπείσης
1176 1515 1246 1564 τῆς
1265 1511 1393 1567 ὀρθῆς
1411 1511 1666 1567 ἓκφωνήσεως

235 1580 435 1635 περσίκιον
453 1578 497 1618 τὸ
517 1583 714 1634 σκῆπτρον
735 1576 754 1618 ὅ
776 1580 901 1631 δῆμος
923 1582 1051 1627 καλεῖ,
1088 1577 1146 1618 ὅτι
1165 1595 1235 1633 περ
1259 1594 1310 1631 ση
1332 1580 1433 1620 κατὰ
1448 1577 1720 1632 Ῥωμαίουςέθ

237 1646 282 1687 τὸ
303 1646 356 1686 δι’
381 1644 524 1686 ἑαυτοῦ
544 1646 705 1698 λέγεται.
772 1644 916 1698 ταύτης
949 1646 990 1685 δὲ
1018 1650 1087 1698 τῆς
1115 1650 1231 1698 τιμῆς
1263 1646 1328 1686 καὶ
1360 1644 1380 1686 ὃ
1412 1650 1482 1700 τῆς
1516 1645 1666 1695 πόλεως

238 1711 370 1769 φύλαξ
392 1710 579 1752 ἀπολαύει
603 1712 669 1752 διὰ
689 1715 757 1752 τοῦ
776 1714 950 1765 μείζονος
974 1711 1161 1768 ἄρχοντος
1186 1716 1234 1767 τῇ
1263 1710 1467 1773 ὁμωνυμία
1489 1717 1559 1766 τῆς
1581 1714 1665 1755 ἶσο-

329 1839 351 1874 5
375 1850 417 1872 an
438 1839 529 1872 forte
551 1836 589 1872 ἐκ
612 1839 677 1881 τῆς
697 1838 858 1883 βουλῆςὶ)
1008 1840 1030 1873 7
1054 1835 1092 1871 δ’
1117 1839 1181 1872 add
1203 1839 1247 1873 F.
1406 1839 1449 1872 10
1471 1835 1600 1877 αὐτοῖς
1621 1839 1664 1872 C.

330 1886 370 1917 11
395 1884 471 1927 lego
498 1881 567 1926 τὴν
592 1883 789 1927 βασιλείαν.
836 1885 881 1917 F.
1031 1885 1074 1918 12
1095 1882 1209 1917 αὐτοῦ
1237 1883 1280 1918 C.
1418 1883 1459 1918 14
1481 1881 1598 1918 αὐτοῦ
1621 1883 1666 1927 F,

329 1924 446 1970 αὐτῆς
465 1928 506 1961 C.
641 1929 687 1963 22
703 1927 772 1971 τὴν
794 1925 1028 1971 ὁμωνυμίανί)

240 2039 356 2074 consul
381 2043 452 2082 est,
474 2042 513 2071 ut
530 2037 636 2081 magis
660 2049 727 2071 non
749 2038 881 2082 possit3
915 2042 1014 2072 veste
1038 2043 1150 2078 autem
1172 2042 1236 2082 est,
1259 2050 1334 2073 cum
1356 2050 1478 2074 ornare
1498 2038 1668 2073 fortunam

238 2085 322 2127 vult,
347 2083 501 2116 altiorem
518 2083 660 2127 imperio
682 2083 873 2116 consulatus
894 2084 1015 2116 honori
1038 2086 1179 2128 gradum
1201 2086 1401 2118 decernens.

330 2130 364 2162 9.
412 2128 485 2160 Soli
508 2133 619 2160 autem
642 2133 798 2171 sceptro,
832 2134 871 2161 ut
893 2139 996 2172 supra
1014 2129 1139 2162 dictum
1163 2134 1233 2172 est,
1269 2129 1348 2163 olim
1365 2128 1509 2162 cessisse
1530 2129 1670 2172 praefe-

243 2179 383 2216 cturam,
406 2183 522 2216 parem
545 2183 618 2205 cum
643 2184 682 2204 eo
705 2173 864 2206 honorem
890 2173 1099 2217 sortientem,
1123 2175 1158 2207 in
1179 2174 1304 2218 palatio
1327 2174 1505 2208 manifeste
1528 2184 1671 2206 cernere

243 2219 336 2252 licet.
383 2222 612 2260 congregante
635 2217 723 2249 enim
747 2229 784 2250 se
807 2223 927 2251 senatu
959 2218 1061 2259 (olim
1085 2220 1219 2264 quidem
1239 2219 1274 2252 in
1295 2219 1443 2262 senatis,
1475 2218 1512 2252 id
1536 2222 1591 2252 est
1614 2229 1674 2261 γε·

244 2262 425 2307 ρουσίαις,
457 2272 545 2294 nunc
574 2267 685 2294 autem
708 2261 743 2295 in
766 2262 914 2306 palatio)
950 2263 1114 2306 primores
1143 2265 1336 2307 degentium
1359 2263 1411 2298 ibi
1431 2263 1626 2307 copiarum,
1650 2273 1672 2296 a

245 2307 382 2343 sedibus
405 2306 475 2340 suis
498 2305 630 2349 longius
653 2307 847 2350 progressi,
872 2309 1082 2350 praefectum
1104 2309 1274 2352 inxgenua
1295 2309 1553 2354 procumbentes
1577 2306 1672 2340 exci-

243 2354 353 2398 piunt,
378 2351 436 2395 qui
458 2351 570 2383 osculo
595 2352 795 2384 accedentes
811 2352 989 2394 dignatur,
1014 2354 1198 2387 exercitum
1215 2353 1347 2394 colens3
1371 2359 1474 2398 atque
1487 2352 1563 2396 ipse
1580 2351 1670 2384 Cae-

245 2409 312 2440 sar,
337 2397 373 2430 id
394 2400 447 2429 est
467 2396 693 2429 Romanorum
715 2396 912 2439 imperator,
935 2398 1054 2431 relicto
1078 2398 1204 2443 palatio
1227 2398 1372 2442 pedibus
1395 2397 1538 2440 accedit,
1561 2396 1672 2439 magi-

245 2447 388 2477 stratum
405 2441 480 2485 ipse
499 2440 692 2484 excipiens;
717 2441 775 2485 qui
799 2451 872 2474 cum
895 2453 961 2475 una
983 2443 1074 2484 intus
1097 2448 1186 2486 sunt,
1209 2454 1330 2476 severa
1348 2441 1522 2485 custodia,
1545 2440 1672 2474 nemini

245 2487 502 2530 magistratuum
520 2491 598 2529 post
621 2497 695 2519 eum
717 2485 872 2528 introire,
900 2498 1010 2531 neque
1034 2487 1143 2522 soluta
1166 2488 1327 2521 concione
1350 2487 1514 2531 cuiquam'
1529 2498 1548 2520 e
1571 2497 1671 2520 sena—-

245 2532 378 2567 toribus
403 2536 480 2564 ante
503 2541 577 2564 eum
599 2530 693 2564 exire
710 2531 923 2574 permittens.
971 2537 1074 2576 atque
1091 2533 1155 2566 hoc
1173 2538 1368 2566 constanter
1387 2533 1601 2566 observatum
1619 2534 1672 2564 est

246 2578 291 2611 ad
313 2575 502 2609 Theodosii
522 2575 664 2608 iunioris
688 2581 861 2619 tempora3
896 2576 954 2620 qui
977 2578 1133 2621 quoniam
1154 2589 1241 2621 puer
1264 2583 1359 2621 erat,
1386 2587 1496 2621 neque
1516 2576 1592 2621 ipse
1614 2585 1671 2608 se-

246 2622 391 2656 cundum
420 2621 695 2654 consuetudinem
730 2621 864 2656 obviam
899 2623 1087 2664 procedens
1120 2623 1280 2657 honorem
1303 2621 1515 2666 magistratui
1536 2623 1673 2664 poterat

245 2666 430 2709 exhibere,
465 2670 502 2699 ut
528 2665 640 2709 posita
671 2662 806 2709 effigies
835 2666 942 2710 ipsius
977 2666 1050 2700 loco
1075 2669 1284 2712 praefectum
1308 2668 1483 2712 exciperet
1504 2663 1671 2699 decrevit.

245 2716 282 2745 et
312 2716 438 2744 mutata
470 2710 616 2754 genuina
644 2711 920 2754 pronuntiatione
948 2712 1129 2754 persicium
1159 2713 1280 2756 vulgus
1311 2717 1481 2757 sceptrum
1513 2708 1672 2754 appellat,

245 2756 327 2799 quia
345 2767 409 2801 per
430 2767 465 2789 se
491 2756 718 2789 Romanorum
741 2767 895 2789 sermone
917 2755 958 2790 τὸ
986 2753 1039 2789 δι’
1071 2755 1205 2791 ἑαυτοῦ
1229 2757 1366 2791 dicitur.
1412 2757 1477 2789 hoc
1505 2755 1580 2800 ipso
1610 2753 1671 2786 ho-

246 2811 330 2834 nore
363 2806 475 2835 autem
509 2804 544 2834 et
574 2802 770 2846 praefectus
802 2801 880 2836 urbi
911 2813 932 2836 a
957 2801 1078 2836 maiori
1107 2803 1308 2847 magistratu
1329 2800 1516 2844 afficitur,.
1529 2797 1673 2833 nominis
