1748 3210
236 180 328 226 150
748 179 966 223 IOANNIS
1002 179 1132 222 LYDI

230 291 330 335 ὥστε
348 292 491 342 αὐτοὺς
509 294 661 335 διαιτᾶν
679 299 761 341 τοῖς
778 288 968 345 δημόταις
985 291 1051 332 καὶ
1068 290 1138 343 τὴν
1158 290 1305 348 ἀγορὰν
1320 291 1640 336 bundam-9121·

231 359 277 401 οἳ
288 361 385 416 πρὸς
406 361 632 410 ἀλαζονείαν
650 359 837 414 ἀρθέντες
857 357 927 399 οὒκ
947 357 1151 413 ἠρυθρίων
1171 360 1235 399 καὶ
1257 359 1385 402 αὗτῶν
1405 365 1484 402 τῶν
1498 377 1640 416 πατρι-

228 428 323 469 κίων
340 429 702 483 καταψηφίζεσθαι.
768 429 824 481 τῷ
843 425 886 466 δὲ
906 426 1067 481 εἰκοστῷ
1085 424 1202 480 τρίτῳ
1223 429 1299 466 τῶν
1315 424 1474 469 ὑπάτων
1493 426 1565 469 ἔτει
1585 429 1639 476 εἷς

225 501 331 550 τρεῖς
358 495 517 548 μοίραςἔ
534 493 584 533 τὰ
612 496 682 545 τῆς
707 490 829 547 ἀρχῆς
854 492 1044 547 διῃρέθη,
1084 493 1138 539 εἷς
1159 491 1252 539 τοὺς
1270 489 1464 544 ὗπάτους,
1495 495 1550 543 εἲς
1571 493 1639 535 τὸν

224 564 296 613 τῆς
323 559 472 607 πόλεως
496 558 674 614 ὕπαρχον
703 561 768 599 καὶ
800 558 868 600 τὸν
890 561 1045 613 ιδῆμον·
1079 559 1144 599 καὶ
1167 557 1205 598 οἳ
1225 558 1296 610 μὲν
1313 557 1455 600 ῧιτατοι
1473 558 1671 616 διῴκουν5

225 627 318 674 τοὺς
345 626 561 677 πολέμους,
596 623 616 666 ὃ
648 626 690 666 δὲ
719 627 845 679 δῆμος
869 622 1140 682 ἐστρατεύετο,
1174 623 1195 665 ὅ
1217 641 1259 679 γε
1279 624 1358 678 μὴν
1378 623 1552 680 ὕπαρχος
1571 626 1641 680 τὴν

224 691 339 733 πόλιν
366 690 584 747 ἐφύλαττε,
618 700 750 732 custos
786 694 894 732 urbis
926 689 1310 748 προσαγορευόμενος
1339 689 1479 732 ὡσανεὶ
1512 691 1642 747 φύλαξ

224 763 296 812 τῆς
323 757 484 807 πόλεως.
551 762 608 815 τῷ
630 759 671 799 δὲ
691 757 816 815 ὀγδόῳ
839 760 903 799 καὶ
924 761 1084 814 εἰκοστῷ
1102 763 1178 799 τῶν
1200 756 1359 799 ὑπάτων
1378 757 1474 808 ἔτει,
1502 759 1642 815 διαφε-

226 826 400 880 ρομένων
417 829 488 867 τοῦ
507 823 634 878 δήμου
654 827 720 867 καὶ
737 830 806 878 τῆς
820 829 990 879 βουλῆς,
1024 821 1161 874 Αὖλος
1179 823 1431 880 Σεμπρώνιος
1446 840 1644 880 προσηγο-

226 891 353 946 ρεύθη
383 890 598 948 δικτάτωρ,
634 891 677 940 ὃς
707 893 748 933 ἔκ
777 893 848 945 μὲν
870 896 940 945 τῆς
959 896 1108 945 βουλῆς
1126 890 1248 933 Γάϊον
1268 890 1428 933 Ἰούλιον
1449 891 1490 932 ἐκ
1509 892 1552 932 δὲ
1573 896 1641 933 τοῦ
1655 899 1696 932 10
1732 918 1738 924 ·

226 957 356 1012 δήμου
380 958 547 1001 Κόϊντον
570 956 725 1011 Φάβιον
741 958 1022 1015 χειροτονήσας
1042 957 1216 1007 ὑπάτους
1236 958 1403 1000 ἀπέθετο
1421 958 1492 1012 τὴν
1508 959 1644 1000 δικτα-

223 1030 386 1081 τοῦραν.
454 1021 574 1075 αὖθις
606 1026 666 1066 ἐπὶ
693 1030 764 1068 τοῦ
795 1029 1112 1081 τεσσαρακοστοῦ
1142 1027 1206 1067 καὶ
1231 1023 1370 1081 ὀγδόου
1392 1029 1470 1066 τῶν
1485 1023 1645 1066 ὑπάτων

224 1090 337 1141 ἴτους
360 1091 591 1147 προεβλήθη
615 1091 807 1148 δικτάτωρ
829 1091 950 1142 Γάϊος
967 1091 1201 1148 Μάμερκος.
1268 1096 1340 1133 τοῦ
1360 1093 1402 1133 δὲ
1421 1090 1549 1146 δήμου
1566 1109 1645 1132 πα-

223 1163 522 1208 λινστατοῦντος
546 1159 853 1215 προεβλήθησαν
875 1161 1074 1214 χιλίαρχοι
1102 1165 1224 1213 τρεῖς·
1258 1153 1313 1200 ὧν
1331 1157 1574 1200 σαλευόντων
1594 1158 1645 1200 τὰ

192 1228 197 1234 ’
226 1224 443 1281 πράγματα
482 1224 728 1280 ἀνηγορεύθη
762 1225 954 1281 δικτάτωρ
990 1227 1110 1274 Τίτος
1142 1224 1330 1276 Κύντιος,
1371 1224 1414 1274 ὃς
1439 1226 1480 1266 ἓν
1506 1223 1698 1278 μόναις15

227 1294 332 1347 τρισὶ
355 1293 420 1333 καὶ
443 1292 536 1333 δέκα
558 1290 723 1346 ἡμέραις
746 1293 1076 1344 κατευνασθείσης
1096 1296 1166 1343 τῆς
1187 1290 1361 1339 στάσεως
1386 1291 1554 1334 ἀπέθετο
1575 1292 1647 1345 τὴν

225 1356 368 1412 ἀρχήν.
435 1362 491 1415 τῷ
514 1359 556 1399 δὲ
579 1357 860 1414 ἑβδομηκοστῷ
881 1356 1053 1414 τετάρτῳ
1075 1361 1152 1399 τῶν
1173 1355 1333 1399 ὑπάτων
1354 1358 1539 1414 ἐνιαυτῷ,
1569 1363 1648 1400 τῶν

226 1428 446 1480 Τυρρηνῶν
465 1424 737 1481 ταραττόντων
758 1426 809 1467 τὰ
831 1423 1068 1480 πράγματα,
1102 1423 1167 1465 διὰ
1189 1424 1232 1466 τὸ
1255 1425 1425 1478 μέγεθος
1442 1429 1512 1465 τοῦ
1531 1425 1648 1466 πολέ-

224 1508 304 1544 μου
327 1491 574 1547 ἀνηγορεύθη
596 1490 788 1547 δικτάτωρ
810 1491 985 1547 Μάρκος
1003 1492 1210 1543 Αἰμίλιος·
1243 1492 1342 1544 μεθ’
1366 1490 1409 1532 ὃν
1427 1489 1645 1542 Πούπλιος,

226 1557 270 1607 ὃς
294 1558 334 1598 ἓν
354 1556 399 1607 (ἐξ
422 1560 487 1598 καὶ
514 1559 607 1599 δέκα
626 1557 767 1611 μόναις
788 1557 953 1613 ἡμέραις
975 1557 1042 1598 τὸν
1063 1557 1162 1612 πρὸς
1182 1558 1275 1606 τοὺς
1294 1557 1524 1613 Τυρρηνοὺς
1545 1559 1700 1600 διοι-20

224 1622 350 1677 κήσας
389 1623 559 1678 πόλεμον
597 1624 779 1666 ἀπέθετο.
847 1619 968 1673 αὖθις
995 1624 1038 1665 δὲ
1067 1629 1137 1665 τοῦ
1169 1622 1296 1678 δήμου
1323 1625 1646 1680 προστησαμένου

222 1689 453 1747 χιλιάρχους
481 1693 547 1732 καὶ
576 1695 646 1744 τῆς
672 1695 821 1744 βουλῆς
854 1691 1144 1744 ἀνθισταμένης
1172 1690 1420 1748 ἀνηγορεύθη
1452 1689 1647 1748 δικτάτωρ

226 1756 414 1809 Κόϊντος,
450 1758 494 1808 ὃς
523 1759 563 1800 ἓν
592 1758 693 1802 ὀκτὼ
721 1757 886 1815 ἡμέραις
908 1756 1123 1807 διαλλάξας
1143 1758 1213 1812 τὴν
1234 1757 1346 1800 πόλιν
1368 1757 1646 1801 ἀπεπαύσατο·

313 1898 336 1931 9
362 1896 466 1937 λύλος
488 1898 531 1932 C.
670 1899 711 1934 11
732 1895 887 1933 κόϊνθον
908 1895 1028 1940 vulgo,
1052 1900 1088 1930 et
1107 1894 1197 1929 infra
1217 1893 1378 1936 κόῖνθος.
1516 1896 1557 1931 18
1579 1895 1645 1930 τοῦ

310 1940 490 1986 μεγέθους
509 1942 622 1988 vulgo.
759 1945 801 1979 19
824 1940 932 1987 μέσον
955 1944 1004 1986 C,
1028 1942 1078 1975 uti
1103 1948 1137 1976 et
1158 1940 1249 1976 alibi.
1274 1943 1318 1976 F.

221 2065 299 2096 rent
330 2063 474 2107 foroque
504 2068 723 2109 praeessent3
756 2064 815 2109 qui
846 2064 890 2098 ad
922 2063 1150 2108 arrogantiam
1182 2062 1336 2108 provecti
1366 2062 1461 2107 ipsos
1485 2061 1648 2107 patricios

223 2108 448 2141 condemnare
469 2121 536 2142 non
558 2111 734 2143 erubuere.
783 2121 870 2143 anno
895 2114 1005 2142 autem
1029 2121 1050 2142 a
1073 2109 1248 2143 consulatu
1269 2108 1433 2152 vigesimo
1457 2106 1558 2140 tertio
1582 2107 1644 2140 tri—

222 2152 345 2186 fariam
375 2152 553 2198 imperium
584 2154 730 2187 divisum
761 2159 830 2198 est,
866 2153 957 2186 inter
979 2155 1153 2198 consules,
1189 2154 1396 2198 praefectum
1418 2151 1495 2185 urbi
1517 2156 1552 2184 et
1573 2151 1646 2196 ple-

222 2197 318 2238 bem,
353 2201 387 2230 et
409 2198 564 2231 consules
587 2199 721 2242 quidem
743 2199 832 2232 bella
854 2198 1154 2242 administrabant,
1184 2199 1280 2242 plebs
1303 2197 1485 2240 militabat,
1510 2197 1644 2241 praese-

223 2247 299 2274 ctus
321 2251 404 2275 vero
428 2244 543 2276 urbem
566 2244 778 2277 custodiebat
801 2243 1044 2287 dicebaturque
1066 2249 1179 2277 custos
1201 2243 1306 2276 urbis.
1352 2242 1517 2285 vigesimo
1537 2246 1649 2275 autem

223 2290 346 2319 octavo
379 2297 399 2319 a
431 2287 607 2320 consulatu
642 2299 749 2330 anno,
786 2288 885 2332 plebe
906 2299 926 2321 a
949 2294 1068 2322 senatu
1091 2288 1332 2331 dissentiente,
1370 2286 1516 2320 dictator
1537 2285 1649 2320 dictus

225 2335 278 2364 est
302 2330 345 2363 A.
372 2332 613 2376 SemproniuS,
647 2333 706 2375 qui
739 2342 813 2366 cum
842 2344 862 2365 e
889 2338 1010 2366 senatu
1033 2334 1074 2366 C.
1099 2332 1237 2375 Iulium,
1273 2345 1292 2366 e
1315 2332 1414 2377 plebe
1437 2331 1483 2370 Q.
1501 2330 1647 2364 Fabium

222 2375 377 2409 consules
421 2376 645 2419 nominasset,
695 2376 897 2410 dictaturam
937 2378 1105 2422 deposuit.
1151 2388 1268 2410 rursus
1299 2386 1387 2410 anno
1420 2386 1443 2408 a
1473 2374 1647 2408 consulatu

221 2420 480 2465 quadragesimo
505 2427 626 2455 octavo
651 2421 797 2455 dictator
814 2426 949 2455 creatus
972 2427 1024 2455 est
1046 2424 1088 2456 C.
1107 2422 1309 2455 Mamercus.
1355 2420 1454 2465 plebe
1476 2431 1557 2453 vero
1578 2419 1645 2454 ite-

221 2476 296 2499 rum
321 2489 376 2498 ...
401 2464 530 2499 tribuni
556 2465 695 2499 militum
718 2473 790 2499 tres
816 2467 923 2499 creati
947 2472 1041 2509 sunt3
1073 2467 1132 2510 qui
1155 2477 1228 2500 cum
1251 2477 1321 2500 rem
1345 2464 1511 2510 publicam
1534 2464 1644 2510 agita-

219 2514 316 2552 rent,
355 2509 502 2544 dictator
531 2511 640 2544 dictus
669 2516 721 2544 est
747 2511 794 2544 T.
819 2510 1000 2554 Quintius,
1037 2511 1095 2555 qui
1127 2511 1217 2545 intra
1238 2510 1400 2544 tredecim
1421 2514 1550 2543 tantum
1571 2509 1647 2543 dies

224 2555 344 2588 sedato
368 2555 510 2588 dissidio
537 2555 711 2600 imperium
736 2555 861 2600 posuit.
909 2568 997 2589 anno
1022 2563 1131 2590 autem
1160 2568 1180 2590 a
1203 2556 1376 2590 consulatu
1398 2553 1646 2599 septuagesimo

224 2603 367 2643 quarto,
403 2599 595 2643 Tyrrhenis
623 2610 693 2633 rem
725 2600 890 2646 publicam
921 2601 1218 2644 perturbantibus,
1251 2604 1391 2646 propter
1412 2598 1492 2632 belli
1513 2598 1644 2643 magni—

222 2644 373 2677 tudinem
404 2644 551 2678 dictator
583 2650 716 2678 creatus
749 2650 802 2679 est
832 2645 883 2678 M.
907 2645 1089 2689 Aemilius,
1120 2651 1154 2678 et
1189 2651 1266 2691 post
1296 2656 1370 2678 eum
1397 2643 1556 2686 Publius,
1587 2643 1645 2686 qni

220 2686 314 2722 intra
336 2689 482 2723 sedecim
506 2693 634 2723 tantum
657 2690 741 2733 dies,
767 2700 840 2723 cum
862 2690 981 2724 bellum
1006 2696 1125 2724 contra
1144 2691 1346 2733 Tyrrhenos
1368 2687 1645 2729 administrasset,

221 2733 409 2767 abdicavit.
455 2745 573 2768 rursus
596 2746 618 2768 a
640 2735 739 2780 plebe
760 2734 884 2768 creatis
902 2735 1066 2778 tribunis,
1091 2741 1125 2769 et
1148 2741 1268 2769 senatu
1286 2733 1476 2776 obnitente,
1499 2732 1646 2766 dictator

220 2775 333 2812 dictus
365 2784 416 2813 est
451 2778 619 2825 Quintus,
655 2779 715 2826 qui
737 2780 828 2815 intra
850 2785 926 2816 octo
949 2780 1024 2815 dies
1045 2780 1267 2816 reconciliata
1295 2779 1438 2814 civitate
1458 2775 1644 2812 abdicavit.
