1748 3210
252 201 344 247 162
770 199 988 244 IOANNIS
1003 193 1008 196 ’
1021 199 1152 244 LYDI

250 330 342 365 νου,
381 313 498 368 ἐχρῆν
526 311 633 366 ἡμᾶς
662 309 887 367 ἔμπροσθεν
903 308 1054 353 τούτων
1073 311 1382 368 ἐπιμνησθῆναι·
1415 311 1665 370 ἀλλ”ἔπειδὴ

250 381 307 434 μὴ
331 387 417 429 ταῖς
440 380 581 434 ἀρχαῖς
600 382 672 432 τῆς
693 380 890 428 πολιτείας
910 380 975 420 καὶ
996 380 1105 420 τουτὶ
1125 383 1458 434 συναριθμεῖσθαι
1474 381 1519 424 τὸ
1540 380 1665 438 φρόν-

250 463 374 500 τισμα
397 446 539 498 νόμος,
574 444 756 498 σύστημα
789 446 831 487 δὲ
859 447 924 487 καὶ
950 449 1070 499 σῶμα
1091 443 1270 500 τυγχάνει
1296 451 1531 504 λειτουργίας
1547 447 1666 504 χάριν

251 514 480 566 ε’πινοηθέν,
510 511 613 561 εἰκὸς
642 506 691 565 ἦν
723 514 788 552 καὶ
816 513 912 554 αὐτὸ
935 510 989 562 ὥς
1010 517 1103 567 γοῦν
1123 513 1260 567 πέρατι
1278 514 1510 570 τῶνκᾶρχῶν
1533 532 1666 571 παρα-

251 582 417 622 θέσθαι.
485 579 531 619 οὗ
554 578 629 634 γὰρ
653 577 774 631 μόνον
797 580 868 634 τὴν
889 578 1001 621 πόλιν
1019 581 1062 630 ἐξ
1081 581 1297 635 ἐπιδρομῆς
1315 581 1382 621 καὶ
1397 580 1698 636 λανθανούσηςό

251 645 399 702 ἐφόδου
432 647 627 699 πολεμίων
655 645 885 699 ἀπήμαντον
914 649 980 688 καὶ
1013 648 1275 689 ἀστασίαστον
1304 647 1505 702 ἐμφυλίου
1514 646 1670 702 βλάβης

251 711 539 769 φυλάττουσιν,
579 712 682 753 ἀλλὰ
713 716 778 754 καὶ
807 720 890 763 τοῖς
921 713 998 755 ἀπὸ
1024 718 1102 755 τῶν
1125 715 1366 770 ἓμπρησμῶν
1385 715 1667 767 βλαπτομένοις

251 777 460 832 ἀμύνουσι.
527 781 593 820 καὶ
611 778 765 834 μάρτυς
782 783 948 829 Παῦλος
966 779 986 821 ὃ
1006 782 1226 834 νομοθέτης
1247 781 1381 829 αὐτοῖς
1399 778 1666 836 ῥήμασι-καθ’

251 845 459 902 ἑρμηνείαν
481 844 616 895 οὕτως.
682 844 764 887 “th
782 847 1029 902 τριανὸρικὸν
1054 847 1239 901 σύστημα
1261 847 1372 903 παρὰ
1392 853 1473 896 τοῖς
1491 851 1672 896 παλαιοῖς

253 913 320 954 διὰ
337 913 430 962 τοὺς
447 913 702 969 ἐμπρησμοὺς
718 913 984 968 προεβάλοντο
995 928 1006 938 ·
1041 915 1085 956 οἳ
1101 917 1165 955 καὶ
1189 915 1401 970 νυκτερινοὶ
1421 915 1463 955 ἐκ
1482 917 1554 956 τοῦ
1567 912 1669 969 πρά·
1679 922 1722 957 10

250 996 400 1035 γματος
417 980 604 1034 ἐλέγοντο.
671 985 844 1033 συνῆσαν
862 982 904 1022 δὲ
928 981 1060 1030 αὐτοῖς
1081 984 1146 1023 καὶ
1169 982 1209 1022 οἱ
1229 979 1468 1037 ἀγορανόμοι
1483 983 1549 1023 καὶ
1569 979 1672 1034 δήμ-

251 1063 367 1103 αρχοι
395 1045 607 1102 ὑπουργοί,
641 1046 844 1102 κολλήγιον
862 1049 969 1102 (ἀντὶ
991 1053 1061 1089 τοῦ
1081 1047 1310 1102 σύστημα),
1343 1047 1437 1104 ὅπερ
1458 1048 1530 1098 τὰς
1546 1046 1673 1097 πύλας

250 1119 322 1168 τῆς
341 1113 490 1163 πόλεως
507 1113 597 1170 ᾤκει
620 1117 686 1155 καὶ
705 1115 755 1156 τὰ
775 1117 894 1169 τείχη,
929 1114 1028 1156 ὥστε
1045 1120 1117 1168 τῆς
1133 1117 1270 1170 χρείας
1287 1113 1484 1168 καλούσης
1504 1115 1673 1170 εὐχερῶς
1716 1132 1719 1135 ·

249 1179 550 1237 εὖρισκομένους
570 1182 833 1236 συντρέχειν.”
905 1181 1007 1223 οὕτω
1028 1183 1100 1234 μὲν
1121 1180 1140 1222 ὃ
1161 1184 1346 1230 Παῦλος·
1380 1181 1439 1223 ὅτι
1457 1182 1499 1223 δὲ
1517 1181 1672 1235 ἀληθὴς

250 1246 272 1288 ὁ
303 1246 418 1300 λόγος
447 1248 551 1297 ἔστί,
587 1250 652 1288 καὶ
675 1251 743 1288 νῦν
764 1245 942 1290 τοιούτου
965 1248 1069 1297 τινὸς
1092 1248 1180 1289 ἀπει
1202 1250 1487 1300 συμβαίνοντος
1510 1248 1586 1290 ἀνὰ
1600 1249 1669 1302 τὴν
1679 1253 1724 1287 15

250 1312 364 1355 πόλιν
395 1313 432 1354 οἱ
461 1313 580 1366 τυχὸν
605 1315 813 1369 ἐπικαίρως
838 1315 879 1365 ἐξ
906 1314 1034 1356 αὐτῶν
1054 1313 1318 1371 εὑρισκόμενοι
1338 1319 1508 1367 βοῶντες
1528 1319 1578 1370 τῇ
1593 1332 1672 1355 πα·

248 1379 568 1437 τρίῳ“Ρωμαι’ων
586 1386 700 1438 φωνῇ
718 1396 860 1424 omnes
877 1383 1088 1434 collegiati,
1107 1379 1191 1423 οἷον
1206 1383 1324 1423 εἰπεῖν
1340 1379 1513 1430 “πάντες
1528 1379 1677 1437 ἑταῖροι

250 1446 537 1503 συνδράμετε.”

383 1515 460 1557 51.
529 1512 694 1556 Τούτων
723 1513 826 1556 οὕτω
853 1516 1134 1570 προαχθέντων
1155 1515 1265 1555 ἕκτον
1287 1517 1352 1556 καὶ
1375 1513 1676 1556 ἑπτακοσιοστὸν

250 1578 337 1629 {tog
369 1585 420 1637 τῇ
450 1579 558 1622 πόλει
581 1580 806 1636 κεχωρήκει.
874 1583 1035 1638 ,Καῖσαρ
1053 1582 1095 1622 δὲ
1109 1586 1319 1637 μοναρχῶν
1335 1581 1466 1631 πάσας
1483 1583 1555 1634 μὲν
1577 1582 1727 1624 ang-20

250 1664 375 1689 παυσε
406 1646 479 1696 τὰς
508 1646 655 1702 ἀρχάς,
689 1647 761 1701 τὴν
791 1648 834 1689 δὲ
864 1653 942 1690 τῶν
974 1648 1075 1690 ὅλων
1107 1647 1274 1701 δύναμιν
1297 1649 1430 1706 ἀρχῶν
1454 1647 1673 1699 ἀνεζώσατο

335 1766 359 1799 9
389 1763 474 1809 ipsis
497 1763 595 1796 Pauli
617 1763 734 1798 verbis
759 1764 915 1808 (Digest.
938 1766 955 1799 1
979 1765 1034 1798 tit.
1056 1765 1122 1807 15)
1147 1764 1183 1797 in
1200 1765 1360 1799 versione
1382 1777 1462 1799 usus
1486 1776 1582 1808 sum,
1612 1777 1672 1799 ex—

337 1821 376 1843 ce
402 1815 436 1842 to
459 1814 586 1842 tantum
603 1810 747 1850 familia
773 1811 928 1853 publica,
960 1821 1022 1854 pro
1048 1821 1113 1854 quo
1133 1809 1168 1842 in
1190 1815 1287 1861 textu
1308 1821 1407 1856 quem
1429 1810 1547 1853 Lydus
1570 1810 1675 1844 vertit

337 1820 516 1898 collegium
549 1853 678 1896 fuisse,
719 1866 761 1887 ex
794 1854 866 1888 eius
901 1854 1062 1887 versione
1092 1853 1303 1897 intelhgitur.
1346 1856 1389 1889 F.
1570 1856 1609 1890 11
1629 1866 1674 1888 an

338 1898 533 1950 δήμαρχοι,
570 1894 748 1950 ὑπούργει
783 1896 822 1932 δὲ
859 1897 1074 1954 κολλῄγιρνξ)
1113 1905 1148 1931 et
1176 1911 1259 1954 ¹'mox
1297 1894 1319 1932 ὃ
1358 1898 1440 1943 περὶ
1470 1899 1526 1934 vel
1562 1896 1676 1942 παρὰ.

339 1945 523 2032 ῙΞθεέῐὶιὲιῶεν
532 1942 894 2032 οἳοὶίιξέἷξῖὶχθόέπων
916 1955 1076 2022 (fratem
1098 1944 1148 1986 F,
1173 1955 1287 1987 ετεροι
1305 1945 1347 1978 C.
1525 1945 1567 1980 19
1584 1956 1675 1988 προ-

336 1999 360 2021 a
581 2013 591 2030 ‚
934 2009 957 2022 a·

249 2086 382 2130 quidem
407 2088 450 2122 ad
471 2089 634 2132 temporis
656 2088 824 2137 spatium,
854 2100 916 2122 nos
933 2090 1028 2133 prius
1051 2090 1094 2124 de
1117 2090 1169 2124 his
1193 2101 1452 2124 commemorare
1473 2091 1674 2134 oportebat:

248 2142 366 2164 verum
397 2132 554 2174 quoniam
587 2133 652 2166 hoe
679 2145 797 2166 munus
825 2134 1078 2177 magistratibus
1107 2135 1160 2168 rei
1190 2135 1345 2179 publicae
1374 2135 1587 2169 annumerari
1609 2146 1676 2168 non

249 2175 356 2218 solet,
381 2181 500 2220 estque
527 2177 703 2220 collegium
736 2184 772 2211 et
802 2190 924 2222 corpus
957 2179 1137 2212 ministerii
1166 2191 1267 2213 causa
1287 2180 1483 2224 inventum,
1513 2192 1576 2224 par
1602 2184 1676 2214 erat

250 2219 349 2265 quasi
371 2225 521 2254 extremo
544 2222 662 2266 utique
685 2222 940 2266 magistratuum
964 2224 1044 2257 illud
1066 2225 1263 2268 adiungere.
1313 2225 1436 2258 etenim
1459 2237 1526 2259 non
1546 2230 1678 2259 tantum

250 2267 293 2298 ab
323 2264 461 2298 incursu
486 2270 522 2299 et
543 2266 755 2301 clandestina
772 2267 964 2311 irruptione
987 2268 1133 2302 hostium
1155 2282 1194 2302 ac
1217 2269 1472 2303 domesticarum
1493 2270 1677 2304 factionum

248 2309 334 2343 malo
356 2309 554 2344 incolumem
577 2311 748 2344 civitatem
773 2318 966 2356 praestant,
1001 2325 1118 2347 verum
1136 2314 1236 2347 etiam
1257 2315 1413 2348 incendio
1437 2315 1574 2349 afflictis
1595 2325 1673 2348 suc-

249 2359 400 2388 currunt.
447 2355 546 2389 testis
581 2362 634 2389 est
664 2356 789 2390 Paulus
822 2357 1099 2401 iurisconsultus,
1135 2359 1229 2392 cuius
1257 2359 1333 2402 ipsa
1362 2360 1467 2392 verba
1493 2361 1676 2393 secundum

248 2399 440 2433 versionem
479 2400 564 2433 haec
603 2406 693 2434 sunt.
739 2397 859 2444 “apud
891 2403 1098 2437 vetustiores
1126 2403 1293 2437 incendiis
1321 2404 1476 2437 arcendis
1505 2403 1676 2438 triumviri

248 2450 451 2488 praeerant,
475 2445 534 2488 qui
556 2446 599 2478 ab
626 2457 666 2478 eo
690 2446 780 2489 quod
806 2447 965 2480 excubias
989 2450 1137 2491 agebant
1154 2448 1310 2481 nocturni
1329 2448 1410 2481 dicti
1429 2453 1519 2483 sunt.
1566 2449 1675 2482 inter-

248 2489 435 2523 veniebant
451 2501 687 2533 nonnunquam
708 2496 743 2524 et
761 2491 888 2524 aediles
908 2498 943 2525 et
959 2493 1089 2526 tribuni
1106 2493 1227 2537 plebis.
1275 2499 1349 2527 erat
1369 2499 1480 2527 autem
1499 2493 1675 2538 collegium

250 2534 342 2567 circa
374 2540 490 2577 portas
520 2540 556 2568 et
580 2546 693 2568 muros
724 2535 944 2579 dispositum,
980 2539 1088 2580 unde,
1126 2539 1155 2571 si
1185 2548 1269 2582 opus
1299 2543 1411 2581 esset,
1443 2535 1674 2572 vocabatur-'³

248 2578 298 2612 ita
327 2579 471 2620 Paulus;
509 2590 606 2623 quem
636 2591 754 2614 verum
778 2581 906 2614 dixisse
929 2586 1126 2625 argumento
1155 2589 1227 2625 est,
1265 2583 1355 2626 quod
1379 2583 1580 2628 etiamnum,
1616 2583 1676 2616 ubi

248 2623 316 2656 tale
340 2623 421 2667 quid
442 2623 479 2657 ih
500 2626 583 2658 urbe
608 2625 752 2668 accidit,
784 2626 843 2669 qui
865 2638 907 2659 ex
930 2626 995 2660 illis
1019 2633 1209 2671 opportune
1236 2628 1326 2661 forte
1349 2627 1588 2670 inveniuntur,
1611 2639 1671 2671 pa-

243 2668 311 2701 trio
342 2668 568 2703 Romanorum
596 2681 751 2703 sermone
781 2670 924 2705 clamant
955 2669 1102 2706 “omnes
1131 2669 1350 2716 collegiati!”
1387 2673 1423 2707 id
1450 2678 1524 2716 est,
1560 2683 1674 2707 omnes

244 2712 395 2756 collegae
418 2714 552 2748 adeste!

331 2758 388 2791 51.
436 2759 508 2792 Sub
538 2759 631 2792 hisce
661 2760 915 2804 magistratibus
938 2772 1059 2795 annum
1082 2761 1419 2806 septingentesimum
1442 2766 1575 2796 sextum
1592 2762 1675 2795 urbs

240 2800 408 2844 implevit.
455 2803 584 2838 Caesar
603 2810 715 2839 autem
734 2816 848 2840 rerum
864 2806 1012 2850 potitus,
1038 2806 1191 2841 omnibus
1214 2807 1389 2852 abrogatis
1407 2805 1673 2851 magian-atibus,
