1748 3210
616 186 695 228 DE
730 184 1018 230 OSTENTIS.
1454 185 1549 231 301

110 299 294 363 ἄρ”μόζειν
313 300 632 358 διισχυρίζονται.
699 303 767 343 καὶ
793 301 831 344 οἷ
854 301 928 356 μὲν
957 296 1062 342 καθ’
1096 292 1266 352 ἑκάστην
1297 294 1451 354 ἡμέραν
1477 305 1550 342 τοῦ

106 371 271 428 ἡλιακοῦ
302 369 449 425 μηνός,
497 369 535 410 οἶ
564 370 607 411 δὲ
634 366 827 420 ὡσαύτως
854 367 1056 426 ἐφήμερον
1083 366 1152 408 τὸν
1182 366 1414 420 σεληνιακὸν
1439 372 1550 422 μῆνα

106 438 438 494 διαλαμβάνουσι.
507 439 573 480 καὶ
595 431 703 480 οὗτοι
722 439 796 492 μὲν
816 438 918 495 πρὸς
939 437 990 479 τὰ
1013 434 1135 494 ζῴδια
1155 434 1224 476 τὸν
1243 433 1377 488 ἥλιον,
1412 435 1550 478 ἐκεῖνοι

104 509 151 551 δὲ
165 507 237 562 τὴν
256 506 424 562 σελήνην
446 503 727 561 ἀνιχνεύουσιν.
785 505 884 549 ὥστε
891 507 1083 562 χρειῶδες
1092 500 1251 545 πάντων
1263 502 1339 544 ἀνὰ
1350 503 1472 560 μέρος
1483 506 1551 545 καὶ

68 573 180 633 5ῧφ’
201 574 246 618 ἓν
267 577 575 630 ἐπιμνησθῆναι,
611 576 678 616 καὶ
698 578 857 631 πρῶτον
875 579 956 617 τῶν
974 571 1150 628 ἡλιακῶν
1172 573 1364 626 σημείων·
1397 573 1461 614 δεῒ
1473 571 1552 628 γὰρ

99 642 214 700 ἥλιον
242 642 378 686 κάλλει
406 645 473 686 καὶ
503 640 668 696 δυνάμει
698 643 770 698 τὴν
798 648 933 686 πᾶσαν
966 639 1233 695 διακόσμησιν
1256 639 1551 695 ἂναβεβηκότα,

99 714 168 754 καὶ
196 710 376 770 τοσούτῳ
405 713 609 770 κρείττονα
639 716 719 753 τῶν
739 715 947 767 αἰσθητῶν
970 709 1053 769 ὅσῳ
1074 708 1260 766 τάγαθὸν
1283 714 1364 752 τῶν
1383 713 1552 764 νοητῶν,

99 780 313 823 κᾶνταῖθα
333 781 383 823 τὰ
401 785 541 838 πρῶτα
566 783 716 833 λαβεῖν.

238 849 316 893 23.
378 846 427 891 Ὅ
461 848 608 903 ἥλιος
642 847 958 904 αἰγοκέρωτι
997 848 1093 902 μηνὶ
1117 845 1365 903 Ἰανουαρίῳ.
1433 842 1550 900 ἡλίου

43 924 91 960 10
101 916 203 973 πρὸς
233 915 448 973 αἰγόκερων
480 914 716 973 παριόντος,
763 919 797 956 εἰ
839 915 1014 970 βροντὴν
1053 916 1316 968 ἐπιρραγῆναι
1354 915 1550 967 συμβαιή,

98 983 224 1038 ἀχλὺς
242 983 352 1027 ἔσται
372 991 518 1038 παχεῖα
537 986 604 1026 καὶ
623 981 856 1036 καπνώδης,
893 979 948 1031 ὥς
965 979 1125 1038 ἀώρους
1142 980 1237 1030 τοὺς
1257 981 1436 1037 καρποὺς
1456 983 1550 1023 ἕνα·

97 1057 412 1109 πομαρανθῆναι
433 1059 517 1102 τοῖς
539 1058 700 1109 φυτοῖς,
736 1053 804 1093 καὶ
824 1050 965 1100 ἄποιος
980 1048 1007 1092 ,ὅ
1032 1047 1150 1099 οἶνος.
1219 1051 1254 1091 εἰ
1277 1050 1320 1090 δὲ
1339 1050 1456 1105 μέχρι
1476 1053 1550 1104 τῆς

95 1119 282 1172 ἔπιτολῆς
310 1125 384 1160 τοῦ·
405 1121 524 1167 κυνὸς
547 1118 572 1171 ἧ
595 1118 718 1170 ἀχλὺς
745 1120 941 1170 ἐπιμένοι,
986 1119 1168 1166 ἓπίνοσος
1189 1115 1210 1157 ὃ
1234 1117 1415 1166 ἐνιαυτὸς
1435 1116 1549 1159 ἔσται

95 1188 163 1228 καὶ
184 1187 295 1228 σίτου
313 1183 462 1240 ἐνδεής.
529 1184 801 1242 διαφερόντως
821 1186 864 1227 δὲ
880 1189 1009 1228 ταῦτα
1027 1182 1277 1239 συμβήσεται
1295 1186 1361 1226 ἐπί
1379 1201 1422 1227 τε
1441 1187 1548 1228 Μα-

41 1261 84 1297 15
97 1255 277 1304 κεδονίας
300 1252 467 1313 Θρᾴκης
491 1252 708 1309 Ἰλλυρίδος
732 1255 800 1295 καὶ
828 1258 901 1308 τῆς
926 1252 1008 1295 ἅνω
1026 1254 1194 1308 Ἰνδικῆς
1206 1252 1392 1309 Ἀριανῆς
1413 1270 1454 1295 τε
1480 1255 1549 1295 καὶ

94 1323 353 1379 Γεδρωσίας·
399 1323 465 1363 καὶ
487 1322 565 1377 γὰρ
590 1316 708 1363 αὗται
729 1320 807 1363 ὑπὸ
826 1322 895 1363 τὸν
916 1321 1146 1378 αἰγόκερων.
1214 1323 1390 1377 ταραχαὶ
1413 1322 1455 1363 δὲ
1478 1324 1546 1363 καὶ

96 1388 220 1447 φόβοι
239 1397 324 1440 τοῖς
343 1387 487 1444 θήλεσι
508 1393 587 1431 τῶν
607 1389 719 1447 ζῴων
729 1422 742 1441 ,
793 1393 962 1445 λογικῶν
983 1407 1025 1433 τε
1049 1392 1116 1432 καὶ
1140 1387 1319 1445 ἀλόγων,
1366 1389 1547 1446 ἐπιγενή-

94 1474 246 1509 σονται,
274 1457 334 1500 ὅτι
352 1461 461 1512 θῆλυ
485 1456 624 1515 ζῴδιον
645 1456 666 1499 ὃ
693 1456 920 1515 αἰγόκερως.

223 1524 274 1568 ‘O
306 1525 455 1580 ἥλιος
483 1524 546 1567 ὗδ
557 1543 611 1583 ρο
618 1525 719 1584 χόῳ
748 1529 842 1581 μηνὶ
872 1526 1151 1584 Φεβρουαρίῳ.
1198 1524 1312 1580 ἡλίου
1335 1525 1398 1567 ε’πὶ
1418 1522 1544 1581 ὕδρο-

37 1602 84 1638 20
88 1590 188 1647 χόον
204 1591 336 1644 ἰόντος
351 1596 386 1636 εἰ
402 1594 576 1651 βροντὴν
598 1595 784 1650 γενέσθαι
803 1597 984 1649 συμβαίη
993 1627 1006 1646 ,
1042 1593 1329 1651 Σαυρομάταις
1347 1594 1546 1643 Ὀξιανοΐς

92 1663 350 1717 Σογδιανοῖς,
388 1662 558 1722 Ἀραβίᾳ
576 1667 724 1722 μικρᾷ,
751 1663 911 1722 Ἀζανία
926 1664 1053 1719 με’σῃ,
1090 1664 1296 1719 Αἰθιοπίᾳ
1329 1659 1543 1716 (ῧδροχόῳ

91 1730 138 1771 δὲ
160 1728 384 1772 ἀνάκεινται
405 1725 523 1773 αὗται
545 1731 588 1772 αἶ
604 1733 755 1787 χῶραι)
780 1732 987 1788 ἀφθονίαν
1007 1732 1080 1784 μὲν
1099 1734 1172 1771 τοῦ
1191 1731 1302 1771 σίτου
1323 1730 1542 1782 διασημαί-

89 1814 174 1850 νει,
205 1802 356 1840 πτῶσιν
374 1800 419 1841 δὲ
439 1799 597 1856 ἀνδρῶν
617 1798 786 1851 ἐνδόξων
807 1802 848 1841 ἓν
863 1806 951 1848 ταῖς
973 1798 1199 1855 εἰρημέναις
1222 1797 1541 1854 ὃιαφαινομὲνων

178 1892 201 1928 8
222 1889 420 1928 κάνταῦθα
442 1893 591 1938 πρῶτον
614 1893 660 1927 V.
798 1894 844 1927 20
863 1890 1002 1938 βροχήν
1025 1894 1068 1928 C.

88 1970 264 2015 signorum
285 1971 404 2005 domos
425 1971 748 2016 contemplationem
771 1972 1021 2006 accommodari
1040 1984 1062 2006 a
1078 1983 1117 2006 se
1135 1972 1359 2006 contendunt.
1395 1970 1432 2004 hi
1451 1981 1540 2015 quo-

86 2015 175 2050 tidie
193 2016 282 2050 diem
305 2017 431 2050 mensis
451 2016 594 2060 solaris,
628 2017 679 2050 illi
703 2028 814 2061 aeque
838 2017 961 2062 quovis
984 2018 1042 2052 die
1066 2030 1217 2052 mensem
1238 2017 1392 2052 lunarem
1415 2016 1543 2050 distin-

86 2066 216 2105 guunt:
242 2061 278 2094 hi
295 2073 360 2106 per
382 2061 562 2095 duodecim
586 2062 687 2106 signa
708 2062 827 2105 solem,
852 2062 902 2095 illi
925 2063 1038 2096 lunam
1061 2063 1287 2107 investigant.
1335 2063 1387 2096 ita
1406 2074 1474 2096 non
1496 2063 1540 2096 ab

85 2118 126 2140 re
145 2107 254 2140 fuerit
273 2107 419 2141 omnium
440 2106 615 2151 sigillatim
635 2114 670 2141 et
691 2109 734 2142 ad
753 2119 855 2141 unum
878 2109 1095 2153 meminisse,
1121 2121 1162 2142 ac
1181 2110 1292 2153 primo
1313 2108 1451 2154 quidem
1473 2119 1536 2142 au·-

85 2152 179 2196 gurii
201 2151 337 2187 solaris.
372 2158 512 2197 oportet
535 2152 625 2186 enim
648 2153 766 2197 solem,
791 2154 851 2197 qui
869 2154 987 2199 specie
1011 2166 1052 2188 ac
1075 2154 1112 2187 vi
1138 2155 1203 2188 toti
1227 2154 1308 2188 huic
1326 2154 1538 2188 ordinationi

87 2197 288 2242 antecellat,
325 2202 524 2242 tantumque
547 2198 640 2232 inter
661 2199 841 2233 sensibilia
864 2205 1021 2245 praestet
1038 2204 1202 2245 quantum
1219 2201 1347 2234 bonum
1365 2200 1458 2234 inter
1480 2200 1536 2233 in-

84 2241 293 2286 telligibilia,
319 2243 377 2277 hic
397 2255 534 2288 quoque
553 2244 662 2288 prima
678 2250 812 2278 tenere.

175 2287 233 2322 23.
280 2287 342 2322 Sol
363 2289 588 2334 capricorno,
625 2301 742 2324 mense
764 2291 941 2325 Ianuario.
988 2291 1062 2326 sole
1097 2292 1142 2326 ad
1171 2291 1410 2337 capricornum
1433 2303 1534 2325 acce-

85 2333 207 2378 dente,
240 2333 273 2367 si
303 2334 468 2368 tonitrum
491 2335 548 2369 edi
571 2335 767 2380 contingat,
800 2338 926 2371 nebula
948 2337 1076 2372 existet
1111 2338 1225 2382 spissa
1251 2343 1286 2371 et
1315 2337 1465 2381 fumida,
1497 2341 1537 2370 ut

83 2379 203 2423 fruges
230 2378 267 2413 in
293 2379 379 2424 ipsis
408 2381 586 2425 stipitibus
618 2387 699 2415 ante
731 2387 864 2427 tempus
894 2383 1067 2417 marcidae
1097 2385 1235 2417 futurae
1257 2383 1328 2417 sint
1349 2382 1536 2427 vinumque

84 2425 228 2459 fatuum.
275 2425 402 2460 nebula
424 2426 456 2459 si
476 2437 586 2472 usque
613 2429 656 2461 ad
679 2433 790 2461 ortum
814 2428 988 2462 caniculae
1011 2434 1236 2474 perseveret,
1270 2428 1397 2462 morbis
1422 2429 1534 2461 obno—

84 2469 163 2504 xius
190 2482 299 2505 annus
328 2471 396 2505 erit
423 2478 459 2507 et
482 2473 611 2507 sterilis
636 2473 812 2508 frumenti.
859 2475 1016 2520 inprimis
1040 2486 1082 2508 ea
1102 2474 1262 2508 accident
1283 2486 1347 2519 per
1367 2473 1536 2508 Macedo-

85 2515 198 2559 niam,
232 2516 438 2561 Thraciam,
471 2518 643 2563 Illyriam,
676 2519 810 2553 Indiam
831 2521 1064 2564 superiorem,
1099 2520 1281 2563 Arianam‚
1307 2520 1534 2553 Gedrosiamt

83 2560 150 2594 hae
173 2561 263 2595 enim
284 2564 349 2596 sub
368 2564 570 2608 capricorno
592 2565 681 2599 sitae
699 2571 792 2599 sunt.
838 2567 963 2599 turbae
982 2577 1119 2611 quoque
1144 2570 1180 2599 et
1203 2566 1404 2600 formidines
1429 2565 1532 2599 inva-

83 2606 168 2640 dent
185 2607 331 2642 feminas
353 2608 445 2643 inter
467 2611 654 2645 animantia
677 2623 752 2645 cum
773 2612 958 2647 rationalia
979 2617 1051 2646 tum
1073 2611 1210 2646 ratione
1234 2611 1422 2656 destituta,
1451 2611 1534 2656 quia

81 2651 266 2686 femineum
287 2653 421 2698 signum
444 2662 498 2690 est
518 2657 755 2701 capricornus.

131 2709 134 2717 ·
173 2698 235 2731 Sol
261 2700 423 2743 aquario,
464 2712 582 2736 mense
609 2703 818 2737 Februario.
866 2702 918 2737 sol
946 2703 1082 2749 quando
1113 2703 1157 2737 ad
1186 2703 1364 2748 aquarium
1395 2703 1532 2738 accedit

81 2742 314 2789 tonitrumque
331 2745 410 2779 fieri
428 2748 620 2793 contingit,
654 2750 841 2793 Sarmatis,
865 2749 1032 2793 Oxianis,
1057 2749 1266 2794 Sogdianis,
1289 2749 1440 2783 Arabiae
1462 2749 1528 2783 mi-

81 2788 170 2831 nori,
193 2790 344 2824 Azaniae
362 2792 516 2837 mediae,
539 2795 745 2839 Aethiopiae
765 2795 827 2839 (ad
844 2796 1022 2839 aquarium
1040 2796 1239 2830 referuntur
1260 2795 1326 2829 hae
1349 2796 1528 2840 regiones)

79 2833 243 2870 frumenti
265 2837 509 2874 abundantiam
528 2839 715 2886 significat,
741 2841 944 2887 ruinamque
966 2841 1048 2877 item
1067 2840 1220 2876 virorum
1241 2841 1404 2878 nobilium
1417 2868 1427 2888 ,
1452 2841 1526 2878 elu-
