1748 3210
375 190 452 235 DE
482 187 929 234 MAGISTRATIBUS
962 187 1009 230 P.
1040 185 1096 230 R.
1129 185 1234 229 LIB.
1266 185 1341 230 111.
1501 184 1599 231 217

145 301 196 351 οὗ
212 304 319 356 τινὸς
331 302 455 362 χάριν
475 305 643 361 γίνοιντο
661 304 713 347 τὰ
731 307 805 347 τοῦ
825 299 978 361 δρόμου
995 298 1239 356 συνθήματα
1256 299 1463 360 εὑρίσκειν.
1529 301 1598 343 καὶ

146 377 197 421 τὰ
220 374 362 417 λοιπὸν
391 372 412 416 ὃ
439 372 669 432 Ῥουφῖνος,
706 371 811 424 ἐξότε
846 373 902 415 δι’
934 370 1079 414 ἑαυτοῦ
1103 372 1166 413 ἐπὶ
1191 370 1265 426 τὴν
1291 372 1343 414 ἕω
1366 365 1494 425 ἦλθε,
1527 370 1599 410 τὸν

145 441 354 501 λεγόμενον
371 440 528 498 κόμητα
545 447 616 498 τῆς
637 443 834 496 ἀνατολῆς
852 441 1050 495 μαστίξας
1068 437 1270 483 ἀπώλεσεν
1289 432 1386 482 ἄνθ’
1410 432 1465 482 ὧν
1485 435 1601 480 ἐτόλ-

143 529 247 568 μησε
281 513 455 567 ζηλῶσαι
484 516 541 569 τῷ
572 510 676 569 λόγῳ
707 510 779 566 τὴν
811 509 1076 566 ἔπαρχότητα.
1144 510 1211 551 καὶ
1233 506 1259 564 ἦ
1283 509 1356 564 μὲν
1372 507 1603 564 Ἀρκαδίου,

110 579 202 632 5ὧς
231 579 333 638 ἴφην
342 613 356 634 ,
392 578 572 631 διάταξις
587 581 629 622 ἐν
647 583 706 638 τῷ
725 577 850 622 πάλαι
876 579 1134 636 Θεοδοσιανῷ
1154 575 1294 620 κώδικι
1316 577 1604 633 ἄνεγέγραπτο·

145 651 185 694 οἱ
207 651 251 692 δὲ
270 650 340 692 τὸν
359 649 502 707 νεαρὸν
522 646 868 703 καταστησάμενοι
887 650 1078 704 παρεῖδον
1097 647 1223 701 αὐτὴν
1245 645 1301 697 ὥς
1320 645 1507 704 περιττὴν
1528 643 1604 687 αὖ-

145 725 232 769 τοῖς
249 717 348 761 εἶναι
367 724 573 776 φανεῖσαν.
642 715 748 772 (24)
783 716 925 773 παρὼν
944 710 1014 759 οὖν
1035 714 1055 758 ὃ
1072 716 1244 772 πρίγκιψ
1261 719 1342 758 τῶν
1361 729 1604 771 μαγιστρια-

145 791 226 830 νῶν
245 793 330 838 τοῖς
343 788 542 843 μεγίστοις
559 787 655 829 ποτὲ
673 787 958 842 δικαστηρίοις,
990 786 1059 827 καὶ
1077 785 1204 839 μηδὲν
1225 784 1338 841 παρὰ
1355 784 1428 839 τὴν
1449 798 1606 840 προση-

146 856 287 913 γορίαν
307 855 429 910 ἔχων,
463 853 606 911 λόγους
626 854 744 898 ἔθετο
763 854 866 911 πρὸς
883 853 954 897 τὸν
972 851 1061 895 τότε
1083 857 1156 906 τῆς
1175 851 1325 903 τάξεως
1344 848 1608 910 κορνικουλά-

92 933 138 969 10
149 942 236 983 ριον
268 923 370 968 ὥστε
400 923 580 982 πάροδον
610 924 721 980 αὐτῷ
750 923 893 965 δοῦναί
920 939 1010 963 τινα
1038 921 1140 978 πρὸς
1162 921 1213 963 τὰ
1236 920 1512 977 πραττόμενα·
1540 922 1609 963 καὶ

147 992 270 1044 δόξαν
289 991 437 1045 οὕτως,
464 989 702 1035 ἔτύπωσενό
725 993 898 1048 πρίγκιψ
916 991 1015 1045 μίαν
1032 990 1202 1047 χρυσίου
1224 991 1364 1047 λίτραν
1384 989 1488 1031 καθ’
1515 989 1609 1031 ἕκα-

145 1052 242 1106 στον
270 1066 378 1116 μῆνα
407 1061 647 1118 προσφέρειν
677 1064 736 1118 τῷ
767 1060 1081 1118 κορνικουλαρίῳ
1095 1090 1109 1111 ,
1143 1058 1247 1112 μετὰ
1273 1058 1319 1100 τὸ
1345 1062 1445 1101 πᾶσι
1462 1064 1548 1107 τοῖς
1565 1059 1609 1099 ἐκ

146 1129 314 1182 τάξεως,
355 1129 459 1172 κατὰ
504 1128 723 1184 συνήθειαν
758 1126 1014 1182 λαμβάνουσι
1045 1125 1193 1184 μοῖράν
1223 1144 1314 1170 τινα
1342 1131 1426 1170 τῶν
1457 1124 1610 1184 πόρων,

146 1198 339 1253 ἀμελλητὶ
361 1196 517 1240 διδόναι
535 1199 588 1240 τὰ
611 1195 800 1240 εἰωθότα.
867 1194 1020 1239 τούτων
1045 1194 1174 1246 οὕτως
1198 1195 1511 1249 συντεθειμένων
1534 1194 1611 1236 αὖ-

92 1271 136 1308 15
147 1273 252 1319 τοῖς,
287 1265 508 1321 λαμβάνων
536 1264 557 1308 ὃ
585 1265 690 1308 κατὰ
713 1264 853 1321 καιρὸν
876 1262 1204 1321 κορνικουλάριος
1227 1263 1339 1321 παρὰ
1360 1268 1433 1306 τοῦ
1453 1264 1612 1319 πρίγκι-

146 1353 223 1386 πος
242 1335 316 1384 τὰς
337 1333 494 1377 δώδεκα
516 1338 590 1376 τοῦ
602 1335 773 1391 χρυσίου
795 1334 934 1390 λίτρας
953 1334 1047 1387 δίχα
1067 1332 1174 1383 τινὸς
1195 1333 1478 1386 ἐλλείμματος,
1507 1330 1612 1385 μετὰ

147 1401 282 1458 πάσης
302 1406 422 1458 τιμῆς
446 1401 671 1460 παρεχώρει
696 1406 754 1459 τῷ
777 1403 969 1460 κρείττονι
993 1405 1150 1456 μᾶλλον
1174 1401 1247 1456 τὴν
1272 1405 1352 1443 τῶν
1376 1403 1614 1456 μονομερῶν

148 1473 337 1526 ἐντυχιῶν
357 1470 576 1527 εἰσαγωγήν
584 1503 598 1523 ‚
633 1469 818 1528 φυλάξας
834 1469 965 1527 ἑαυτῷ
984 1470 1087 1524 μετὰ
1106 1470 1178 1524 τὴν
1199 1471 1241 1511 ἐκ
1260 1474 1332 1512 τοῦ
1352 1474 1524 1523 βαθμοῦ
1545 1469 1615 1511 καὶ

148 1544 230 1583 τῶν
256 1539 389 1582 ἄλλων
411 1542 564 1596 κερδῶν
590 1540 814 1596 προνομίαν
834 1538 880 1580 τὸ
904 1542 1084 1595 πληροῦν
1106 1539 1161 1579 δι’
1189 1540 1337 1588 οἰκείας
1356 1536 1614 1591 ὑποσημειώ-

93 1618 251 1660 2οσεως
276 1607 330 1651 τὰ
357 1607 613 1666 πραττόμενα
622 1639 636 1660 ,
685 1607 758 1650 οὐκ
794 1606 958 1649 ἔλαττον
980 1607 1123 1661 χιλίων
1149 1611 1315 1665 χρυσῶν
1347 1605 1473 1664 πόρον
1504 1606 1617 1665 αὐτῷ

148 1681 442 1736 περιποιοῦντα.

288 1745 369 1791 25.
437 1745 506 1788 Τὰ
530 1743 572 1786 δ’
600 1741 716 1786 ἴνθεν
737 1742 865 1786 οὐκέτ’
891 1741 942 1786 ἂν
966 1739 1125 1801 φράσαι
1145 1739 1250 1800 λόγῳ
1270 1740 1458 1800 δακρύων
1476 1743 1617 1785 δυναί-

149 1832 231 1870 μην
243 1815 391 1872 χωρίς,
425 1812 529 1856 κατὰ
546 1812 615 1856 τὸν
633 1813 855 1870 Εὐριπίδου
877 1813 1037 1867 Πηλεά.
1103 1810 1263 1854 πάντων
1292 1812 1370 1869 γὰρ
1401 1811 1480 1867 ἤδη
1513 1810 1618 1869 πρό-

245 1910 264 1944 1
282 1902 330 1944 οὔ
342 1906 447 1949 τινὸς
461 1913 498 1943 et
511 1901 606 1952 ἦλθε
623 1908 865 1943 coniecturae:
887 1908 924 1942 in
940 1908 970 1941 C
985 1908 1110 1942 literae
1127 1907 1334 1941 exstinctae.
1350 1909 1398 1943 F.
1498 1908 1521 1942 6
1542 1907 1619 1941 τῶν

241 1955 385 1998 νεαρῶν
403 1956 448 1990 C.
549 1956 570 1989 8
593 1953 735 1999 μηδένα
758 1956 801 1989 C.
897 1955 941 1990 13
962 1950 1121 1999 μοῖράν]
1142 1953 1231 1997 μίαν
1251 1952 1370 1998 vulgo.
1466 1953 1511 1988 14
1533 1963 1624 1989 ‹xvv-⁴.

242 1999 446 2045 τιθεμένων
463 1999 580 2045 νηξο.
722 2001 764 2035 18
788 1997 942 2044 εἰσάγων
961 2002 1004 2034 C.

152 2080 375 2126 synthemata
399 2080 526 2113 fierent
548 2082 789 2122 cognosceret.
838 2082 991 2113 ceterum
1011 2078 1180 2122 Rufinus,
1205 2080 1389 2123 postquam
1411 2089 1475 2112 sua
1493 2081 1620 2123 sponte

152 2126 192 2160 in
209 2126 391 2159 Orientem
408 2124 525 2166 venit,
557 2124 716 2158 comitem
747 2123 924 2168 Orientis,
958 2128 996 2158 ut
1014 2127 1163 2167 vocant,
1193 2124 1403 2168 flagellatum
1428 2124 1619 2168 interemit,

153 2173 248 2216 quod
270 2171 390 2206 verbis
413 2169 578 2204 aemulari
604 2171 860 2214 praefecturam
883 2182 986 2205 ausus
1009 2174 1115 2203 esset.
1165 2174 1200 2203 et
1221 2169 1364 2204 Arcadii
1386 2170 1545 2215 quidem,
1580 2176 1621 2204 ut

154 2217 248 2261 dixi,
282 2216 505 2259 constitutio,
541 2216 578 2250 in
604 2220 727 2250 vetere
756 2217 875 2251 codice
905 2215 1154 2250 Theodosiano
1189 2218 1370 2258 exstabat3
1411 2215 1622 2251 recentioris

155 2274 242 2297 vero
261 2262 459 2296 conditores
478 2273 564 2305 eam,
587 2267 627 2295 ut
641 2273 888 2307 supervacuam
906 2262 994 2308 ipsis
1013 2262 1136 2305 visam,
1155 2262 1395 2306 neglexerunt.
1444 2262 1521 2306 (24)
1542 2273 1620 2296 cum

154 2308 264 2352 igitur
285 2308 448 2353 princeps
467 2308 766 2352 magistrianorum
785 2309 940 2342 maximis
959 2308 1038 2342 olim
1056 2307 1195 2341 iudiciis
1214 2309 1366 2351 adesset,
1387 2319 1500 2352 neque
1519 2308 1619 2353 quic-

156 2365 258 2400 quam
282 2359 422 2399 praeter
441 2365 564 2388 nomen
587 2354 753 2398 haberet,
778 2366 854 2388 cum
878 2355 987 2389 officii
1009 2359 1081 2388 tum
1101 2355 1270 2400 temporis
1294 2353 1524 2388 corniculario
1546 2353 1621 2398 egit

156 2404 196 2434 ut
222 2399 351 2433 aditum
380 2401 551 2444 quendam
579 2399 650 2445 ipsi
679 2401 723 2434 ad
749 2402 884 2445 agenda
912 2401 1137 2442 concederet3
1173 2411 1318 2444 cumque
1345 2399 1396 2433 ita
1417 2399 1618 2444 placuisset,

150 2445 341 2480 coustituit
369 2446 532 2491 princeps
564 2451 603 2480 ut
632 2457 733 2480 unam
763 2447 839 2480 auri
866 2447 989 2481 libram
1015 2445 1158 2489 singulis
1187 2445 1364 2479 mensibus
1390 2444 1620 2479 corniculario

152 2492 289 2536 ferret,
328 2497 432 2537 atque
455 2491 599 2537 insuper
621 2492 732 2526 cuivis
757 2492 1013 2538 apparitorum,
1050 2503 1093 2525 ex
1123 2490 1374 2525 consuetudine
1402 2498 1537 2536 partem
1555 2490 1621 2525 ali.-

159 2547 262 2581 quam
293 2537 465 2572 redituum
498 2538 680 2582 sordenti,
717 2537 820 2572 solita
843 2539 1006 2573 continuo
1030 2537 1141 2571 daret.
1191 2536 1244 2570 his
1269 2536 1319 2570 ita
1341 2537 1434 2571 inter
1454 2549 1513 2571 eos
1538 2549 1623 2571 con-

160 2581 313 2626 stitutis,
347 2584 407 2628 qui
426 2589 499 2617 tum
524 2590 600 2618 erat
623 2583 890 2627 cornicularius,
915 2583 1097 2618 duodecim
1119 2582 1195 2615 illas
1224 2582 1301 2616 auri
1320 2582 1428 2617 libras
1456 2584 1532 2617 sine
1554 2582 1625 2618 ulla

160 2628 370 2663 deductione
389 2642 410 2663 a
430 2629 591 2675 principe
614 2630 958 2675 accipiens‚'summo
981 2641 1056 2663 cum
1077 2629 1208 2662 honore
1226 2628 1487 2663 unimembrium
1510 2628 1621 2663 actio-

160 2679 243 2707 num
266 2674 414 2709 reditum
431 2676 562 2720 potiori
575 2678 820 2719 ¹concedebat,
843 2676 932 2719 sibi,
955 2679 1098 2720 praeter
1115 2686 1204 2718 quae
1224 2686 1244 2708 a
1266 2675 1378 2719 gradu
1400 2675 1547 2719 ahisque
1568 2674 1623 2708 lu-

161 2718 232 2753 cris
250 2720 440 2765 praecipua
457 2721 626 2765 habebat,
651 2729 805 2756 actorum
823 2734 886 2756 sua
906 2720 1164 2765 subscriptione
1186 2719 1450 2766 completionem
1467 2732 1625 2766 servam,
1658 2752 1662 2758 .

163 2776 254 2810 quae
275 2777 345 2799 non
367 2766 532 2802 minorem
554 2768 646 2803 mille
667 2769 782 2802 aureis
801 2768 950 2802 reditum
973 2768 1007 2801 ei
1030 2768 1204 2801 ferebant.

254 2810 313 2846 25.
360 2812 554 2858 Sequentia
575 2826 681 2858 vero,
705 2820 745 2848 ut
769 2826 844 2848 cum
864 2813 1048 2858 Euripidis
1070 2812 1177 2846 Peleo
1201 2812 1335 2857 loquar,
1361 2824 1525 2847 enarrare
1549 2812 1626 2847 sine

163 2856 316 2892 lacrimis
338 2869 408 2894 non
428 2869 582 2905 possum.
628 2861 744 2896 omnia
766 2860 897 2908 quippe
919 2861 1007 2896 haec
1027 2870 1104 2895 cum
1127 2858 1224 2904 prius
1246 2858 1335 2904 iam,
1372 2870 1440 2905 quo
1464 2859 1566 2895 modo
1589 2863 1626 2894 et
