1748 3210
653 174 728 218 DE
774 175 1059 221 OSTENTIS.
1481 179 1581 226 337

134 303 238 342 τως,
268 287 322 331 τὰ
339 286 474 343 μέντοι
491 291 666 348 σταθμῷ
686 286 957 344 ἀποδιδόμενα
975 288 1112 346 εὐτελῆ
1134 285 1258 332 ἔσται.
1326 285 1509 343 διδίμοις
1534 310 1579 347 γε

132 358 215 412 μὴν
233 355 357 412 οὔσης
377 361 449 412 τῆς
469 355 638 413 σελήνης
653 358 715 400 ἐπὶ
734 362 808 414 τῆς
824 363 989 416 θερινῆς
1006 362 1157 417 τροπῆς
1177 357 1403 416 ἀμφίβολος
1422 357 1532 401 ἔσται
1556 359 1579 402 ὃ

131 423 329 475 ἐνιαυτός·
361 423 550 481 ἡγήσεται
575 427 648 480 μὲν
673 426 750 483 γὰρ
779 424 950 483 ὑγρότης
957 459 971 479 ,
1002 429 1143 482 ἕψεται
1173 428 1216 469 δὲ
1241 424 1429 484 ξηρότης,
1464 429 1531 470 καὶ
1555 426 1576 470 ὃ

130 494 204 550 μὲν
225 500 334 544 σῖτος
353 492 544 546 ἐλάσσων,
573 495 759 552 κρείττων
781 495 824 537 δὲ
845 493 867 538 ὃ
889 494 1006 547 οἶνος,
1035 498 1102 538 καὶ
1120 495 1195 549 οὐχ
1216 493 1360 550 ἥκιστα
1379 495 1425 539 τὸ
1443 494 1578 538 ἔλαιον

98 560 406 620 ὃᾶφθονώτατα
428 562 642 621 διαρκέσει.
707 563 880 622 καρκίνῳ
900 565 945 606 δὲ
966 563 1088 619 οὕσης
1108 563 1274 619 σελήνης
1288 565 1350 606 ἐπὶ
1368 568 1439 618 τῆς
1458 568 1577 622 θερι-

126 635 199 685 νῆς
228 636 399 688 τροπῆς,
422 629 490 682 ,ὥς
512 631 862 688 προϋποδέδεικται
871 664 886 684 ,
921 631 1094 690 εὔφορος
1115 630 1136 674 ὃ
1163 631 1342 682 ἐνιαυτὸς
1360 631 1470 675 ἔσται
1487 634 1578 690 περὶ

124 697 279 750 ’πάντας
301 700 397 750 τοὺς
422 698 620 757 καρπούς,
656 698 803 757 ’ξηρούς
821 717 864 743 τε
886 703 953 743 καὶ
973 699 1140 758 ὖγρούς·
1176 698 1337 750 εἰκότως
1358 695 1427 743 οὖν
1449 701 1577 756 εὔθη-

125 768 214 810 νίαν
230 769 535 825 προσδοκητὲον.
603 769 638 811 εἰ
656 769 700 810 δὲ
717 769 780 810 ἐπὶ
801 772 875 811 τοῦ
892 769 1048 819 λέοντος
1069 767 1235 824 σελήνης
1252 768 1373 823 οὔσης
1390 767 1415 823 ἦ
1433 769 1576 826 θερινὴ

126 837 314 878 συνέλθοι
338 834 488 894 τροπή,
521 835 732 894 βροντώδη
763 838 830 878 καὶ
862 835 1075 892 θυελλώδη
1109 836 1159 879 ἄν
1188 854 1249 886 τις
1279 837 1478 886 ε’κδέξαιτο
1505 837 1576 880 τὸν

73 912 117 948 10
129 903 250 961 ἀέρα·
283 903 466 961 νεφώδης
493 904 571 961 γὰρ
601 904 712 947 ἔσται
743 907 810 946 καὶ
834 902 1066 959 ἀχλυώδης,
1102 902 1157 954 ὥς
1179 903 1483 961 περιττευούσης
1501 909 1574 960 τῆς

124 972 167 1023 ἐξ
181 970 372 1030 ὑπερῴων
390 971 584 1029 ὗγρασίας
598 971 693 1021 τοὺς
706 972 780 1028 μὲν
798 972 944 1028 ξηροὺς
962 972 1141 1029 καρποὺς
1156 973 1446 1027 ἐλαττωθῆναι,
1478 973 1574 1023 τοὺς

124 1041 170 1082 δὲ
187 1038 334 1098 ὗγροῦς
353 1042 569 1083 ἐπιδοῦναι.
636 1038 732 1082 ὅταν
750 1041 794 1082 δὲ
813 1041 875 1082 ἐπὶ
893 1045 965 1095 τῆς
982 1045 1149 1097 θερινῆς
1166 1045 1316 1095 τροπῆς
1334 1040 1478 1096 σελήνη
1499 1042 1575 1096 τὴν

123 1104 326 1166 παρθένον
350 1107 454 1162 ἔχοι,
489 1113 643 1164 στεῖρος
669 1108 742 1161 μὲν
769 1110 837 1150 καὶ
856 1109 970 1164 ἐγγὺς
987 1108 1167 1166 ἄκαρπος
1188 1106 1209 1150 ὃ
1229 1107 1407 1160 ἐνιαυτός
1415 1141 1429 1160 ,
1464 1111 1507 1151 ἐκ
1530 1109 1574 1151 δὲ

124 1173 321 1231 ἀδοκήτου
354 1177 448 1232 περί
472 1193 514 1219 τε
543 1176 638 1225 τοὺς
659 1176 805 1231 ξηροὺς
824 1177 1003 1233 καρποὺς
1024 1179 1090 1220 καὶ
1109 1175 1257 1233 ὖγροὺς
1279 1176 1388 1219 ἔσται
1409 1195 1470 1228 τις
1492 1195 1574 1219 πα-

69 1249 112 1288 15
124 1243 304 1302 ραψυχή.
373 1245 479 1302 ζυγῷ
501 1242 625 1297 οὔσης
645 1241 811 1298 σελήνης
832 1247 865 1285 εἷ
884 1244 956 1299 τὴν
978 1245 1142 1302 θερινὴν
1165 1242 1389 1299 καταλάβοι
1406 1244 1572 1302 τροπήν,

121 1312 294 1370 εὔφορον
321 1312 395 1366 μέν
420 1313 487 1354 καὶ
510 1309 688 1368 αὐτάρκη
707 1311 776 1354 τὸν
797 1312 976 1354 ἐνιαυτὸν
996 1314 1178 1370 ἐμφαίνει
1198 1314 1286 1370 περὶ
1309 1312 1403 1362 τούς
1423 1313 1570 1369 ξηροὺς

119 1379 319 1438 καρπούς,
347 1378 471 1437 ὑγρὸν
487 1381 531 1423 δὲ
550 1378 660 1434 ὅμως
677 1381 744 1422 καὶ
765 1378 988 1437 ἔπομβρον·
1022 1383 1089 1424 καὶ
1114 1381 1164 1425 τὰ
1185 1385 1360 1439 σταθμῷ
1380 1380 1571 1436 διδόμενα

120 1451 233 1503 τίμια
273 1449 406 1500 ἔσται,
448 1448 494 1491 τὸ
535 1449 579 1491 δὲ
621 1447 754 1490 ἴλαιον
782 1448 856 1492 σὺν
882 1452 950 1491 καὶ
978 1454 1034 1508 τῷ
1063 1449 1157 1510 οἴνῳ
1189 1448 1299 1493 ἕσται
1331 1448 1570 1503 τιμιώτατα.

121 1519 299 1576 σκορπίῳ
329 1515 494 1572 σελήνης
520 1517 583 1559 ἐπὶ
605 1521 676 1572 τῆς
695 1517 768 1571 μὲν
786 1521 953 1574 θερινῆς
976 1523 1129 1574 τροπῆς
1156 1515 1428 1573 τυγχανούσης
1450 1517 1572 1575 ξηρὸς

66 1588 188 1631 zoua}
209 1585 360 1640 ὄψιμος
379 1584 400 1628 ὃ
418 1585 596 1636 ἐνιαυτὸς
617 1587 680 1627 ἐπὶ
699 1592 783 1638 τοῖς
802 1593 970 1644 καρποῖς
993 1585 1101 1630 ἔσται.
1111 1619 1125 1639 ,
1155 1583 1396 1640 χαλαζώδης
1423 1587 1468 1628 δὲ
1497 1586 1571 1641 οὐχ

120 1653 265 1710 ἣκιστα
283 1656 349 1697 καὶ
367 1652 626 1710 ταρακτικός·
661 1652 683 1696 ὅ
701 1671 744 1710 γε
763 1655 845 1709 μὴν
864 1653 1036 1712 σπόρος,
1072 1656 1140 1698 καὶ
1160 1654 1247 1698 εἴτι
1261 1652 1340 1696 ὑπὸ
1358 1658 1453 1709 γῆν,
1489 1653 1570 1704 ἔξω

121 1724 301 1774 ἐλπίδος·
351 1723 467 1776 λιμὸς
507 1717 579 1765 οὖν
619 1720 729 1766 ἔσται
761 1720 920 1774 πάντως
950 1725 1017 1766 καὶ
1047 1723 1191 1780 φθορὰ
1218 1726 1298 1766 τῶν
1325 1719 1570 1779 ἀνθρώπων.

120 1790 286 1846 τοξότην
322 1789 491 1846 ἐχούσης
521 1788 690 1846 σελήνης
718 1791 781 1833 ἐπὶ
814 1795 886 1847 τῆς
915 1797 986 1836 τοῦ
1019 1795 1186 1849 θερινοῧ
1211 1792 1374 1848 κέντρου
1404 1795 1569 1847 τροπῆς,

206 1887 231 1922 6
253 1880 438 1930 εὔφρονος
460 1886 503 1923 Ο.
634 1887 658 1922 9
677 1885 845 1930 θελλώδη
868 1887 911 1923 C.
1030 1884 1222 1930 ἐκδέξοιτο
1241 1885 1285 1922 C.
1407 1886 1451 1923 18
1469 1882 1569 1921 ἔσται

207 1930 309 1966 πάνυ
327 1933 373 1966 R.
509 1933 554 1967 ΞΟ
576 1931 785 1977 ζαλαζῶδης
803 1933 846 1967 C.

118 2010 220 2057 parvi
241 2014 355 2044 erunt.
399 2010 431 2044 si
452 2010 532 2044 luna
550 2010 587 2043 in
607 2009 753 2053 geminis
774 2014 827 2044 est
844 2014 1000 2055 tempore
1020 2010 1179 2055 solstitii,
1205 2021 1332 2054 anceps
1351 2008 1420 2043 erit
1439 2020 1568 2043 annus:

119 2068 197 2091 nam
217 2055 356 2090 humida
373 2059 562 2101 tempestas
580 2055 748 2099 praeibit,
772 2061 938 2099 sequetur
955 2056 1113 2097 siccitas3
1135 2061 1173 2090 et
1189 2057 1395 2090 frumentum
1414 2055 1483 2089 erit
1502 2055 1569 2088 mi-

118 2114 204 2138 nore
225 2105 416 2149 proventu,
439 2100 555 2135 vinum
577 2100 747 2146 largiore,
771 2112 836 2134 nec
854 2100 991 2135 minime
1011 2101 1121 2135 oleum
1141 2101 1380 2147 copiosissime
1399 2099 1567 2145 suppedi-

118 2148 220 2183 tabit.
267 2146 298 2181 si
319 2146 401 2181 luna
419 2146 597 2181 invenitur
617 2157 741 2180 cancro
760 2146 909 2180 solstitio
931 2147 1084 2190 aestivo,
1109 2147 1199 2182 sicut
1215 2147 1482 2181 demonstratum
1501 2152 1570 2190 est,

118 2195 220 2228 ferax
252 2204 362 2228 annus
394 2193 462 2226 erit
494 2193 630 2236 frugum
662 2191 809 2226 omnium
841 2203 916 2226 cum
939 2193 1106 2227 siccarum
1130 2197 1200 2227 tum
1223 2192 1428 2233 uvidamm3
1460 2203 1570 2237 quare

119 2238 334 2274 credibiliter
356 2238 568 2273 abundantia
590 2240 643 2271 est
666 2239 910 2282 exspectanda.
957 2238 1081 2284 quodsi
1108 2239 1189 2273 luna
1211 2239 1248 2272 in
1270 2238 1370 2273 leone
1394 2237 1568 2272 existente

119 2284 303 2320 solstitium
325 2284 493 2318 aestivum
516 2283 663 2328 accidit,
698 2285 812 2318 aerem
833 2284 1052 2319 tonitrualem
1075 2296 1116 2319 ac
1136 2284 1362 2330 procellosum
1384 2286 1568 2327 exspectet

119 2330 264 2376 eliquis3
298 2330 433 2375 eritque
464 2329 649 2364 nebulosus
682 2333 787 2374 atque
815 2330 1023 2375 caliginosus
1046 2332 1134 2367 adeo
1160 2336 1197 2364 ut
1219 2335 1364 2376 propter
1385 2330 1565 2363 abundan-

117 2377 201 2411 tiam
225 2375 376 2410 humoris
398 2387 548 2421 superne
570 2375 740 2409 manantis
764 2375 878 2410 siccae
913 2377 1031 2421 fruges
1053 2376 1194 2412 minoris
1218 2379 1406 2421 proventus
1428 2375 1567 2408 futurae

118 2423 208 2467 sint,
240 2421 366 2457 uvidae
389 2422 572 2456 uberioris.
619 2421 651 2454 si
670 2419 820 2455 solstitio
847 2422 981 2457 aestivo
1003 2422 1084 2457 luna
1107 2422 1277 2466 virginem
1301 2425 1467 2466 occupat,
1491 2425 1567 2454 ste-

118 2467 193 2502 rilis
217 2468 376 2512 omnique
410 2479 520 2513 prope
553 2468 670 2501 fructu
698 2477 829 2501 vacans
852 2479 980 2502 annus:
1012 2469 1076 2503 sed
1105 2472 1220 2503 tamen
1254 2479 1297 2501 ex
1327 2466 1504 2510 insperato
1528 2465 1566 2500 in

118 2513 278 2556 frugibus
308 2513 411 2547 siccis
437 2518 474 2547 et
503 2512 651 2548 humidis
684 2513 751 2547 erit
781 2512 918 2557 aliquod
946 2513 1116 2548 levamen.
1162 2513 1195 2548 si
1225 2512 1263 2546 in
1293 2511 1382 2546 libra
1410 2516 1464 2545 est
1485 2511 1566 2546 luna

119 2569 195 2592 enm
217 2559 260 2592 ad
276 2559 458 2593 solstitium
481 2559 650 2594 aestivum
670 2559 871 2602 advenerit,
894 2558 1044 2593 fertilem
1061 2559 1199 2604 quidem
1218 2558 1567 2603 suppeditantemque

118 2603 188 2638 sibi
207 2603 319 2638 omnia
339 2615 462 2639 annum
478 2605 612 2640 indicat
631 2608 794 2650 quantum
818 2605 861 2639 ad
884 2605 1002 2649 fruges
1022 2605 1151 2649 siccas,
1173 2605 1236 2639 sed
1259 2603 1430 2639 humidum
1449 2607 1565 2637 tamen

120 2654 158 2684 et
177 2649 382 2695 pluviosam:
407 2661 496 2695 quae
515 2651 648 2686 trutina
669 2656 858 2695 pensantur
880 2663 962 2685 cara
984 2657 1102 2696 erunt,
1126 2651 1242 2685 vinum
1263 2661 1339 2685 cum
1361 2649 1436 2683 oleo
1454 2648 1563 2682 caris-

119 2695 220 2732 sima.
265 2694 296 2730 si
319 2695 466 2731 solstitio
489 2697 623 2732 aestivo
646 2696 727 2731 luna
747 2696 783 2731 in
807 2697 992 2751 scorpione
1013 2696 1299 2743 deprehenditur,
1323 2695 1436 2729 siccus
1459 2704 1569 2728 annus

121 2741 158 2775 in
180 2740 407 2786 frugibusque
432 2743 604 2779 serotinus
625 2742 711 2787 erit,
736 2754 801 2778 nec
822 2743 960 2778 mimme
979 2745 1208 2788 grandinosus
1232 2754 1273 2777 ac
1292 2741 1474 2783 turbidus3
1507 2751 1564 2774 se-

121 2786 266 2830 mentis,
292 2791 328 2821 et
346 2787 511 2833 quicquid
533 2791 597 2824 sub
620 2794 747 2823 terram
768 2794 840 2835 est,
863 2791 1066 2836 desperata:
1098 2790 1148 2825 ita
1170 2788 1290 2833 utique
1316 2789 1424 2822 fames
1442 2786 1511 2820 erit
1530 2789 1568 2820 et

121 2832 281 2868 interitus
314 2833 498 2870 hominum.
546 2834 576 2870 si
611 2835 827 2881 sagittarium
859 2836 938 2871 luna
972 2841 1118 2884 occupat
1142 2835 1179 2871 in
1203 2833 1431 2870 conversione
1457 2831 1567 2869 centri

178 2886 321 2921 Ioannes
349 2886 474 2931 hydas.
1237 2885 1291 2924 22
