<?xml version="1.0" encoding="UTF-8"?>
<!DOCTYPE html PUBLIC "-//W3C//DTD XHTML 1.0 Transitional//EN"
    "http://www.w3.org/TR/xhtml1/DTD/xhtml1-transitional.dtd">
<html xmlns="http://www.w3.org/1999/xhtml" xml:lang="en" lang="en">
 <head>
  <title>
</title>
<meta http-equiv="Content-Type" content="text/html;charset=utf-8" />
  <meta name='ocr-system' content='tesseract 3.04.00' />
  <meta name='ocr-capabilities' content='ocr_page ocr_carea ocr_par ocr_line ocrx_word'/>
</head>
<body>
  <div class='ocr_page' id='page_1' title='image "./corpusscriptorum27niebuoft/corpusscriptorum27niebuoft_0339.png"; bbox 0 0 1748 3210; ppageno 0'>
   <div class='ocr_carea' id='block_1_1' title="bbox 354 191 1565 238">
    <p class='ocr_par' dir='ltr' id='par_1_1' title="bbox 354 191 1565 238">
     <span class='ocr_line' id='line_1_1' title="bbox 354 191 1565 238; baseline 0.001 -1"><span class='ocrx_word' id='word_1_1' title='bbox 354 194 430 237; x_wconf 91' lang='lat' dir='ltr'><strong><em>DE</em></strong></span> <span class='ocrx_word' id='word_1_2' title='bbox 462 191 908 236; x_wconf 85' lang='lat' dir='ltr'><strong>MAGISTRATIBUS</strong></span> <span class='ocrx_word' id='word_1_3' title='bbox 941 192 987 235; x_wconf 92' lang='lat' dir='ltr'><strong><em>P.</em></strong></span> <span class='ocrx_word' id='word_1_4' title='bbox 1012 191 1065 235; x_wconf 87' lang='lat' dir='ltr'><strong><em>R.</em></strong></span> <span class='ocrx_word' id='word_1_5' title='bbox 1099 191 1202 234; x_wconf 86' lang='lat' dir='ltr'><strong>LlB.</strong></span> <span class='ocrx_word' id='word_1_6' title='bbox 1224 191 1301 235; x_wconf 84' lang='grc' dir='ltr'><strong>ΙΙΙ.</strong></span> <span class='ocrx_word' id='word_1_7' title='bbox 1466 191 1565 238; x_wconf 79' lang='lat'><strong><em>269</em></strong></span> 
     </span>
    </p>
   </div>
   <div class='ocr_carea' id='block_1_2' title="bbox 42 305 1569 1802">
    <p class='ocr_par' dir='ltr' id='par_1_2' title="bbox 42 305 1569 1802">
     <span class='ocr_line' id='line_1_2' title="bbox 112 305 1565 369; baseline -0.003 -16"><span class='ocrx_word' id='word_1_8' title='bbox 112 310 261 369; x_wconf 74' lang='grc' dir='ltr'><strong><em>Φωκᾷ,</em></strong></span> <span class='ocrx_word' id='word_1_9' title='bbox 304 305 418 364; x_wconf 72' lang='grc' dir='ltr'><strong><em>μάλα</em></strong></span> <span class='ocrx_word' id='word_1_10' title='bbox 445 306 548 365; x_wconf 79' lang='grc' dir='ltr'><strong><em>πρὸς</em></strong></span> <span class='ocrx_word' id='word_1_11' title='bbox 579 305 770 364; x_wconf 61' lang='grc' dir='ltr'><strong><em>ἑκατέραν</em></strong></span> <span class='ocrx_word' id='word_1_12' title='bbox 797 305 1155 365; x_wconf 74' lang='grc' dir='ltr'><strong><em>παρεσκευασμένῳ</em></strong></span> <span class='ocrx_word' id='word_1_13' title='bbox 1181 306 1387 359; x_wconf 87' lang='grc' dir='ltr'><strong><em>παιδείαν,</em></strong></span> <span class='ocrx_word' id='word_1_14' title='bbox 1420 311 1565 362; x_wconf 85' lang='grc' dir='ltr'><strong><em>μαθη-</em></strong></span> 
     </span>
     <span class='ocr_line' id='line_1_3' title="bbox 109 373 1482 434; baseline -0.003 -12"><span class='ocrx_word' id='word_1_15' title='bbox 109 380 216 422; x_wconf 87' lang='grc' dir='ltr'><strong><em>τείαν</em></strong></span> <span class='ocrx_word' id='word_1_16' title='bbox 234 375 360 434; x_wconf 72' lang='grc' dir='ltr'><strong><em>εὑρεῖν</em></strong></span> <span class='ocrx_word' id='word_1_17' title='bbox 380 378 540 426; x_wconf 74' lang='grc' dir='ltr'><strong><em>ε’κείνοις</em></strong></span> <span class='ocrx_word' id='word_1_18' title='bbox 558 375 584 418; x_wconf 76' lang='grc' dir='ltr'><em>ἃ</em></span> <span class='ocrx_word' id='word_1_19' title='bbox 603 376 716 433; x_wconf 82' lang='grc' dir='ltr'><strong><em>παρὰ</em></strong></span> <span class='ocrx_word' id='word_1_20' title='bbox 736 376 831 426; x_wconf 76' lang='grc' dir='ltr'><strong><em>τοὺς</em></strong></span> <span class='ocrx_word' id='word_1_21' title='bbox 848 376 1022 427; x_wconf 73' lang='grc' dir='ltr'><strong><em>πολλοὺς</em></strong></span> <span class='ocrx_word' id='word_1_22' title='bbox 1043 373 1257 432; x_wconf 78' lang='grc' dir='ltr'><strong><em>ἀξιολόγως</em></strong></span> <span class='ocrx_word' id='word_1_23' title='bbox 1273 375 1482 431; x_wconf 82' lang='grc' dir='ltr'><strong><em>ἠπίστατο.</em></strong></span> 
     </span>
     <span class='ocr_line' id='line_1_4' title="bbox 242 442 1563 503; baseline -0.002 -15"><span class='ocrx_word' id='word_1_24' title='bbox 242 448 330 488; x_wconf 85' lang='grc' dir='ltr'><strong><em>Καί</em></strong></span> <span class='ocrx_word' id='word_1_25' title='bbox 346 464 406 496; x_wconf 86' lang='grc' dir='ltr'><strong><em>τις</em></strong></span> <span class='ocrx_word' id='word_1_26' title='bbox 429 443 667 499; x_wconf 81' lang='grc' dir='ltr'><strong><em>στοχάσεται</em></strong></span> <span class='ocrx_word' id='word_1_27' title='bbox 687 446 730 487; x_wconf 74' lang='grc' dir='ltr'><strong><em>ἐκ</em></strong></span> <span class='ocrx_word' id='word_1_28' title='bbox 750 449 830 487; x_wconf 90' lang='grc' dir='ltr'><strong><em>τῶν</em></strong></span> <span class='ocrx_word' id='word_1_29' title='bbox 848 447 937 502; x_wconf 80' lang='grc' dir='ltr'><strong><em>περὶ</em></strong></span> <span class='ocrx_word' id='word_1_30' title='bbox 959 442 1203 503; x_wconf 74' lang='grc' dir='ltr'><strong><em>ἀνθρώπους</em></strong></span> <span class='ocrx_word' id='word_1_31' title='bbox 1224 443 1394 501; x_wconf 83' lang='grc' dir='ltr'><strong><em>τάνδρὸς</em></strong></span> <span class='ocrx_word' id='word_1_32' title='bbox 1413 461 1563 500; x_wconf 86' lang='grc' dir='ltr'><strong><em>κατορ-</em></strong></span> 
     </span>
     <span class='ocr_line' id='line_1_5' title="bbox 107 507 1564 571; baseline -0.003 -14"><span class='ocrx_word' id='word_1_33' title='bbox 107 511 314 569; x_wconf 72' lang='grc' dir='ltr'><strong><em>θωμάτων</em></strong></span> <span class='ocrx_word' id='word_1_34' title='bbox 324 547 338 566; x_wconf 88' lang='grc'><strong><em>,</em></strong></span> <span class='ocrx_word' id='word_1_35' title='bbox 370 512 498 568; x_wconf 83' lang='grc' dir='ltr'><strong><em>πόσης</em></strong></span> <span class='ocrx_word' id='word_1_36' title='bbox 513 508 563 568; x_wconf 81' lang='grc' dir='ltr'><strong><em>ἦν</em></strong></span> <span class='ocrx_word' id='word_1_37' title='bbox 577 516 667 571; x_wconf 80' lang='grc' dir='ltr'><strong><em>περὶ</em></strong></span> <span class='ocrx_word' id='word_1_38' title='bbox 686 512 732 556; x_wconf 77' lang='grc' dir='ltr'><strong><em>τὸ</em></strong></span> <span class='ocrx_word' id='word_1_39' title='bbox 751 517 867 556; x_wconf 78' lang='grc' dir='ltr'><strong><em>θεῖον</em></strong></span> <span class='ocrx_word' id='word_1_40' title='bbox 885 513 1098 568; x_wconf 79' lang='grc' dir='ltr'><strong><em>εὐσεβείας.</em></strong></span> <span class='ocrx_word' id='word_1_41' title='bbox 1165 517 1264 568; x_wconf 78' lang='grc' dir='ltr'><strong><em>μιᾶς</em></strong></span> <span class='ocrx_word' id='word_1_42' title='bbox 1288 507 1358 556; x_wconf 72' lang='grc' dir='ltr'><strong><em>οὖν</em></strong></span> <span class='ocrx_word' id='word_1_43' title='bbox 1383 511 1564 570; x_wconf 82' lang='grc' dir='ltr'><strong><em>πράξεως</em></strong></span> 
     </span>
     <span class='ocr_line' id='line_1_6' title="bbox 73 580 1563 640; baseline -0.002 -14"><span class='ocrx_word' id='word_1_44' title='bbox 73 582 235 626; x_wconf 71' lang='grc' dir='ltr'><strong><em>ὄαῦτοῦ</em></strong></span> <span class='ocrx_word' id='word_1_45' title='bbox 259 584 519 638; x_wconf 73' lang='grc' dir='ltr'><strong><em>ἐπιμνησθεὶς</em></strong></span> <span class='ocrx_word' id='word_1_46' title='bbox 539 583 665 640; x_wconf 81' lang='grc' dir='ltr'><strong><em>πέρας</em></strong></span> <span class='ocrx_word' id='word_1_47' title='bbox 685 580 871 637; x_wconf 76' lang='grc' dir='ltr'><strong><em>ἐπιθήσω</em></strong></span> <span class='ocrx_word' id='word_1_48' title='bbox 902 589 991 632; x_wconf 82' lang='grc' dir='ltr'><strong><em>ταῖς</em></strong></span> <span class='ocrx_word' id='word_1_49' title='bbox 1011 581 1110 640; x_wconf 77' lang='grc' dir='ltr'><strong><em>ὖπὲρ</em></strong></span> <span class='ocrx_word' id='word_1_50' title='bbox 1135 581 1314 639; x_wconf 83' lang='grc' dir='ltr'><strong><em>ἀριθμὸν</em></strong></span> <span class='ocrx_word' id='word_1_51' title='bbox 1333 581 1459 624; x_wconf 74' lang='grc' dir='ltr'><strong><em>αὐτοῦ’</em></strong></span> <span class='ocrx_word' id='word_1_52' title='bbox 1482 585 1563 624; x_wconf 86' lang='grc' dir='ltr'><strong><em>τῶν</em></strong></span> 
     </span>
     <span class='ocr_line' id='line_1_7' title="bbox 106 648 1563 710; baseline -0.002 -16"><span class='ocrx_word' id='word_1_53' title='bbox 106 651 276 707; x_wconf 85' lang='grc' dir='ltr'><strong><em>ἀγαθῶν</em></strong></span> <span class='ocrx_word' id='word_1_54' title='bbox 305 649 564 710; x_wconf 73' lang='grc' dir='ltr'><strong><em>ἀφηγήσεσιν.</em></strong></span> <span class='ocrx_word' id='word_1_55' title='bbox 634 648 759 706; x_wconf 87' lang='grc'>(74)</span> <span class='ocrx_word' id='word_1_56' title='bbox 794 651 897 708; x_wconf 83' lang='grc' dir='ltr'><strong><em>πρὸς</em></strong></span> <span class='ocrx_word' id='word_1_57' title='bbox 912 653 1176 694; x_wconf 82' lang='grc' dir='ltr'><strong><em>Πεσσινοῦντι</em></strong></span> <span class='ocrx_word' id='word_1_58' title='bbox 1197 649 1310 694; x_wconf 83' lang='grc' dir='ltr'><strong><em>πόλει</em></strong></span> <span class='ocrx_word' id='word_1_59' title='bbox 1330 655 1402 706; x_wconf 83' lang='grc' dir='ltr'><strong><em>τῆς</em></strong></span> <span class='ocrx_word' id='word_1_60' title='bbox 1423 652 1463 692; x_wconf 95' lang='grc' dir='ltr'><strong><em>Γ</em></strong></span> <span class='ocrx_word' id='word_1_61' title='bbox 1460 653 1563 692; x_wconf 84' lang='grc' dir='ltr'><strong><em>αλα-</em></strong></span> 
     </span>
     <span class='ocr_line' id='line_1_8' title="bbox 103 719 1569 778; baseline -0.002 -14"><span class='ocrx_word' id='word_1_62' title='bbox 103 722 193 771; x_wconf 85' lang='grc' dir='ltr'><strong><em>τιάς</em></strong></span> <span class='ocrx_word' id='word_1_63' title='bbox 227 719 362 778; x_wconf 73' lang='grc' dir='ltr'><strong><em>(οὕτω</em></strong></span> <span class='ocrx_word' id='word_1_64' title='bbox 392 721 436 763; x_wconf 76' lang='grc' dir='ltr'><strong><em>δὲ</em></strong></span> <span class='ocrx_word' id='word_1_65' title='bbox 461 720 507 762; x_wconf 87' lang='grc' dir='ltr'><strong><em>τὸ</em></strong></span> <span class='ocrx_word' id='word_1_66' title='bbox 526 722 677 778; x_wconf 82' lang='grc' dir='ltr'><strong><em>χωρίον</em></strong></span> <span class='ocrx_word' id='word_1_67' title='bbox 698 720 978 775; x_wconf 78' lang='grc' dir='ltr'><strong><em>ὀνομασθῆναι</em></strong></span> <span class='ocrx_word' id='word_1_68' title='bbox 1001 720 1251 775; x_wconf 69' lang='grc' dir='ltr'><strong><em>συμβέβηκεν</em></strong></span> <span class='ocrx_word' id='word_1_69' title='bbox 1275 721 1318 762; x_wconf 71' lang='grc' dir='ltr'><strong><em>ἐκ</em></strong></span> <span class='ocrx_word' id='word_1_70' title='bbox 1339 723 1411 762; x_wconf 83' lang='grc' dir='ltr'><strong><em>τοῦ</em></strong></span> <span class='ocrx_word' id='word_1_71' title='bbox 1430 725 1569 773; x_wconf 33' lang='grc' dir='ltr'><strong><em>πεσεῖν,</em></strong></span> 
     </span>
     <span class='ocr_line' id='line_1_9' title="bbox 105 785 1563 848; baseline -0.001 -18"><span class='ocrx_word' id='word_1_72' title='bbox 105 789 294 846; x_wconf 79' lang='grc' dir='ltr'><strong><em>ἀπείρους</em></strong></span> <span class='ocrx_word' id='word_1_73' title='bbox 327 790 426 840; x_wconf 74' lang='grc' dir='ltr'><strong><em>ἐκεῖ,</em></strong></span> <span class='ocrx_word' id='word_1_74' title='bbox 462 790 658 832; x_wconf 78' lang='grc' dir='ltr'><strong><em>Γαλατῶν</em></strong></span> <span class='ocrx_word' id='word_1_75' title='bbox 677 793 756 831; x_wconf 84' lang='grc' dir='ltr'><strong><em>τῶν</em></strong></span> <span class='ocrx_word' id='word_1_76' title='bbox 777 790 866 844; x_wconf 79' lang='grc' dir='ltr'><strong><em>περὶ</em></strong></span> <span class='ocrx_word' id='word_1_77' title='bbox 881 787 1070 831; x_wconf 75' lang='grc' dir='ltr'><strong><em>Ῥοδανὸν</em></strong></span> <span class='ocrx_word' id='word_1_78' title='bbox 1094 787 1359 831; x_wconf 72' lang='grc' dir='ltr'><strong><em>ἐπιπεσόντων</em></strong></span> <span class='ocrx_word' id='word_1_79' title='bbox 1376 792 1429 845; x_wconf 90' lang='grc' dir='ltr'><strong><em>τῇ</em></strong></span> <span class='ocrx_word' id='word_1_80' title='bbox 1443 785 1563 848; x_wconf 66' lang='grc' dir='ltr'><strong><em>χώρα</em></strong></span> 
     </span>
     <span class='ocr_line' id='line_1_10' title="bbox 106 855 1563 914; baseline -0.002 -14"><span class='ocrx_word' id='word_1_81' title='bbox 106 859 284 914; x_wconf 81' lang='grc' dir='ltr'><strong><em>Βρέννου</em></strong></span> <span class='ocrx_word' id='word_1_82' title='bbox 313 856 589 913; x_wconf 69' lang='grc' dir='ltr'><strong><em>ἡγησαμένου,</em></strong></span> <span class='ocrx_word' id='word_1_83' title='bbox 623 859 689 899; x_wconf 85' lang='grc' dir='ltr'><strong><em>καὶ</em></strong></span> <span class='ocrx_word' id='word_1_84' title='bbox 719 857 792 912; x_wconf 79' lang='grc' dir='ltr'><strong><em>τὴν</em></strong></span> <span class='ocrx_word' id='word_1_85' title='bbox 823 855 1038 911; x_wconf 77' lang='grc' dir='ltr'><strong><em>ὁμώνυμον</em></strong></span> <span class='ocrx_word' id='word_1_86' title='bbox 1069 857 1206 907; x_wconf 75' lang='grc' dir='ltr'><strong><em>αὐτοῖς</em></strong></span> <span class='ocrx_word' id='word_1_87' title='bbox 1231 856 1369 913; x_wconf 81' lang='grc' dir='ltr'><strong><em>χώραν</em></strong></span> <span class='ocrx_word' id='word_1_88' title='bbox 1398 859 1563 899; x_wconf 68' lang='grc' dir='ltr'><strong><em>ἐκδικεῖν</em></strong></span> 
     </span>
     <span class='ocr_line' id='line_1_11' title="bbox 50 919 1563 981; baseline -0.001 -14"><span class='ocrx_word' id='word_1_89' title='bbox 50 933 96 968; x_wconf 88' lang='grc'><strong><em>10</em></strong></span> <span class='ocrx_word' id='word_1_90' title='bbox 104 927 371 980; x_wconf 85' lang='grc' dir='ltr'><strong><em>βιαζομένων,</em></strong></span> <span class='ocrx_word' id='word_1_91' title='bbox 399 924 454 976; x_wconf 81' lang='grc' dir='ltr'><strong><em>ὥς</em></strong></span> <span class='ocrx_word' id='word_1_92' title='bbox 477 926 745 975; x_wconf 74' lang='grc' dir='ltr'><strong><em>Φενεστέλλας</em></strong></span> <span class='ocrx_word' id='word_1_93' title='bbox 774 926 842 966; x_wconf 82' lang='grc' dir='ltr'><strong><em>καὶ</em></strong></span> <span class='ocrx_word' id='word_1_94' title='bbox 866 925 1034 975; x_wconf 77' lang='grc' dir='ltr'><strong><em>Σισένας</em></strong></span> <span class='ocrx_word' id='word_1_95' title='bbox 1057 925 1095 966; x_wconf 79' lang='grc' dir='ltr'><strong><em>οἱ</em></strong></span> <span class='ocrx_word' id='word_1_96' title='bbox 1112 923 1308 978; x_wconf 86' lang='grc' dir='ltr'><strong><em>Ῥωμαῖοί</em></strong></span> <span class='ocrx_word' id='word_1_97' title='bbox 1325 941 1470 981; x_wconf 81' lang='grc' dir='ltr'><strong><em>φασιν,</em></strong></span> <span class='ocrx_word' id='word_1_98' title='bbox 1507 919 1563 967; x_wconf 77' lang='grc' dir='ltr'><strong><em>ὧν</em></strong></span> 
     </span>
     <span class='ocr_line' id='line_1_12' title="bbox 102 991 1564 1051; baseline -0.001 -14"><span class='ocrx_word' id='word_1_99' title='bbox 102 995 178 1045; x_wconf 79' lang='grc' dir='ltr'><strong><em>τὰς</em></strong></span> <span class='ocrx_word' id='word_1_100' title='bbox 191 993 357 1051; x_wconf 84' lang='grc' dir='ltr'><strong><em>χρήσεις</em></strong></span> <span class='ocrx_word' id='word_1_101' title='bbox 377 992 397 1036; x_wconf 79' lang='grc' dir='ltr'><em>ὃ</em></span> <span class='ocrx_word' id='word_1_102' title='bbox 419 992 597 1051; x_wconf 82' lang='grc' dir='ltr'><strong><em>Βάρρων</em></strong></span> <span class='ocrx_word' id='word_1_103' title='bbox 617 994 680 1035; x_wconf 70' lang='grc' dir='ltr'><strong><em>ἐπὶ</em></strong></span> <span class='ocrx_word' id='word_1_104' title='bbox 698 997 778 1036; x_wconf 88' lang='grc' dir='ltr'><strong><em>τῶν</em></strong></span> <span class='ocrx_word' id='word_1_105' title='bbox 796 992 1062 1049; x_wconf 88' lang='grc' dir='ltr'><strong><em>ἀνθρωπίνων</em></strong></span> <span class='ocrx_word' id='word_1_106' title='bbox 1078 991 1326 1049; x_wconf 81' lang='grc' dir='ltr'><strong><em>πραγμάτων</em></strong></span> <span class='ocrx_word' id='word_1_107' title='bbox 1348 992 1564 1049; x_wconf 82' lang='grc' dir='ltr'><strong><em>ἀνήγαγεν·</em></strong></span> 
     </span>
     <span class='ocr_line' id='line_1_13' title="bbox 102 1057 1564 1119; baseline -0.001 -15"><span class='ocrx_word' id='word_1_108' title='bbox 102 1062 180 1119; x_wconf 68' lang='grc' dir='ltr'><strong><em>3γώ</em></strong></span> <span class='ocrx_word' id='word_1_109' title='bbox 209 1063 254 1104; x_wconf 77' lang='grc' dir='ltr'><strong><em>δὲ</em></strong></span> <span class='ocrx_word' id='word_1_110' title='bbox 281 1063 356 1112; x_wconf 84' lang='grc' dir='ltr'><strong><em>τὰς</em></strong></span> <span class='ocrx_word' id='word_1_111' title='bbox 380 1063 550 1116; x_wconf 78' lang='grc' dir='ltr'><strong><em>βίβλους</em></strong></span> <span class='ocrx_word' id='word_1_112' title='bbox 579 1060 692 1104; x_wconf 70' lang='grc' dir='ltr'><strong><em>οὔπω</em></strong></span> <span class='ocrx_word' id='word_1_113' title='bbox 721 1061 945 1116; x_wconf 85' lang='grc' dir='ltr'><strong><em>τεθέαμαι)</em></strong></span> <span class='ocrx_word' id='word_1_114' title='bbox 981 1062 1066 1103; x_wconf 70' lang='grc' dir='ltr'><strong><em>ἐκεῖ</em></strong></span> <span class='ocrx_word' id='word_1_115' title='bbox 1087 1063 1221 1104; x_wconf 86' lang='grc' dir='ltr'><strong><em>τοίνυν</em></strong></span> <span class='ocrx_word' id='word_1_116' title='bbox 1245 1062 1406 1115; x_wconf 82' lang='grc' dir='ltr'><strong><em>τέμενος</em></strong></span> <span class='ocrx_word' id='word_1_117' title='bbox 1434 1057 1484 1116; x_wconf 74' lang='grc' dir='ltr'><strong><em>ἦν</em></strong></span> <span class='ocrx_word' id='word_1_118' title='bbox 1512 1065 1564 1118; x_wconf 86' lang='grc' dir='ltr'><strong><em>τῇ</em></strong></span> 
     </span>
     <span class='ocr_line' id='line_1_14' title="bbox 101 1128 1565 1189; baseline -0.001 -16"><span class='ocrx_word' id='word_1_119' title='bbox 101 1129 287 1189; x_wconf 79' lang='grc' dir='ltr'><strong><em>ἀχρᾶντῳ</em></strong></span> <span class='ocrx_word' id='word_1_120' title='bbox 311 1133 482 1189; x_wconf 75' lang='grc' dir='ltr'><strong><em>στρατιᾷ</em></strong></span> <span class='ocrx_word' id='word_1_121' title='bbox 498 1133 577 1172; x_wconf 92' lang='grc' dir='ltr'><strong><em>τῶν</em></strong></span> <span class='ocrx_word' id='word_1_122' title='bbox 597 1130 713 1186; x_wconf 74' lang='grc' dir='ltr'><strong><em>ἱερῶν</em></strong></span> <span class='ocrx_word' id='word_1_123' title='bbox 733 1129 908 1185; x_wconf 88' lang='grc' dir='ltr'><strong><em>ἀγγέλων</em></strong></span> <span class='ocrx_word' id='word_1_124' title='bbox 924 1134 998 1172; x_wconf 83' lang='grc' dir='ltr'><strong><em>τοῦ</em></strong></span> <span class='ocrx_word' id='word_1_125' title='bbox 1015 1128 1196 1187; x_wconf 86' lang='grc' dir='ltr'><strong><em>ἀρρήτου</em></strong></span> <span class='ocrx_word' id='word_1_126' title='bbox 1218 1133 1322 1172; x_wconf 81' lang='grc' dir='ltr'><strong><em>θεοῦ</em></strong></span> <span class='ocrx_word' id='word_1_127' title='bbox 1343 1134 1565 1172; x_wconf 86' lang='grc' dir='ltr'><strong><em>καθωσιω-</em></strong></span> 
     </span>
     <span class='ocr_line' id='line_1_15' title="bbox 99 1193 1563 1255; baseline 0 -14"><span class='ocrx_word' id='word_1_128' title='bbox 99 1199 239 1254; x_wconf 85' lang='grc' dir='ltr'><strong><em>μένον,</em></strong></span> <span class='ocrx_word' id='word_1_129' title='bbox 273 1200 363 1255; x_wconf 82' lang='grc' dir='ltr'><strong><em>περὶ</em></strong></span> <span class='ocrx_word' id='word_1_130' title='bbox 383 1193 430 1240; x_wconf 72' lang='grc' dir='ltr'><strong><em>οὗ</em></strong></span> <span class='ocrx_word' id='word_1_131' title='bbox 449 1198 552 1252; x_wconf 80' lang='grc' dir='ltr'><strong><em>μετὰ</em></strong></span> <span class='ocrx_word' id='word_1_132' title='bbox 572 1197 724 1248; x_wconf 82' lang='grc' dir='ltr'><strong><em>πάντας</em></strong></span> <span class='ocrx_word' id='word_1_133' title='bbox 740 1197 984 1254; x_wconf 83' lang='grc' dir='ltr'><strong><em>ἀνθρώπους</em></strong></span> <span class='ocrx_word' id='word_1_134' title='bbox 1001 1197 1119 1253; x_wconf 72' lang='grc' dir='ltr'><strong><em>γνοὺς</em></strong></span> <span class='ocrx_word' id='word_1_135' title='bbox 1135 1196 1156 1240; x_wconf 82' lang='grc' dir='ltr'><em>ὃ</em></span> <span class='ocrx_word' id='word_1_136' title='bbox 1181 1201 1330 1249; x_wconf 81' lang='grc' dir='ltr'><strong><em>Φωκᾶς</em></strong></span> <span class='ocrx_word' id='word_1_137' title='bbox 1347 1197 1563 1250; x_wconf 80' lang='grc' dir='ltr'><strong><em>ὦς’Ἐλλα-</em></strong></span> 
     </span>
     <span class='ocr_line' id='line_1_16' title="bbox 48 1265 1563 1324; baseline 0.001 -15"><span class='ocrx_word' id='word_1_138' title='bbox 48 1273 90 1309; x_wconf 84' lang='grc'><strong><em>15</em></strong></span> <span class='ocrx_word' id='word_1_139' title='bbox 100 1266 179 1322; x_wconf 83' lang='grc' dir='ltr'><strong><em>μός</em></strong></span> <span class='ocrx_word' id='word_1_140' title='bbox 197 1285 258 1318; x_wconf 91' lang='grc' dir='ltr'><strong><em>τις</em></strong></span> <span class='ocrx_word' id='word_1_141' title='bbox 276 1271 334 1324; x_wconf 83' lang='grc' dir='ltr'><strong><em>τῷ</em></strong></span> <span class='ocrx_word' id='word_1_142' title='bbox 354 1269 455 1324; x_wconf 78' lang='grc' dir='ltr'><strong><em>θείῳ</em></strong></span> <span class='ocrx_word' id='word_1_143' title='bbox 474 1268 646 1323; x_wconf 81' lang='grc' dir='ltr'><strong><em>χρυσίου</em></strong></span> <span class='ocrx_word' id='word_1_144' title='bbox 668 1268 806 1323; x_wconf 86' lang='grc' dir='ltr'><strong><em>λίτρας</em></strong></span> <span class='ocrx_word' id='word_1_145' title='bbox 825 1267 972 1309; x_wconf 75' lang='grc' dir='ltr'><strong><em>εἴκοσιν</em></strong></span> <span class='ocrx_word' id='word_1_146' title='bbox 986 1265 1088 1324; x_wconf 75' lang='grc' dir='ltr'><strong><em>ὖφὲν</em></strong></span> <span class='ocrx_word' id='word_1_147' title='bbox 1110 1265 1273 1318; x_wconf 77' lang='grc' dir='ltr'><strong><em>ἐπιδούς</em></strong></span> <span class='ocrx_word' id='word_1_148' title='bbox 1282 1299 1295 1319; x_wconf 88' lang='grc'><strong><em>,</em></strong></span> <span class='ocrx_word' id='word_1_149' title='bbox 1328 1273 1412 1317; x_wconf 76' lang='grc' dir='ltr'><strong><em>τοῖς</em></strong></span> <span class='ocrx_word' id='word_1_150' title='bbox 1430 1268 1563 1324; x_wconf 74' lang='grc' dir='ltr'><strong><em>ἱερου-</em></strong></span> 
     </span>
     <span class='ocr_line' id='line_1_17' title="bbox 98 1334 1563 1396; baseline 0.001 -18"><span class='ocrx_word' id='word_1_151' title='bbox 98 1336 234 1390; x_wconf 83' lang='grc' dir='ltr'><strong><em>μένοις</em></strong></span> <span class='ocrx_word' id='word_1_152' title='bbox 262 1334 464 1391; x_wconf 79' lang='grc' dir='ltr'><strong><em>πρόσοδον</em></strong></span> <span class='ocrx_word' id='word_1_153' title='bbox 494 1334 739 1390; x_wconf 72' lang='grc' dir='ltr'><strong><em>ὀγδοήκοντα</em></strong></span> <span class='ocrx_word' id='word_1_154' title='bbox 766 1339 932 1393; x_wconf 79' lang='grc' dir='ltr'><strong><em>χρυσῶν</em></strong></span> <span class='ocrx_word' id='word_1_155' title='bbox 963 1336 1258 1393; x_wconf 78' lang='grc' dir='ltr'><strong><em>προσγενέσθαι</em></strong></span> <span class='ocrx_word' id='word_1_156' title='bbox 1291 1341 1348 1396; x_wconf 77' lang='grc' dir='ltr'><strong><em>τῷ</em></strong></span> <span class='ocrx_word' id='word_1_157' title='bbox 1383 1337 1478 1395; x_wconf 75' lang='grc' dir='ltr'><strong><em>ἱερῷ</em></strong></span> <span class='ocrx_word' id='word_1_158' title='bbox 1496 1338 1563 1387; x_wconf 77' lang='grc' dir='ltr'><strong><em>ἐἷς</em></strong></span> 
     </span>
     <span class='ocr_line' id='line_1_18' title="bbox 100 1402 609 1462; baseline 0 -16"><span class='ocrx_word' id='word_1_159' title='bbox 100 1405 325 1462; x_wconf 81' lang='grc' dir='ltr'><strong><em>φιλοξενίαν</em></strong></span> <span class='ocrx_word' id='word_1_160' title='bbox 350 1402 609 1446; x_wconf 70' lang='grc' dir='ltr'><strong><em>ἐσπούδασεν.</em></strong></span> 
     </span>
     <span class='ocr_line' id='line_1_19' title="bbox 239 1466 1562 1530; baseline -0.002 -13"><span class='ocrx_word' id='word_1_161' title='bbox 239 1472 317 1517; x_wconf 87' lang='grc'><strong><em>75.</em></strong></span> <span class='ocrx_word' id='word_1_162' title='bbox 387 1470 608 1523; x_wconf 76' lang='grc' dir='ltr'><strong><em>Τοιαύταις</em></strong></span> <span class='ocrx_word' id='word_1_163' title='bbox 635 1473 709 1527; x_wconf 71' lang='grc' dir='ltr'><strong><em>μὲν</em></strong></span> <span class='ocrx_word' id='word_1_164' title='bbox 740 1466 811 1515; x_wconf 69' lang='grc' dir='ltr'><strong><em>οὖν</em></strong></span> <span class='ocrx_word' id='word_1_165' title='bbox 842 1472 998 1527; x_wconf 83' lang='grc' dir='ltr'><strong><em>τέχναις</em></strong></span> <span class='ocrx_word' id='word_1_166' title='bbox 1030 1472 1094 1515; x_wconf 68' lang='grc' dir='ltr'><strong><em>ἐπὶ</em></strong></span> <span class='ocrx_word' id='word_1_167' title='bbox 1127 1476 1198 1528; x_wconf 87' lang='grc' dir='ltr'><strong><em>τῆς</em></strong></span> <span class='ocrx_word' id='word_1_168' title='bbox 1223 1470 1376 1523; x_wconf 79' lang='grc' dir='ltr'><strong><em>πόλεως</em></strong></span> <span class='ocrx_word' id='word_1_169' title='bbox 1401 1473 1562 1530; x_wconf 71' lang='grc' dir='ltr'><strong><em>ἐχρῆτο,</em></strong></span> 
     </span>
     <span class='ocr_line' id='line_1_20' title="bbox 92 1540 1562 1598; baseline -0.001 -14"><span class='ocrx_word' id='word_1_170' title='bbox 92 1543 263 1598; x_wconf 78' lang='grc' dir='ltr'><strong><em>χρυσίον</em></strong></span> <span class='ocrx_word' id='word_1_171' title='bbox 295 1541 339 1583; x_wconf 75' lang='grc' dir='ltr'><strong><em>δὲ</em></strong></span> <span class='ocrx_word' id='word_1_172' title='bbox 368 1540 461 1583; x_wconf 74' lang='grc' dir='ltr'><strong><em>κατ’</em></strong></span> <span class='ocrx_word' id='word_1_173' title='bbox 491 1540 579 1591; x_wconf 74' lang='grc' dir='ltr'><strong><em>ἕτος</em></strong></span> <span class='ocrx_word' id='word_1_174' title='bbox 605 1541 770 1583; x_wconf 68' lang='grc' dir='ltr'><strong><em>ἕκαστον</em></strong></span> <span class='ocrx_word' id='word_1_175' title='bbox 797 1542 858 1582; x_wconf 70' lang='grc' dir='ltr'><strong><em>ἐπὶ</em></strong></span> <span class='ocrx_word' id='word_1_176' title='bbox 882 1540 1042 1598; x_wconf 76' lang='grc' dir='ltr'><strong><em>λύτροις</em></strong></span> <span class='ocrx_word' id='word_1_177' title='bbox 1063 1540 1328 1596; x_wconf 73' lang='grc' dir='ltr'><strong><em>αἰχμαλώτων</em></strong></span> <span class='ocrx_word' id='word_1_178' title='bbox 1348 1543 1562 1598; x_wconf 81' lang='grc' dir='ltr'><strong><em>λαθραίως</em></strong></span> 
     </span>
     <span class='ocr_line' id='line_1_21' title="bbox 42 1608 1561 1667; baseline -0.001 -13"><span class='ocrx_word' id='word_1_179' title='bbox 42 1610 244 1664; x_wconf 61' lang='grc' dir='ltr'><strong><em>ωέκχέων</em></strong></span> <span class='ocrx_word' id='word_1_180' title='bbox 277 1609 463 1661; x_wconf 79' lang='grc' dir='ltr'><strong><em>διετέλει,</em></strong></span> <span class='ocrx_word' id='word_1_181' title='bbox 499 1608 687 1666; x_wconf 72' lang='grc' dir='ltr'><strong><em>δακρύων</em></strong></span> <span class='ocrx_word' id='word_1_182' title='bbox 713 1610 755 1652; x_wconf 74' lang='grc' dir='ltr'><strong><em>εἴ</em></strong></span> <span class='ocrx_word' id='word_1_183' title='bbox 773 1608 850 1651; x_wconf 86' lang='grc' dir='ltr'><strong><em>πού</em></strong></span> <span class='ocrx_word' id='word_1_184' title='bbox 881 1627 943 1660; x_wconf 87' lang='grc' dir='ltr'><strong><em>τις</em></strong></span> <span class='ocrx_word' id='word_1_185' title='bbox 970 1611 1059 1667; x_wconf 82' lang='grc' dir='ltr'><strong><em>περὶ</em></strong></span> <span class='ocrx_word' id='word_1_186' title='bbox 1087 1612 1287 1663; x_wconf 83' lang='grc' dir='ltr'><strong><em>πολεμίων</em></strong></span> <span class='ocrx_word' id='word_1_187' title='bbox 1311 1609 1462 1667; x_wconf 72' lang='grc' dir='ltr'><strong><em>ἐφόδου</em></strong></span> <span class='ocrx_word' id='word_1_188' title='bbox 1492 1612 1561 1652; x_wconf 84' lang='grc' dir='ltr'><strong><em>καὶ</em></strong></span> 
     </span>
     <span class='ocr_line' id='line_1_22' title="bbox 97 1676 1560 1736; baseline 0.001 -15"><span class='ocrx_word' id='word_1_189' title='bbox 97 1678 316 1734; x_wconf 84' lang='grc' dir='ltr'><strong><em>ἀπαγωγῆς</em></strong></span> <span class='ocrx_word' id='word_1_190' title='bbox 336 1676 602 1732; x_wconf 80' lang='grc' dir='ltr'><strong><em>αἲχμαλῶτων</em></strong></span> <span class='ocrx_word' id='word_1_191' title='bbox 618 1677 720 1734; x_wconf 81' lang='grc' dir='ltr'><strong><em>πρὸς</em></strong></span> <span class='ocrx_word' id='word_1_192' title='bbox 738 1678 860 1721; x_wconf 77' lang='grc' dir='ltr'><strong><em>αὐτὸν</em></strong></span> <span class='ocrx_word' id='word_1_193' title='bbox 882 1680 1015 1729; x_wconf 78' lang='grc' dir='ltr'><strong><em>διεξίοι</em></strong></span> <span class='ocrx_word' id='word_1_194' title='bbox 1035 1683 1094 1736; x_wconf 80' lang='grc' dir='ltr'><strong><em>τῷ</em></strong></span> <span class='ocrx_word' id='word_1_195' title='bbox 1115 1678 1233 1735; x_wconf 84' lang='grc' dir='ltr'><strong><em>λόγῳ.</em></strong></span> <span class='ocrx_word' id='word_1_196' title='bbox 1281 1680 1346 1720; x_wconf 81' lang='grc' dir='ltr'><strong><em>καὶ</em></strong></span> <span class='ocrx_word' id='word_1_197' title='bbox 1367 1678 1560 1736; x_wconf 80' lang='grc' dir='ltr'><strong><em>μάρτυρα</em></strong></span> 
     </span>
     <span class='ocr_line' id='line_1_23' title="bbox 96 1745 1559 1802; baseline 0.001 -12"><span class='ocrx_word' id='word_1_198' title='bbox 96 1746 170 1802; x_wconf 82' lang='grc' dir='ltr'><strong><em>τὴν</em></strong></span> <span class='ocrx_word' id='word_1_199' title='bbox 189 1745 385 1802; x_wconf 80' lang='grc' dir='ltr'><strong><em>ἀλήθειαν</em></strong></span> <span class='ocrx_word' id='word_1_200' title='bbox 402 1746 475 1790; x_wconf 74' lang='grc' dir='ltr'><strong><em>οὐκ</em></strong></span> <span class='ocrx_word' id='word_1_201' title='bbox 493 1749 686 1801; x_wconf 74' lang='grc' dir='ltr'><strong><em>αἰδοῦμαι</em></strong></span> <span class='ocrx_word' id='word_1_202' title='bbox 703 1750 838 1790; x_wconf 84' lang='grc' dir='ltr'><strong><em>καλεΐν</em></strong></span> <span class='ocrx_word' id='word_1_203' title='bbox 858 1745 1092 1802; x_wconf 75' lang='grc' dir='ltr'><strong><em>ἀληθεύων·</em></strong></span> <span class='ocrx_word' id='word_1_204' title='bbox 1127 1745 1219 1790; x_wconf 75' lang='grc' dir='ltr'><strong><em>οἶδα</em></strong></span> <span class='ocrx_word' id='word_1_205' title='bbox 1239 1749 1480 1790; x_wconf 86' lang='grc' dir='ltr'><strong><em>κυτονίστων</em></strong></span> <span class='ocrx_word' id='word_1_206' title='bbox 1500 1779 1511 1790; x_wconf 91' lang='grc'><strong>.</strong></span> <span class='ocrx_word' id='word_1_207' title='bbox 1524 1778 1559 1792; x_wconf 73' lang='lat'><strong><em>.-</em></strong></span> 
     </span>
    </p>
   </div>
   <div class='ocr_carea' id='block_1_3' title="bbox 184 1872 1558 2015">
    <p class='ocr_par' dir='ltr' id='par_1_3' title="bbox 184 1872 1558 2015">
     <span class='ocr_line' id='line_1_24' title="bbox 184 1872 1558 1924; baseline -0.001 -10"><span class='ocrx_word' id='word_1_208' title='bbox 184 1879 210 1914; x_wconf 78' lang='lat'>2</span> <span class='ocrx_word' id='word_1_209' title='bbox 231 1874 297 1922; x_wconf 70' lang='grc' dir='ltr'><strong><em>εὕρ</em></strong></span> <span class='ocrx_word' id='word_1_210' title='bbox 320 1878 364 1914; x_wconf 86' lang='lat' dir='ltr'><strong><em>C.</em></strong></span> <span class='ocrx_word' id='word_1_211' title='bbox 473 1877 497 1914; x_wconf 83' lang='lat'>4</span> <span class='ocrx_word' id='word_1_212' title='bbox 518 1875 636 1919; x_wconf 82' lang='grc' dir='ltr'><strong><em>πόσος</em></strong></span> <span class='ocrx_word' id='word_1_213' title='bbox 656 1879 700 1913; x_wconf 87' lang='lat' dir='ltr'><strong><em>C.</em></strong></span> <span class='ocrx_word' id='word_1_214' title='bbox 813 1878 856 1913; x_wconf 87' lang='grc'><strong><em>13</em></strong></span> <span class='ocrx_word' id='word_1_215' title='bbox 876 1877 929 1923; x_wconf 83' lang='grc' dir='ltr'><strong><em>τῷ</em></strong></span> <span class='ocrx_word' id='word_1_216' title='bbox 948 1872 1099 1924; x_wconf 77' lang='grc' dir='ltr'><strong><em>ἀρρήτῳ</em></strong></span> <span class='ocrx_word' id='word_1_217' title='bbox 1116 1877 1195 1924; x_wconf 77' lang='grc' dir='ltr'><strong><em>θεῷ</em></strong></span> <span class='ocrx_word' id='word_1_218' title='bbox 1215 1877 1259 1912; x_wconf 86' lang='lat' dir='ltr'><strong><em>C.</em></strong></span> <span class='ocrx_word' id='word_1_219' title='bbox 1369 1879 1416 1913; x_wconf 73' lang='lat'><strong><em>22</em></strong></span> <span class='ocrx_word' id='word_1_220' title='bbox 1437 1878 1558 1923; x_wconf 82' lang='lat' dir='ltr'>legen-</span> 
     </span>
     <span class='ocr_line' id='line_1_25' title="bbox 185 1921 1558 2015; baseline 0.001 -56"><span class='ocrx_word' id='word_1_221' title='bbox 185 1925 265 2006; x_wconf 50' lang='lat'><strong>21:31</strong></span> <span class='ocrx_word' id='word_1_222' title='bbox 267 1950 300 2015; x_wconf 70' lang='lat'><strong><em>)’·</em></strong></span> <span class='ocrx_word' id='word_1_223' title='bbox 334 1936 392 2006; x_wconf 46' lang='lat'><strong><em>1}-</em></strong></span> <span class='ocrx_word' id='word_1_224' title='bbox 407 1924 530 1969; x_wconf 75' lang='lat' dir='ltr'>fauor,</span> <span class='ocrx_word' id='word_1_225' title='bbox 579 1923 806 1960; x_wconf 77' lang='grc' dir='ltr'><strong><em>κοιπονιτῶν</em></strong></span> <span class='ocrx_word' id='word_1_226' title='bbox 842 1921 945 1970; x_wconf 71' lang='grc' dir='ltr'><strong><em>αύτῷ</em></strong></span> <span class='ocrx_word' id='word_1_227' title='bbox 985 1925 1089 1969; x_wconf 89' lang='lat' dir='ltr'>(cum</span> <span class='ocrx_word' id='word_1_228' title='bbox 1128 1924 1202 1959; x_wconf 79' lang='lat' dir='ltr'>eius</span> <span class='ocrx_word' id='word_1_229' title='bbox 1236 1934 1348 1960; x_wconf 82' lang='lat' dir='ltr'>essem</span> <span class='ocrx_word' id='word_1_230' title='bbox 1382 1924 1558 1961; x_wconf 77' lang='lat' dir='ltr'>cubicula-</span> 
     </span>
    </p>
   </div>
   <div class='ocr_carea' id='block_1_4' title="bbox 91 2082 1557 2912">
    <p class='ocr_par' dir='ltr' id='par_1_4' title="bbox 95 2082 1557 2175">
     <span class='ocr_line' id='line_1_26' title="bbox 95 2082 1557 2131; baseline 0.001 -12"><span class='ocrx_word' id='word_1_231' title='bbox 95 2095 185 2131; x_wconf 84' lang='lat' dir='ltr'>quae</span> <span class='ocrx_word' id='word_1_232' title='bbox 208 2094 294 2130; x_wconf 85' lang='lat' dir='ltr'>prae</span> <span class='ocrx_word' id='word_1_233' title='bbox 314 2083 419 2128; x_wconf 83' lang='lat' dir='ltr'><strong>vulgo</strong></span> <span class='ocrx_word' id='word_1_234' title='bbox 437 2082 667 2129; x_wconf 73' lang='lat' dir='ltr'><strong>probabiliter</strong></span> <span class='ocrx_word' id='word_1_235' title='bbox 689 2082 844 2128; x_wconf 77' lang='lat' dir='ltr'>sciebat,</span> <span class='ocrx_word' id='word_1_236' title='bbox 877 2083 1019 2118; x_wconf 81' lang='lat' dir='ltr'>Phocae</span> <span class='ocrx_word' id='word_1_237' title='bbox 1050 2083 1209 2130; x_wconf 80' lang='lat' dir='ltr'>utrisque</span> <span class='ocrx_word' id='word_1_238' title='bbox 1237 2084 1350 2120; x_wconf 85' lang='lat' dir='ltr'>literis</span> <span class='ocrx_word' id='word_1_239' title='bbox 1375 2084 1557 2121; x_wconf 84' lang='lat' dir='ltr'><strong>admodum</strong></span> 
     </span>
     <span class='ocr_line' id='line_1_27' title="bbox 95 2129 706 2175; baseline -0.003 -10"><span class='ocrx_word' id='word_1_240' title='bbox 95 2135 219 2165; x_wconf 78' lang='lat' dir='ltr'>ornato</span> <span class='ocrx_word' id='word_1_241' title='bbox 240 2129 457 2175; x_wconf 81' lang='lat' dir='ltr'><strong>disciplinam</strong></span> <span class='ocrx_word' id='word_1_242' title='bbox 478 2129 706 2174; x_wconf 83' lang='lat' dir='ltr'>repperisset.</span> 
     </span>
    </p>

    <p class='ocr_par' dir='ltr' id='par_1_5' title="bbox 93 2174 1556 2405">
     <span class='ocr_line' id='line_1_28' title="bbox 185 2174 1556 2222; baseline 0.001 -13"><span class='ocrx_word' id='word_1_243' title='bbox 185 2175 237 2210; x_wconf 84' lang='lat' dir='ltr'>Ac</span> <span class='ocrx_word' id='word_1_244' title='bbox 259 2175 424 2210; x_wconf 78' lang='lat' dir='ltr'>conii‘ciet</span> <span class='ocrx_word' id='word_1_245' title='bbox 442 2174 568 2220; x_wconf 87' lang='lat' dir='ltr'>aliquis</span> <span class='ocrx_word' id='word_1_246' title='bbox 590 2187 633 2208; x_wconf 85' lang='lat' dir='ltr'><strong><em>ex</em></strong></span> <span class='ocrx_word' id='word_1_247' title='bbox 656 2175 807 2219; x_wconf 76' lang='lat' dir='ltr'>egregiis</span> <span class='ocrx_word' id='word_1_248' title='bbox 835 2175 903 2209; x_wconf 81' lang='lat' dir='ltr'>viri</span> <span class='ocrx_word' id='word_1_249' title='bbox 926 2187 1010 2220; x_wconf 78' lang='lat' dir='ltr'>erga</span> <span class='ocrx_word' id='word_1_250' title='bbox 1036 2175 1190 2211; x_wconf 80' lang='lat' dir='ltr'>homines</span> <span class='ocrx_word' id='word_1_251' title='bbox 1216 2176 1340 2222; x_wconf 84' lang='lat' dir='ltr'>factis,</span> <span class='ocrx_word' id='word_1_252' title='bbox 1371 2180 1501 2221; x_wconf 69' lang='lat' dir='ltr'>quanta</span> <span class='ocrx_word' id='word_1_253' title='bbox 1520 2176 1556 2211; x_wconf 91' lang='lat' dir='ltr'><strong><em>in</em></strong></span> 
     </span>
     <span class='ocr_line' id='line_1_29' title="bbox 95 2220 1556 2266; baseline -0.001 -10"><span class='ocrx_word' id='word_1_254' title='bbox 95 2220 198 2256; x_wconf 82' lang='lat' dir='ltr'>deum</span> <span class='ocrx_word' id='word_1_255' title='bbox 219 2221 352 2266; x_wconf 76' lang='lat' dir='ltr'>pietate</span> <span class='ocrx_word' id='word_1_256' title='bbox 374 2221 494 2256; x_wconf 82' lang='lat' dir='ltr'>fuerit.</span> <span class='ocrx_word' id='word_1_257' title='bbox 544 2233 608 2264; x_wconf 85' lang='lat' dir='ltr'><strong><em>ego</em></strong></span> <span class='ocrx_word' id='word_1_258' title='bbox 633 2232 676 2254; x_wconf 88' lang='lat' dir='ltr'><strong><em>ex</em></strong></span> <span class='ocrx_word' id='word_1_259' title='bbox 700 2221 888 2255; x_wconf 85' lang='lat' dir='ltr'>innumeris</span> <span class='ocrx_word' id='word_1_260' title='bbox 916 2222 990 2256; x_wconf 78' lang='lat' dir='ltr'>eius</span> <span class='ocrx_word' id='word_1_261' title='bbox 1012 2222 1201 2257; x_wconf 85' lang='lat' dir='ltr'>virtutibus</span> <span class='ocrx_word' id='word_1_262' title='bbox 1228 2233 1327 2258; x_wconf 85' lang='lat' dir='ltr'>unam</span> <span class='ocrx_word' id='word_1_263' title='bbox 1353 2224 1457 2257; x_wconf 84' lang='lat' dir='ltr'>etiam</span> <span class='ocrx_word' id='word_1_264' title='bbox 1481 2235 1556 2256; x_wconf 87' lang='lat' dir='ltr'><strong><em>rem</em></strong></span> 
     </span>
     <span class='ocr_line' id='line_1_30' title="bbox 94 2265 1556 2314; baseline 0.002 -14"><span class='ocrx_word' id='word_1_265' title='bbox 94 2268 382 2301; x_wconf 76' lang='lat' dir='ltr'>commemorabo.</span> <span class='ocrx_word' id='word_1_266' title='bbox 431 2266 528 2310; x_wconf 79' lang='lat'>(74)</span> <span class='ocrx_word' id='word_1_267' title='bbox 553 2267 597 2300; x_wconf 86' lang='lat' dir='ltr'><strong><em>ad</em></strong></span> <span class='ocrx_word' id='word_1_268' title='bbox 614 2265 853 2301; x_wconf 79' lang='lat' dir='ltr'>Pessinuntem</span> <span class='ocrx_word' id='word_1_269' title='bbox 874 2269 993 2301; x_wconf 88' lang='lat' dir='ltr'>urbem</span> <span class='ocrx_word' id='word_1_270' title='bbox 1016 2268 1178 2302; x_wconf 77' lang='lat' dir='ltr'>Galatiae</span> <span class='ocrx_word' id='word_1_271' title='bbox 1203 2269 1280 2312; x_wconf 83' lang='lat' dir='ltr'>(ita</span> <span class='ocrx_word' id='word_1_272' title='bbox 1299 2275 1412 2303; x_wconf 84' lang='lat' dir='ltr'>autem</span> <span class='ocrx_word' id='word_1_273' title='bbox 1433 2269 1556 2314; x_wconf 84' lang='lat' dir='ltr'>appel-</span> 
     </span>
     <span class='ocr_line' id='line_1_31' title="bbox 94 2312 1555 2357; baseline 0.001 -10"><span class='ocrx_word' id='word_1_274' title='bbox 94 2313 161 2347; x_wconf 84' lang='lat' dir='ltr'>lari</span> <span class='ocrx_word' id='word_1_275' title='bbox 183 2312 294 2347; x_wconf 87' lang='lat' dir='ltr'>locum</span> <span class='ocrx_word' id='word_1_276' title='bbox 315 2312 480 2357; x_wconf 78' lang='lat' dir='ltr'>contigit,</span> <span class='ocrx_word' id='word_1_277' title='bbox 505 2314 596 2357; x_wconf 87' lang='lat' dir='ltr'>quod</span> <span class='ocrx_word' id='word_1_278' title='bbox 616 2312 794 2347; x_wconf 81' lang='lat' dir='ltr'>innumera</span> <span class='ocrx_word' id='word_1_279' title='bbox 816 2313 866 2347; x_wconf 80' lang='lat' dir='ltr'><strong><em>ibi</em></strong></span> <span class='ocrx_word' id='word_1_280' title='bbox 890 2313 1087 2357; x_wconf 83' lang='lat' dir='ltr'><strong>Gallorum,</strong></span> <span class='ocrx_word' id='word_1_281' title='bbox 1111 2314 1205 2349; x_wconf 81' lang='lat' dir='ltr'>circa</span> <span class='ocrx_word' id='word_1_282' title='bbox 1225 2315 1430 2349; x_wconf 79' lang='lat' dir='ltr'><strong><em>Rhodanum</em></strong></span> <span class='ocrx_word' id='word_1_283' title='bbox 1455 2315 1555 2348; x_wconf 85' lang='lat' dir='ltr'>habi-</span> 
     </span>
     <span class='ocr_line' id='line_1_32' title="bbox 93 2358 1554 2405; baseline 0 -11"><span class='ocrx_word' id='word_1_284' title='bbox 93 2358 260 2402; x_wconf 79' lang='lat' dir='ltr'>tantium,</span> <span class='ocrx_word' id='word_1_285' title='bbox 295 2358 476 2393; x_wconf 83' lang='lat' dir='ltr'>multitudo</span> <span class='ocrx_word' id='word_1_286' title='bbox 499 2359 645 2404; x_wconf 85' lang='lat' dir='ltr'>cecidit,</span> <span class='ocrx_word' id='word_1_287' title='bbox 679 2359 739 2404; x_wconf 87' lang='lat' dir='ltr'><strong><em>qui</em></strong></span> <span class='ocrx_word' id='word_1_288' title='bbox 762 2361 899 2394; x_wconf 80' lang='lat' dir='ltr'>Brenno</span> <span class='ocrx_word' id='word_1_289' title='bbox 924 2360 1012 2394; x_wconf 84' lang='lat' dir='ltr'>duce</span> <span class='ocrx_word' id='word_1_290' title='bbox 1040 2360 1219 2405; x_wconf 81' lang='lat' dir='ltr'><strong><em>regionem</em></strong></span> <span class='ocrx_word' id='word_1_291' title='bbox 1241 2361 1464 2402; x_wconf 78' lang='lat' dir='ltr'>invaserant,</span> <span class='ocrx_word' id='word_1_292' title='bbox 1493 2372 1554 2394; x_wconf 91' lang='lat' dir='ltr'>co—</span> 
     </span>
    </p>

    <p class='ocr_par' dir='ltr' id='par_1_6' title="bbox 141 2404 1556 2451">
     <span class='ocr_line' id='line_1_33' title="bbox 141 2404 1556 2451; baseline 0.001 -13"><span class='ocrx_word' id='word_1_293' title='bbox 141 2404 288 2439; x_wconf 84' lang='lat' dir='ltr'>ominem</span> <span class='ocrx_word' id='word_1_294' title='bbox 317 2404 406 2451; x_wconf 83' lang='lat' dir='ltr'>ipsis</span> <span class='ocrx_word' id='word_1_295' title='bbox 433 2411 561 2439; x_wconf 83' lang='lat' dir='ltr'>terram</span> <span class='ocrx_word' id='word_1_296' title='bbox 597 2404 717 2438; x_wconf 79' lang='lat' dir='ltr'>ulcisci</span> <span class='ocrx_word' id='word_1_297' title='bbox 746 2411 934 2448; x_wconf 82' lang='lat' dir='ltr'>conantes,</span> <span class='ocrx_word' id='word_1_298' title='bbox 968 2411 1008 2439; x_wconf 89' lang='lat' dir='ltr'><strong><em>ut</em></strong></span> <span class='ocrx_word' id='word_1_299' title='bbox 1030 2405 1127 2440; x_wconf 86' lang='lat' dir='ltr'>aiunt</span> <span class='ocrx_word' id='word_1_300' title='bbox 1151 2404 1352 2440; x_wconf 78' lang='lat' dir='ltr'><strong><em>Fenestella</em></strong></span> <span class='ocrx_word' id='word_1_301' title='bbox 1374 2412 1410 2439; x_wconf 80' lang='lat' dir='ltr'><strong><em>et</em></strong></span> <span class='ocrx_word' id='word_1_302' title='bbox 1428 2406 1556 2440; x_wconf 79' lang='lat' dir='ltr'>Sisena</span> 
     </span>
    </p>

    <p class='ocr_par' dir='ltr' id='par_1_7' title="bbox 92 2450 1556 2727">
     <span class='ocr_line' id='line_1_34' title="bbox 128 2450 1553 2496; baseline 0.001 -12"><span class='ocrx_word' id='word_1_303' title='bbox 128 2451 260 2493; x_wconf 84' lang='lat' dir='ltr'>omani,</span> <span class='ocrx_word' id='word_1_304' title='bbox 296 2462 439 2495; x_wconf 85' lang='lat' dir='ltr'>quorum</span> <span class='ocrx_word' id='word_1_305' title='bbox 463 2450 540 2485; x_wconf 82' lang='lat' dir='ltr'>loca</span> <span class='ocrx_word' id='word_1_306' title='bbox 565 2451 678 2484; x_wconf 82' lang='lat' dir='ltr'>Varro</span> <span class='ocrx_word' id='word_1_307' title='bbox 708 2451 743 2485; x_wconf 90' lang='lat' dir='ltr'><strong><em>in</em></strong></span> <span class='ocrx_word' id='word_1_308' title='bbox 767 2451 856 2485; x_wconf 86' lang='lat' dir='ltr'>libro</span> <span class='ocrx_word' id='word_1_309' title='bbox 885 2453 928 2485; x_wconf 91' lang='lat' dir='ltr'><strong><em>de</em></strong></span> <span class='ocrx_word' id='word_1_310' title='bbox 951 2451 1070 2485; x_wconf 85' lang='lat' dir='ltr'>Rebus</span> <span class='ocrx_word' id='word_1_311' title='bbox 1091 2450 1260 2485; x_wconf 80' lang='lat' dir='ltr'>Humanis</span> <span class='ocrx_word' id='word_1_312' title='bbox 1288 2451 1452 2496; x_wconf 80' lang='lat' dir='ltr'>protulit3</span> <span class='ocrx_word' id='word_1_313' title='bbox 1488 2464 1553 2496; x_wconf 75' lang='lat' dir='ltr'><strong><em>ego</em></strong></span> 
     </span>
     <span class='ocr_line' id='line_1_35' title="bbox 94 2495 1555 2544; baseline 0.001 -14"><span class='ocrx_word' id='word_1_314' title='bbox 94 2496 208 2532; x_wconf 71' lang='lat' dir='ltr'>antem</span> <span class='ocrx_word' id='word_1_315' title='bbox 225 2495 334 2544; x_wconf 70' lang='lat' dir='ltr'>libros</span> <span class='ocrx_word' id='word_1_316' title='bbox 353 2497 496 2531; x_wconf 87' lang='lat' dir='ltr'>necdum</span> <span class='ocrx_word' id='word_1_317' title='bbox 515 2497 615 2540; x_wconf 86' lang='lat' dir='ltr'>vidi)</span> <span class='ocrx_word' id='word_1_318' title='bbox 638 2497 687 2530; x_wconf 88' lang='lat' dir='ltr'><strong><em>ibi</em></strong></span> <span class='ocrx_word' id='word_1_319' title='bbox 709 2497 819 2541; x_wconf 81' lang='lat' dir='ltr'>igitur</span> <span class='ocrx_word' id='word_1_320' title='bbox 838 2497 1001 2542; x_wconf 86' lang='lat' dir='ltr'>templum</span> <span class='ocrx_word' id='word_1_321' title='bbox 1025 2502 1102 2532; x_wconf 75' lang='lat' dir='ltr'>erat</span> <span class='ocrx_word' id='word_1_322' title='bbox 1124 2497 1339 2532; x_wconf 82' lang='lat' dir='ltr'>immaculato</span> <span class='ocrx_word' id='word_1_323' title='bbox 1358 2504 1555 2532; x_wconf 78' lang='lat' dir='ltr'>sanctorum</span> 
     </span>
     <span class='ocr_line' id='line_1_36' title="bbox 94 2542 1556 2588; baseline 0.001 -13"><span class='ocrx_word' id='word_1_324' title='bbox 94 2542 292 2587; x_wconf 73' lang='lat' dir='ltr'>angelorum</span> <span class='ocrx_word' id='word_1_325' title='bbox 329 2543 499 2581; x_wconf 72' lang='lat' dir='ltr'>exercitui</span> <span class='ocrx_word' id='word_1_326' title='bbox 532 2543 655 2577; x_wconf 78' lang='lat' dir='ltr'>indicti</span> <span class='ocrx_word' id='word_1_327' title='bbox 689 2543 746 2577; x_wconf 88' lang='lat' dir='ltr'><strong><em>dei</em></strong></span> <span class='ocrx_word' id='word_1_328' title='bbox 781 2549 1039 2585; x_wconf 81' lang='lat' dir='ltr'>consecratum3</span> <span class='ocrx_word' id='word_1_329' title='bbox 1080 2544 1124 2577; x_wconf 90' lang='lat' dir='ltr'><strong><em>de</em></strong></span> <span class='ocrx_word' id='word_1_330' title='bbox 1161 2554 1229 2588; x_wconf 90' lang='lat' dir='ltr'><strong><em>quo</em></strong></span> <span class='ocrx_word' id='word_1_331' title='bbox 1267 2543 1424 2587; x_wconf 83' lang='lat' dir='ltr'>Phocas,</span> <span class='ocrx_word' id='word_1_332' title='bbox 1463 2543 1556 2577; x_wconf 80' lang='lat' dir='ltr'>sicut</span> 
     </span>
     <span class='ocr_line' id='line_1_37' title="bbox 95 2588 1554 2634; baseline 0.001 -12"><span class='ocrx_word' id='word_1_333' title='bbox 95 2588 231 2632; x_wconf 81' lang='lat' dir='ltr'>omnes,</span> <span class='ocrx_word' id='word_1_334' title='bbox 257 2588 391 2634; x_wconf 85' lang='lat' dir='ltr'>sciens,</span> <span class='ocrx_word' id='word_1_335' title='bbox 415 2589 583 2623; x_wconf 85' lang='lat' dir='ltr'>Ellamum</span> <span class='ocrx_word' id='word_1_336' title='bbox 608 2590 778 2634; x_wconf 81' lang='lat' dir='ltr'>quendam</span> <span class='ocrx_word' id='word_1_337' title='bbox 802 2591 868 2624; x_wconf 87' lang='lat' dir='ltr'><strong><em>deo</em></strong></span> <span class='ocrx_word' id='word_1_338' title='bbox 893 2589 1019 2633; x_wconf 80' lang='lat' dir='ltr'>viginti</span> <span class='ocrx_word' id='word_1_339' title='bbox 1042 2589 1118 2623; x_wconf 80' lang='lat' dir='ltr'>auri</span> <span class='ocrx_word' id='word_1_340' title='bbox 1138 2589 1244 2623; x_wconf 84' lang='lat' dir='ltr'>libras</span> <span class='ocrx_word' id='word_1_341' title='bbox 1263 2590 1432 2633; x_wconf 78' lang='lat' dir='ltr'>donasse,</span> <span class='ocrx_word' id='word_1_342' title='bbox 1456 2596 1554 2623; x_wconf 87' lang='lat' dir='ltr'>octo-</span> 
     </span>
     <span class='ocr_line' id='line_1_38' title="bbox 93 2633 1553 2681; baseline 0.001 -13"><span class='ocrx_word' id='word_1_343' title='bbox 93 2633 193 2679; x_wconf 79' lang='lat' dir='ltr'>ginta</span> <span class='ocrx_word' id='word_1_344' title='bbox 214 2645 395 2670; x_wconf 80' lang='lat' dir='ltr'>aureorum</span> <span class='ocrx_word' id='word_1_345' title='bbox 417 2635 587 2679; x_wconf 80' lang='lat' dir='ltr'>reditum,</span> <span class='ocrx_word' id='word_1_346' title='bbox 620 2635 815 2681; x_wconf 81' lang='lat' dir='ltr'><strong><em>hospitibus</em></strong></span> <span class='ocrx_word' id='word_1_347' title='bbox 840 2636 877 2669; x_wconf 90' lang='lat' dir='ltr'><strong><em>in</em></strong></span> <span class='ocrx_word' id='word_1_348' title='bbox 903 2635 1032 2680; x_wconf 84' lang='lat' dir='ltr'>templo</span> <span class='ocrx_word' id='word_1_349' title='bbox 1060 2634 1277 2681; x_wconf 86' lang='lat' dir='ltr'>excipiendis</span> <span class='ocrx_word' id='word_1_350' title='bbox 1299 2636 1553 2679; x_wconf 77' lang='lat' dir='ltr'>destinandum,</span> 
     </span>
     <span class='ocr_line' id='line_1_39' title="bbox 92 2680 665 2727; baseline 0.002 -13"><span class='ocrx_word' id='word_1_351' title='bbox 92 2680 332 2715; x_wconf 73' lang='lat' dir='ltr'>sacerdotibus</span> <span class='ocrx_word' id='word_1_352' title='bbox 353 2681 495 2727; x_wconf 79' lang='lat' dir='ltr'>adiungi</span> <span class='ocrx_word' id='word_1_353' title='bbox 516 2682 665 2716; x_wconf 82' lang='lat' dir='ltr'>curavit.</span> 
     </span>
    </p>

    <p class='ocr_par' dir='ltr' id='par_1_8' title="bbox 184 2725 1551 2773">
     <span class='ocr_line' id='line_1_40' title="bbox 184 2725 1551 2773; baseline -0.001 -11"><span class='ocrx_word' id='word_1_354' title='bbox 184 2725 244 2762; x_wconf 87' lang='lat'><strong><em>75.</em></strong></span> <span class='ocrx_word' id='word_1_355' title='bbox 289 2726 470 2762; x_wconf 87' lang='lat' dir='ltr'>Eiusmodi</span> <span class='ocrx_word' id='word_1_356' title='bbox 503 2728 641 2773; x_wconf 90' lang='lat' dir='ltr'>quidem</span> <span class='ocrx_word' id='word_1_357' title='bbox 674 2727 806 2762; x_wconf 86' lang='lat' dir='ltr'>artibus</span> <span class='ocrx_word' id='word_1_358' title='bbox 843 2727 878 2761; x_wconf 90' lang='lat' dir='ltr'><strong><em>in</em></strong></span> <span class='ocrx_word' id='word_1_359' title='bbox 914 2726 1059 2761; x_wconf 76' lang='lat' dir='ltr'>civitate</span> <span class='ocrx_word' id='word_1_360' title='bbox 1090 2727 1265 2762; x_wconf 78' lang='lat' dir='ltr'>utebatur.</span> <span class='ocrx_word' id='word_1_361' title='bbox 1313 2737 1432 2763; x_wconf 80' lang='lat' dir='ltr'>aurum</span> <span class='ocrx_word' id='word_1_362' title='bbox 1465 2738 1551 2761; x_wconf 78' lang='lat' dir='ltr'>vero</span> 
     </span>
    </p>

    <p class='ocr_par' dir='ltr' id='par_1_9' title="bbox 91 2771 1551 2912">
     <span class='ocr_line' id='line_1_41' title="bbox 118 2771 1551 2819; baseline 0 -13"><span class='ocrx_word' id='word_1_363' title='bbox 118 2771 279 2806; x_wconf 75' lang='lat' dir='ltr'>uotannis</span> <span class='ocrx_word' id='word_1_364' title='bbox 302 2772 452 2819; x_wconf 83' lang='lat' dir='ltr'>captivis</span> <span class='ocrx_word' id='word_1_365' title='bbox 471 2774 683 2808; x_wconf 86' lang='lat' dir='ltr'>redimendis</span> <span class='ocrx_word' id='word_1_366' title='bbox 707 2773 841 2808; x_wconf 86' lang='lat' dir='ltr'>occulte</span> <span class='ocrx_word' id='word_1_367' title='bbox 866 2774 1088 2816; x_wconf 79' lang='lat' dir='ltr'>effundebat,</span> <span class='ocrx_word' id='word_1_368' title='bbox 1122 2773 1325 2817; x_wconf 84' lang='lat' dir='ltr'>lacrimans,</span> <span class='ocrx_word' id='word_1_369' title='bbox 1360 2784 1436 2808; x_wconf 89' lang='lat' dir='ltr'>cum</span> <span class='ocrx_word' id='word_1_370' title='bbox 1458 2774 1551 2807; x_wconf 82' lang='lat' dir='ltr'>forte</span> 
     </span>
     <span class='ocr_line' id='line_1_42' title="bbox 91 2783 1551 2866; baseline 0 -15"><span class='ocrx_word' id='word_1_371' title='bbox 91 2783 218 2864; x_wconf 51' lang='lat' dir='ltr'>ziquis</span> <span class='ocrx_word' id='word_1_372' title='bbox 245 2819 290 2852; x_wconf 90' lang='lat' dir='ltr'><strong><em>de</em></strong></span> <span class='ocrx_word' id='word_1_373' title='bbox 313 2817 461 2854; x_wconf 83' lang='lat' dir='ltr'>hostiurn</span> <span class='ocrx_word' id='word_1_374' title='bbox 482 2819 680 2855; x_wconf 88' lang='lat' dir='ltr'>incursione</span> <span class='ocrx_word' id='word_1_375' title='bbox 698 2820 918 2866; x_wconf 84' lang='lat' dir='ltr'>captivisque</span> <span class='ocrx_word' id='word_1_376' title='bbox 937 2819 1095 2854; x_wconf 82' lang='lat' dir='ltr'>abductis</span> <span class='ocrx_word' id='word_1_377' title='bbox 1120 2819 1154 2853; x_wconf 85' lang='lat' dir='ltr'><strong><em>ei</em></strong></span> <span class='ocrx_word' id='word_1_378' title='bbox 1179 2824 1348 2855; x_wconf 86' lang='lat' dir='ltr'>narraret.</span> <span class='ocrx_word' id='word_1_379' title='bbox 1397 2826 1433 2854; x_wconf 86' lang='lat' dir='ltr'><strong><em>et</em></strong></span> <span class='ocrx_word' id='word_1_380' title='bbox 1455 2819 1551 2853; x_wconf 73' lang='lat' dir='ltr'>veri-</span> 
     </span>
     <span class='ocr_line' id='line_1_43' title="bbox 91 2865 1551 2912; baseline 0 -13"><span class='ocrx_word' id='word_1_381' title='bbox 91 2867 198 2899; x_wconf 63' lang='lat' dir='ltr'>tatem</span> <span class='ocrx_word' id='word_1_382' title='bbox 231 2868 357 2900; x_wconf 77' lang='lat' dir='ltr'>testem</span> <span class='ocrx_word' id='word_1_383' title='bbox 388 2865 554 2901; x_wconf 78' lang='lat' dir='ltr'>invocare</span> <span class='ocrx_word' id='word_1_384' title='bbox 585 2878 655 2901; x_wconf 86' lang='lat' dir='ltr'><strong><em>non</em></strong></span> <span class='ocrx_word' id='word_1_385' title='bbox 684 2877 830 2912; x_wconf 87' lang='lat' dir='ltr'>vereor,</span> <span class='ocrx_word' id='word_1_386' title='bbox 866 2877 951 2901; x_wconf 83' lang='lat' dir='ltr'>vera</span> <span class='ocrx_word' id='word_1_387' title='bbox 981 2865 1120 2901; x_wconf 81' lang='lat' dir='ltr'>dicens:</span> <span class='ocrx_word' id='word_1_388' title='bbox 1157 2866 1231 2900; x_wconf 77' lang='lat' dir='ltr'>scio</span> <span class='ocrx_word' id='word_1_389' title='bbox 1256 2891 1266 2901; x_wconf 90' lang='lat'><strong><em>.</em></strong></span> <span class='ocrx_word' id='word_1_390' title='bbox 1282 2891 1318 2902; x_wconf 87' lang='lat'><strong><em>..</em></strong></span> <span class='ocrx_word' id='word_1_391' title='bbox 1341 2877 1396 2901; x_wconf 85' lang='lat' dir='ltr'><strong><em>me</em></strong></span> <span class='ocrx_word' id='word_1_392' title='bbox 1417 2870 1551 2901; x_wconf 74' lang='lat' dir='ltr'>tautum</span> 
     </span>
    </p>
   </div>
  </div>
 </body>
</html>
