1748 3210
637 213 713 257 DE
747 210 1033 258 OSTENTIS.
1456 213 1547 258 291

111 335 193 384 m
217 321 244 379 ὁ
273 325 448 380 κομήτης
476 320 614 375 οὗτος,
655 325 742 367 τοῖς
769 320 863 362 καθ’
890 318 946 363 ὧν
973 316 1287 372 ἀποστρέφεται
1314 316 1392 369 τοὶς
1421 316 1553 362 α’στο-

109 395 204 450 κίας
225 392 420 447 ἐπιφέρει.
486 395 521 430 εἰ
560 392 600 430 δὲ
637 391 699 429 ἐπὶ
735 391 802 428 τὸν
840 390 963 432 νότον
998 388 1084 438 ἴδῃ,
1123 384 1322 430 ἐπιδώσει
1361 386 1381 424 ὁ
1413 391 1554 432 Νεῖλος

111 457 450 516 ἀφθονώτερον,
493 460 618 506 εἰρήνη
646 472 686 496 τε
713 459 776 495 καὶ
803 455 984 510 εὐετηρία
1012 455 1119 496 ἔσται,
1147 453 1216 497 ἐπὶ
1243 455 1318 509 τῆς
1346 453 1553 502 Αἰγύπτου,

109 524 299 582 ὁμόνοιά
338 541 382 570 τε
417 522 491 567 καὶ
532 522 750 579 εἰλικρινὴς
784 527 876 574 τοῖς
913 525 1047 566 πᾶσιν
1085 519 1255 578 ἡσυχία.
1314 520 1352 563 εἰ
1381 519 1427 563 δὲ
1454 519 1559 563 α’πο-

76 592 367 644 ὅότοεφόμενος
395 594 458 630 καὶ
484 592 592 634 κατὰ
620 589 742 634 νότον
778 589 887 645 ἔχων
923 587 1005 645 τὴν
1034 586 1254 642 ἀνατολὴν
1283 586 1353 631 ἐπὶ
1379 585 1458 642 τὴν
1487 585 1561 631 δυ’-

110 671 184 704 σιν
212 661 304 714 ὁρᾷ,
346 657 507 708 ἄπειρος
541 659 646 700 ἔσται
682 660 774 708 τοῖς
803 655 1030 714 Ῥωμαίοις
1056 654 1339 713 εὐδαιμονία·
1381 653 1557 708 Πέρσας

110 742 235 771 τε...

226 797 292 838 16.
331 819 491 832 ·······
501 791 676 842 γενεσίαν
703 794 766 846 τῷ
793 794 920 835 παντὶ
946 791 1204 847 παρέχουσα·
1233 793 1296 830 καὶ
1323 789 1391 830 ὅσα
1419 790 1557 834 ἁπλῶς

113 863 154 902 ἐν
180 863 242 919 τῷ
269 863 366 914 περὶ
390 859 580 915 γενέσεως
607 863 672 899 καὶ
708 864 868 914 φθορᾶς
907 859 927 897 ὁ
965 861 1170 908 φιλόσοφος
1207 858 1403 914 ἀναφέρει.
1470 857 1558 896 ὥστε

58 941 104 976 10
117 928 274 986 ἀνάγκη
310 932 425 971 πᾶσα
461 931 550 971 τῶν
582 924 671 971 ὑπὸ
712 928 878 980 σελήνην
911 924 1092 969 πάντων
1124 926 1175 973 μή
1217 925 1323 979 μίαν
1349 924 1451 979 μηδὲ
1478 922 1561 979 τήν

113 995 252 1053 αὐτὴν
279 993 390 1039 εἶναι
417 994 567 1050 φύσιν.
640 993 678 1036 εἰ
704 990 789 1047 γὰρ
818 989 929 1046 α’ρχὴ
958 989 1162 1046 γενέσεως
1189 991 1263 1035 καὶ
1293 995 1468 1047 φθορᾶς
1498 1002 1563 1034 σε-

112 1065 230 1112 λήνη,
272 1064 370 1106 εἰκός
405 1063 479 1100 ἐστι
515 1058 574 1116 μή
613 1057 680 1103 αἐὶ
717 1055 912 1109 ὦσαύτως
938 1061 1208 1112 θεωρεῖσθαι
1235 1055 1289 1100 τὰ
1318 1056 1400 1102 ὑπ’
1429 1058 1564 1114 αὕτήυ

112 1132 290 1187 φυόμενα
316 1130 525 1176 συμβάντα.
583 1127 622 1169 εἰ
656 1125 740 1180 γὰρ
779 1126 990 1176 §anemos
1024 1123 1145 1179 παρὰ
1181 1126 1274 1170 τούς
1310 1125 1441 1172 ἄλλους
1477 1130 1562 1168 τῶν

66 1199 73 1205 ’
111 1193 401 1250 πλανωμένην
430 1191 564 1250 αὕτη,
607 1193 743 1244 λοξῶς
773 1191 847 1235 καὶ
877 1189 933 1235 οὐ
962 1190 1074 1246 πρὸς
1103 1189 1180 1242 ὀξύ
1210 1190 1264 1234 τὰ
1293 1196 1380 1236 τῶν
1409 1191 1564 1237 ἀποτε-

59 1273 103 1310 15
114 1262 337 1319 λεσμοὶτων
354 1261 529 1316 γίνεται.
559 1260 603 1303 οἱ
630 1258 710 1314 μὲν
736 1258 820 1314 γὰρ
850 1256 959 1302 κατοὶ
989 1256 1092 1309 τοὺς
1121 1257 1376 1304 διαπλόκους
1404 1259 1566 1311 πόλους

113 1332 185 1379 τήν
208 1331 269 1370 ἐπὶ
289 1334 371 1372 ταῖς
393 1328 655 1383 διοσημείαις
674 1327 879 1380 μαντείαν
898 1323 1215 1369 ἀπευθύνουσιν
1228 1356 1238 1374 ,
1279 1326 1386 1369 ἄλλοι
1409 1328 1447 1365 δὲ
1468 1329 1564 1365 κατὰ

113 1395 194 1451 τὰς
233 1395 411 1447 ἐπιτολὰς
448 1393 476 1451 ἢ
511 1394 622 1439 κατὰ
658 1392 738 1445 τοὶς
774 1391 950 1449 φάσεις·
995 1393 1071 1438 καὶ
1110 1387 1234 1438 οὗτοι
1273 1393 1354 1451 μὲν
1391 1396 1488 1444 πρὸς
1516 1397 1564 1436 τὰ

206 1519 231 1557 4
255 1545 265 1556 .
285 1545 295 1555 .
313 1545 323 1555 .
340 1530 477 1564 κρηνησ
498 1519 541 1554 C.
680 1518 702 1555 5
726 1519 854 1565 νότον]
873 1521 918 1555 ad
940 1531 1078 1555 sensum
1102 1519 1222 1554 melius
1247 1523 1340 1554 esset
1360 1520 1470 1553 νῶτα.
1515 1521 1562 1555 cf.

209 1578 288 1612 cap.
306 1567 363 1601 61.
388 1567 437 1599 H.
508 1566 530 1601 7
551 1564 608 1599 hic
624 1565 842 1600 desideratur
858 1566 974 1600 folium
992 1572 1086 1600 certe
1108 1577 1223 1609 unum,
1245 1566 1283 1599 in
1306 1577 1373 1610 quo
1398 1565 1564 1599 credibile

207 1618 264 1646 est
279 1612 324 1646 de
340 1611 484 1655 reliquis
507 1611 692 1654 generibus
714 1618 919 1646 cometarum
938 1612 1134 1658 disputasse
1156 1611 1305 1654 Lydum,
1330 1611 1425 1644 velut
1447 1613 1490 1645 de
1509 1612 1563 1646 di-

206 1669 288 1692 sceo
312 1669 356 1702 po
382 1657 462 1691 onia
483 1656 650 1700 typhone,
673 1668 714 1690 ac
738 1657 901 1702 deinceps
926 1659 971 1691 ad
997 1657 1259 1691 observationes
1282 1656 1418 1689 lunares
1438 1657 1564 1700 [σελη-

207 1700 340 1742 manag
380 1701 610 1746 πιτηρήσεις]
633 1702 829 1736 transiisse.
874 1703 924 1736 ibi
946 1702 1104 1747 suspicor
1128 1703 1197 1744 (ex
1220 1701 1442 1747 peroratione
1467 1703 1561 1747 capi-

205 1748 253 1783 tis
275 1748 334 1792 16)
353 1747 548 1793 suscepisse
565 1754 738 1781 auctorem
757 1748 995 1781 defensionem
1017 1747 1223 1792 disciplinae
1246 1747 1420 1791 auguralis
1443 1755 1566 1782 contra

208 1805 315 1828 voces
333 1794 563 1839 quorundam,
590 1793 788 1838 negantium
811 1792 1005 1827 consociari
1027 1804 1102 1826 eam
1123 1805 1227 1838 posse
1249 1804 1323 1826 cum
1351 1792 1482 1838 pietate
1506 1805 1563 1828 re-

207 1845 334 1884 ctaque
362 1838 586 1892 persuasione
611 1840 654 1872 de
684 1839 822 1872 numine
854 1850 895 1871 ac
926 1843 1039 1871 mente
1071 1838 1140 1871 dei.
1189 1838 1244 1871 cui
1273 1837 1428 1882 opinioni
1453 1851 1564 1884 oppo-

206 1883 320 1919 suisse
342 1885 482 1918 wdetur
506 1883 715 1917 ratiunculas
747 1895 767 1917 e
797 1883 895 1917 libris
918 1883 1118 1917 Aristotelis
1141 1884 1185 1917 de
1208 1883 1301 1917 caelo
1322 1885 1435 1928 deque
1458 1897 1566 1928 gene-

206 1930 344 1963 ratione
375 1935 411 1964 et
443 1929 664 1973 corruptione
697 1929 931 1973 conquisitas:
963 1934 1205 1972 tempestatum
1227 1929 1486 1963 vicissitudines
1511 1942 1570 1964 re-

207 1986 351 2018 rumque
375 1975 595 2007 humanarum
620 1974 921 2015 commutationes,
952 1974 1051 2006 modo
1075 1974 1170 2017 leges
1194 1985 1215 2007 a
1237 1974 1459 2018 providentia
1482 1976 1569 2010 fixas
1626 1971 1630 1975 ’

209 2020 362 2063 noveris,
387 2031 455 2052 non
472 2019 582 2052 minus
608 2031 628 2052 a
651 2019 851 2052 mortalibus
875 2018 957 2051 sciri
978 2018 1202 2062 praedicique
1226 2031 1328 2063 posse
1350 2031 1450 2064 quam
1473 2021 1567 2054 side-

208 2076 284 2100 rum
307 2076 442 2099 cursum
472 2064 704 2107 impetumque
730 2063 829 2097 caeli.
877 2074 945 2108 qua
976 2075 1019 2097 ex
1053 2064 1349 2108 argumentatione
1381 2073 1568 2110 supersunt

210 2109 270 2144 illa
302 2122 379 2154 cap.
407 2111 469 2152 16,
502 2109 716 2153 fugientibus
748 2107 950 2153 plerumque
982 2109 1114 2153 literis,
1150 2120 1238 2154 quae
1260 2110 1350 2144 hunc
1372 2110 1410 2144 in
1432 2113 1567 2148 modum

210 2155 399 2191 restituere
420 2158 524 2200 atque
542 2159 680 2190 vertere
703 2165 776 2188 sum
797 2160 954 2190 conatus.
1067 2156 1110 2192 13
1130 2155 1215 2191 fort·
1238 2154 1277 2190 εἴ
1294 2166 1344 2200 γε.
1368 2156 1416 2191 Η.

123 2268 203 2313 ffle,
233 2268 278 2303 iis
295 2268 334 2303 in
356 2279 442 2314 quos
468 2268 628 2312 devergit
648 2268 892 2303 frustrationes
914 2267 1209 2313 exspectationum
1230 2269 1347 2304 affert.
1393 2269 1424 2304 si
1444 2270 1481 2305 in
1504 2282 1567 2306 au-

125 2321 233 2349 strum
260 2320 415 2359 spectat,
449 2314 550 2348 Nilus
574 2314 784 2349 incremento
814 2315 944 2349 maiore
972 2315 1181 2355 abundabit3
1214 2326 1284 2360 pax
1305 2321 1341 2349 et
1358 2316 1570 2351 abundantia

124 2360 195 2394 crit
222 2372 286 2405 per
311 2362 527 2405 Aegyptum:
562 2360 747 2394 concordia
780 2365 815 2395 et
844 2360 1076 2404 tranquillitas
1108 2360 1245 2394 sincera
1266 2372 1330 2405 per
1351 2363 1469 2395 orbem
1492 2368 1566 2396 ter-

122 2417 250 2440 rarum.
297 2406 328 2439 si
355 2407 548 2449 devergens
576 2411 611 2439 et
639 2411 790 2439 austrum
816 2417 939 2440 versus
964 2411 1119 2439 exortum
1141 2406 1272 2440 habens
1297 2406 1336 2439 in
1353 2408 1567 2442 occidentem

123 2456 270 2497 spectat,
295 2463 425 2485 summa
445 2451 513 2485 erit
535 2450 654 2496 populi
670 2452 817 2486 Romani
836 2451 1005 2486 felicitas:
1026 2451 1174 2485 Parthos
1188 2475 1198 2485 .
1212 2474 1222 2485 .
1235 2474 1245 2485 .

217 2497 271 2531 16.
320 2520 478 2532 ......
493 2497 675 2530 conversio
707 2496 793 2530 caeli
821 2497 890 2531 vim
921 2496 1107 2540 genitalem
1133 2496 1215 2530 huic
1250 2496 1472 2532 universitati
1499 2498 1565 2532 tri-

123 2542 255 2583 buens3
277 2547 314 2576 et
330 2542 495 2587 quicquid
517 2542 652 2576 omnino
680 2541 717 2575 in
734 2541 823 2576 libro
843 2543 898 2576 De
920 2542 1145 2586 generatione
1166 2548 1202 2576 et
1225 2543 1446 2587 corruptione
1468 2544 1567 2589 prin-

125 2598 208 2631 ceps
225 2587 535 2632 Peripateticorum
558 2592 811 2622 commemorat.
858 2593 896 2621 ut
928 2599 1073 2622 necesse
1100 2586 1203 2632 plane
1234 2588 1282 2622 sit
1310 2600 1424 2622 rerum
1447 2589 1567 2624 sublu-

125 2632 258 2666 narium
287 2633 434 2668 omnium
461 2645 544 2667 non·
561 2645 662 2667 unam
687 2645 800 2678 neque
827 2634 971 2667 eandem
1004 2645 1082 2667 esse
1109 2638 1277 2668 naturam.
1334 2645 1411 2669 nam
1432 2635 1464 2669 si
1487 2634 1568 2670 luna

125 2677 331 2723 principium
357 2685 412 2713 est
428 2679 664 2723 generationis
688 2685 724 2713 et
743 2679 974 2724 corruptionis
988 2705 998 2722 ‚
1021 2679 1179 2723 sequitur
1203 2690 1271 2713 non
1294 2691 1430 2725 semper
1454 2682 1574 2716 eodem

125 2725 226 2757 modo
251 2735 420 2769 apparere
444 2735 531 2768 quae
553 2727 616 2759 sub
640 2724 700 2758 illa
718 2726 811 2759 forte
830 2724 996 2759 existant.
1043 2725 1074 2758 si
1093 2724 1183 2759 enim
1200 2736 1222 2758 a
1241 2731 1359 2759 centro
1384 2726 1492 2771 magis
1513 2738 1572 2761 re-

125 2769 219 2802 cedit
241 2781 342 2813 quam
365 2769 431 2804 alia
449 2770 618 2815 errantia,
644 2771 784 2815 obliqua
803 2771 845 2805 fit
866 2782 932 2804 nec
954 2770 1164 2816 praerapida
1183 2771 1446 2806 efficientiarum
1468 2772 1571 2807 ratio.

122 2813 371 2849 divinationem
394 2826 483 2859 quae
507 2827 549 2850 ex
578 2816 749 2861 prodigiis
771 2817 833 2860 fit,
869 2816 913 2850 ad
941 2815 1040 2861 polos
1070 2816 1224 2850 deflextss
1253 2818 1473 2852 moderantur
1500 2818 1571 2861 alii,

123 2859 184 2895 alii
207 2860 251 2895 ad
273 2866 372 2896 ortus
397 2865 458 2896 aut
480 2861 752 2907 praefulsiones:
784 2861 822 2898 hi
843 2867 985 2898 servato
1009 2862 1053 2898 ad
1075 2861 1257 2898 duodecim
1274 2862 1380 2909 signa
1394 2863 1490 2908 sole,
1521 2863 1570 2898 illl
