1748 3210
260 232 423 263 xxxvm
635 221 780 264 HASH
811 221 885 263 DE
917 219 1122 262 IOANNE
1154 219 1306 263 LYDO

261 349 415 387 fortuna
431 347 495 387 hic
513 351 652 398 etiam,
680 357 723 388 ut
743 363 880 401 saepe,
919 363 1056 401 parum
1073 361 1196 401 aequa
1218 350 1314 388 fuit.
1361 362 1454 388 nam
1478 357 1593 399 cum,
1632 356 1677 388 ut

265 413 410 453 dictum
431 423 507 464 est,
547 417 700 467 cpolim
726 419 867 454 missus
899 423 1021 464 esset,
1062 415 1322 468 dilectamque
1345 428 1456 454 suam
1474 415 1678 453 Graeciam

263 481 370 518 velut
386 481 644 532 redintegrato
671 495 801 520 amore
829 483 1145 533 complecteretur
1177 481 1194 532 (
1205 495 1248 518 eo
1271 482 1413 519 melius
1432 495 1512 534 vquo
1532 482 1679 533 publici

263 549 436 584 muneris
459 549 661 584 auctoritas
681 549 932 598 opportunior
953 547 1064 598 erat),
1093 547 1329 599 haberetque
1345 560 1477 586 secum
1497 546 1679 584 eruditis-

264 613 408 650 simum
428 611 629 650 hominem
645 615 833 650 Ioannem
851 616 897 650 B.
919 615 960 652 C.
981 613 1144 651 d’Ansse
1169 613 1216 651 de
1236 615 1442 662 Villoison,
1463 615 1511 662 is,
1535 619 1580 651 ut
1599 619 1681 650 erat

91 725 96 733 .
266 679 474 714 acerrimus
504 680 751 730 antiquorum
780 678 958 717 codicum
978 682 1250 730 investigator,
1286 681 1521 718 Graecorum
1540 687 1682 716 mona-

94 754 129 787 ρ.
150 753 244 777 xxm
265 743 380 781 steria
400 743 610 794 percupide
630 744 801 796 quidem,
824 744 894 783 sed
912 746 1053 784 frustra
1070 748 1320 784 concursavit.
1376 759 1466 785 cum
1484 752 1614 783 autem
1632 743 1684 782 ad

265 810 482 858 Bosporum
499 811 540 846 in
563 810 782 848 suburbano
803 812 940 848 Graeci
961 811 1163 850 cuiusdam
1187 812 1331 849 literati
1365 826 1416 850 ex
1444 811 1684 851 Constantini

266 875 412 911 Morusi
444 875 629 925 principis
662 876 848 914 affinitate
875 879 995 916 libros
1028 878 1219 930 quosdam
1245 885 1394 916 veteres
1422 883 1684 931 pertractaret,

264 941 413 977 invenit
434 953 522 976 cum
540 942 635 979 alios
651 944 839 992 pretiosos
852 972 862 992 ‚
895 951 981 982 tum
1005 946 1044 982 in
1063 946 1199 996 priinis
1223 957 1347 982 unum
1368 943 1472 996 Lydi
1493 955 1610 994 opera
1635 941 1685 981 de

265 1007 434 1043 Ostentis
457 1005 582 1057 deque
591 1009 878 1058 Magistratibus
898 1012 1172 1048 continentem.
1228 1010 1334 1048 hunc
1354 1011 1485 1049 statim
1502 1010 1687 1047 illustris-

266 1073 364 1110 simo
385 1072 513 1122 legato
536 1073 584 1111 de
606 1073 789 1112 Choiseul
807 1075 976 1126 indicat3
1022 1078 1089 1128 qui
1110 1089 1199 1113 cum
1218 1077 1470 1127 significasset
1490 1089 1532 1114 se
1551 1077 1594 1112 in
1615 1073 1688 1111 de·-

266 1136 407 1175 siderio
437 1151 520 1175 esse
547 1140 629 1177 eius
650 1140 814 1190 codicis,
852 1156 943 1180 eum
970 1144 1087 1194 paulo
1114 1149 1202 1194 post
1227 1156 1249 1180 a
1271 1144 1521 1180 Constantino
1540 1141 1689 1179 Morusi
1713 1164 1715 1167 -

262 1205 440 1254 principe
462 1203 563 1241 dono
582 1208 741 1256 accepit.
783 1216 867 1246 erat
886 1211 988 1246 enim
1005 1211 1037 1246 is
1060 1210 1331 1245 Constantinus
1350 1210 1422 1245 Bei
1439 1209 1587 1246 Morusi
1603 1214 1690 1244 tum

264 1269 348 1318 ipse
368 1276 479 1306 acuto
499 1276 536 1306 et
554 1271 710 1309 subacto
731 1274 912 1322 ingenio,
943 1282 1029 1311 tum
1057 1274 1241 1310 adversus
1264 1274 1436 1312 literatos
1456 1272 1584 1312 studio
1605 1275 1690 1310 sin-

265 1335 414 1384 gulari3
459 1347 623 1386 cumque
653 1338 770 1386 paulo
791 1346 878 1376 ante
899 1338 1127 1378 Valachiam
1146 1351 1298 1375 summo
1320 1352 1408 1376 cum
1428 1341 1594 1390 imperio
1617 1338 1691 1376 ad-

264 1401 538 1448 ministrasset,
589 1407 682 1438 tuuc
708 1404 750 1438 in
778 1402 898 1441 hortis
931 1403 981 1440 ad
1007 1405 1225 1454 Bosporum
1258 1405 1541 1442 amoenissimis
1570 1405 1691 1456 inque

266 1466 428 1503 mirifica
447 1467 634 1504 librorum
653 1481 811 1506 suorum
829 1468 1065 1507 bibliotheca
1079 1470 1265 1506 felicitate
1283 1472 1410 1520 magis
1427 1471 1557 1508 stabili
1571 1483 1692 1522 quam

265 1544 440 1583 unquam
457 1539 571 1570 antea
590 1533 803 1571 fruebatur.
858 1536 913 1572 ita
939 1533 1012 1572 hos
1041 1535 1301 1585 amplissimos
1326 1538 1452 1584 viros,
1496 1549 1593 1588 quos
1610 1538 1691 1573 iam

267 1598 479 1635 sociaverat
498 1597 713 1635 studiorum
732 1600 960 1649 similitudo,
988 1608 1072 1637 tum
1089 1602 1214 1651 magis
1235 1603 1352 1638 etiam
1372 1604 1574 1640 coniunxit
1588 1602 1691 1654 Lydi

265 1663 367 1700 liber
387 1663 487 1701 dono
507 1666 649 1702 missus
672 1672 709 1702 et
734 1673 924 1716 acceptus,
957 1666 1288 1717 quemadmodum
1311 1670 1480 1719 antIquis
1502 1671 1692 1719 tempori-

233 1722 245 1726 *
266 1729 353 1777 bus,
383 1729 434 1767 ad
453 1743 551 1782 quae
571 1744 687 1782 saepe
709 1733 884 1769 animum
902 1733 962 1769 illi
982 1734 1199 1770 referebant
1220 1747 1346 1782 suum,
1367 1735 1490 1772 claros
1511 1733 1692 1774 homines

265 1796 434 1846 legimus
451 1799 580 1835 xeniis
598 1799 698 1836 ultro
721 1801 890 1850 citroque
914 1798 1014 1836 datis
1035 1801 1246 1837 amicitiam
1266 1799 1527 1839 confirmasse.

187 1866 239 1904 29
378 1865 607 1915 Quanquam
623 1878 672 1902 ne
690 1866 744 1902 sic
763 1865 921 1916 quidem
938 1865 1073 1916 Lydus
1094 1868 1225 1904 statim
1244 1867 1373 1904 lucem
1394 1869 1559 1918 aspexit,
1586 1866 1693 1919 quod

268 1928 311 1964 in
328 1937 534 1967 consecuta
554 1932 665 1980 regni
684 1932 824 1967 Gallici
844 1933 1042 1968 eversione
1062 1933 1267 1985 subitoque
1286 1946 1399 1982 casu,
1438 1945 1515 1984 quo
1536 1935 1694 1984 Europa.

99 2004 135 2036 p.
154 2004 243 2028 muv
269 1995 395 2031 omnis
421 1998 672 2044 contremuit,
716 1998 847 2034 nullus
875 1996 987 2048 Lydo
1010 1999 1119 2036 locus
1142 2007 1352 2050 supererat.
1409 2013 1502 2037 nam
1521 2001 1694 2051 primmn

266 2060 350 2110 ipse
371 2059 513 2098 codicis
535 2075 754 2112 possessor,
794 2070 946 2101 coactus
975 2067 1122 2113 patriae
1145 2066 1240 2104 fines
1260 2066 1437 2104 fidelitati
1457 2079 1551 2104 suae
1570 2067 1694 2103 iuter—

269 2124 393 2164 dictos
407 2127 524 2178 longe
541 2136 768 2179 respectare,
800 2141 899 2180 aque
918 2131 1113 2179 legatione
1132 2133 1174 2169 in
1191 2134 1355 2170 exilium
1373 2133 1593 2170 voluntaria
1609 2133 1693 2169 vice

268 2190 487 2241 traductus,
527 2206 549 2230 a
566 2194 822 2233 Serenissima
840 2197 1014 2245 Augusta
1027 2223 1038 2243 ,
1081 2209 1180 2248 quae
1200 2205 1293 2236 tunc
1310 2200 1545 2236 latissimiun
1564 2199 1696 2248 impe-

270 2259 374 2295 rium
391 2260 608 2311 aquilonari
629 2263 744 2312 plaga
763 2262 930 2312 gloriose
952 2262 1203 2313 gubernabat,
1233 2272 1277 2302 ut
1299 2264 1349 2302 ad
1369 2277 1457 2302 eam
1476 2277 1518 2302 se
1541 2264 1694 2311 confer-

269 2330 329 2361 ret
349 2323 734 2364 honorificentissime
752 2328 937 2365 invitatus
961 2335 1031 2365 est.
1088 2342 1165 2381 quo
1183 2344 1271 2368 cum
1289 2331 1523 2377 secessisset,
1549 2334 1587 2366 et
1606 2329 1693 2379 ipsa

272 2392 409 2441 quanti
429 2405 519 2429 eum
535 2393 699 2440 faceret,
737 2400 926 2444 quantum
947 2393 1140 2443 crederet,
1172 2394 1403 2433 documenta
1423 2396 1598 2432 maxima
1621 2394 1694 2432 de-

272 2455 354 2505 dit3
392 2464 430 2495 et
454 2458 556 2496 filius
575 2460 671 2495 item
690 2459 771 2496 eius
789 2460 950 2496 meliore
970 2460 1124 2497 fortuna
1144 2459 1284 2511 dig-nus
1305 2462 1451 2499 Paulus
1470 2463 1692 2512 imperator,

271 2537 361 2560 cum
382 2532 482 2562 esset
499 2526 652 2562 liberali
675 2538 719 2562 ac
737 2538 880 2575 magno
901 2527 1031 2563 animo
1051 2525 1247 2577 praeditus
1275 2527 1464 2578 iustisque
1494 2534 1611 2579 atque
1628 2541 1693 2564 re-

270 2591 340 2628 ctis
360 2592 636 2640 voluntatibus,
666 2593 950 2642 amplissimum
966 2595 1094 2630 virum
1111 2592 1306 2630 beneficiis
1327 2594 1507 2644 plurimis
1529 2594 1691 2640 ornavit,

274 2657 461 2694 afflictum
484 2659 621 2707 erexit,
651 2660 794 2695 extorri
811 2665 971 2708 penates
992 2657 1297 2710 dignitatemque
1318 2659 1503 2697 reddidit:
1526 2657 1694 2696 manda-

273 2723 328 2758 vit
350 2722 508 2761 demum
529 2737 750 2774 supremam
770 2737 901 2761 curam
917 2737 1006 2760 cum
1027 2726 1203 2762 omnium
1225 2724 1546 2764 bibliothecarum
1564 2726 1693 2775 impe-

276 2788 432 2826 rialium
447 2796 533 2828 tum
551 2789 772 2828 academiae
792 2791 1015 2839 Caesareae,
1045 2803 1121 2843 qua
1139 2790 1238 2828 nihil
1259 2805 1422 2843 usquam
1440 2789 1693 2842 magnificen-
