1748 3210
382 204 458 248 DE
489 203 936 253 MAGISTRATIBUS
968 206 1014 252 P.
1041 206 1094 250 R.
1126 206 1231 250 Lm.
1255 173 1332 250 111.
1487 200 1586 253 22²7

83 366 86 367 ⁷
130 317 320 375 βασιλεὺς
343 317 552 373 Ῥωμαίων
572 321 899 377 προεχειρίζετο),
932 319 990 375 μὴ
1019 318 1117 363 εἶναι
1141 318 1279 380 ῥᾴδιον
1301 319 1434 370 ἄλλως
1456 337 1584 363 κατα-

131 390 407 442 πολεμηθῆναι
426 388 594 445 Πέρσας
613 387 672 443 μὴ
690 390 874 443 ἐξαπίνης
898 389 1034 439 αὐτοῖς
1051 390 1302 444 ἐπιχεομένης
1315 387 1480 446 ἐφόδου.
1515 391 1584 430 καὶ

129 455 366 514 συγγραφὴν
383 458 472 512 περὶ
492 455 635 498 τούτου
657 455 814 513 μονήρη
835 458 992 507 Κέλσος
1017 455 1251 511 ὃῬωμαΐος
1271 457 1455 507 τακτικὸς
1477 457 1582 499 ἀπο-

112 524 303 575 λέλοιπε,
349 529 493 582 σαφῶς
519 523 799 567 ἀναδιδάσκων
831 523 887 575 ὥς
922 525 994 567 οὐκ
1026 525 1159 576 ἄλλως
1189 526 1350 582 Πέρσαι
1371 523 1583 579 Ῥωμαίοις

91 591 473 648 ὅπαραστήσονται,
509 595 543 635 εἲ
559 593 618 647 μὴ
639 594 849 650 αἰφνιδίως
870 595 926 643 εἷς
950 593 1024 648 τὴν
1051 595 1206 636 ἐκείνων
1229 592 1372 650 χώραν
1392 592 1584 648 Ῥωμαῖοι

123 658 276 716 γνόφου
300 663 414 716 δίκην
433 660 722 716 ἓνσκήψουσιν,
757 663 888 704 αἰτίαν
914 661 986 703 οὐκ
1013 661 1092 711 ἔξω
1119 661 1238 718 λόγου
1262 661 1582 718 παρασχόμενος.

122 725 151 782 ἦ
183 729 227 770 δὲ
251 729 415 784 τοιαύτη
440 731 556 772 ἐστίν.
626 727 745 784 (34)
778 732 954 787 Περσῶν
983 727 1004 771 ὅ
1035 732 1164 784 δῆμος
1195 729 1298 780 ὅλως
1323 732 1390 772 καὶ
1417 729 1582 784 σύμπαν

123 794 261 847 ἅπλῶς
277 798 324 839 τὸ
345 797 464 848 ἔθνος
483 798 624 840 εἴωθεν
652 799 714 840 ἐπὶ
738 797 912 852 πόλεμον
932 796 1062 854 ὁρμᾶν
1070 829 1084 849 ,
1120 796 1176 848 ὥς
1199 800 1267 840 καὶ
1287 797 1478 852 Ῥωμαῖοι
1500 798 1584 856 πρὸ

121 869 194 919 τῆς
211 867 382 920 Μαρίου
410 871 489 909 τῶν
516 867 736 922 λεγομένων
756 866 951 921 λεγιώνων
978 864 1208 916 διατάξεως.
1278 868 1582 920 διχοτομοῦντες

67 939 112 974 10
124 927 195 975 οὗν
215 933 433 990 ἄνθρωπον
452 933 566 976 αὐτοὶ
593 934 660 976 διὰ
680 934 803 987 μέσον
824 938 905 976 τῶν
930 931 1001 976 δύο
1024 937 1097 975 τοῦ
1116 932 1306 986 σώματος
1324 939 1460 988 τομῶν
1488 937 1580 976 δια-

118 1000 331 1055 βιβάζουσι
351 1002 421 1044 τὸν
441 1001 624 1059 στρατόν.
668 1004 790 1056 δῆλον
808 1001 885 1059 γὰρ
905 999 961 1052 ὥς
980 1001 1055 1055 οὐχ
1078 999 1279 1058 ὡρισμένα
1298 1003 1391 1045 οὐδὲ
1410 1003 1582 1060 εὐτρεπῆ

117 1069 398 1126 στρατεύματα
418 1071 632 1127 τρέφουσιν
656 1070 695 1112 οἱ
721 1071 907 1126 Πέρσαι,
946 1067 1002 1119 ὥς
1034 1069 1217 1123 ἑτοίμους
1245 1068 1343 1112 εἶναι
1373 1070 1474 1126 πρὸς
1504 1072 1579 1120 τὰς

114 1137 262 1193 μάχας,
297 1137 429 1194 ὥσπερ
446 1137 650 1192 Ῥωμαῖοι.
684 1137 833 1194 χρόνου
856 1141 922 1181 δεῖ
936 1139 1068 1180 τοίνυν
1087 1139 1223 1188 αὐτοῖς
1245 1141 1302 1188 εἷς
1319 1138 1579 1195 παρασκευὴν

115 1211 292 1263 στρατοῦ
307 1209 373 1248 καὶ
391 1205 573 1261 δαπάνης
591 1205 832 1260 ἀποχρώσης
848 1210 907 1264 τῷ
926 1207 1106 1263 πολέμῳ·
1136 1205 1237 1249 ὥστε
1257 1204 1466 1263 ἁρμόδιον,
1496 1224 1578 1263 φη-

61 1276 179 1317 16σὶν
200 1273 221 1316 ὅ
242 1275 420 1326 Κέλσος,
455 1273 663 1329 ἀδοκήτως
691 1275 827 1324 αὐτοῖς
850 1277 1058 1325 ἐπελθεῖν,
1104 1276 1171 1316 καὶ
1197 1273 1376 1328 μάλιστα
1406 1274 1475 1316 διὰ
1504 1279 1578 1328 τῆς

114 1344 317 1397 Κολχίδος
337 1343 387 1384 τὰ
409 1344 600 1398 προοίμια
618 1347 692 1397 τῆς
717 1341 865 1398 ἐφόδου
888 1340 1200 1397 λαμβανούσης·
1234 1342 1424 1397 Λαζικὴν
1447 1341 1575 1396 αὐτὴν

114 1413 156 1461 ἕξ
172 1409 364 1466 ἡγεμόνος
382 1412 686 1466 ἕπιφημίζουσιν
710 1411 748 1452 οἳ
767 1411 868 1452 καθ’
892 1409 1013 1465 ἡμᾶς.
1081 1409 1108 1465 ἦ
1130 1410 1207 1467 γὰρ
1230 1412 1436 1467 δυσχωρία
1458 1411 1577 1466 Πέρ-

113 1496 205 1528 σαις
227 1479 492 1533 ἱππηλατοῧσι
517 1480 791 1531 δυσέμβατος·
828 1478 925 1522 ὅθεν
946 1477 1152 1535 ἀφόρητος
1174 1479 1311 1528 αὐτοῖς
1333 1477 1354 1520 ὃ
1378 1481 1571 1535 Κουρβο-

111 1548 194 1589 λῶν
211 1549 275 1589 ἐπὶ
294 1551 368 1589 τοῦ
382 1548 570 1603 Νέρωνος
591 1545 740 1602 ἐφάνη·
771 1547 843 1596 τὰς
858 1548 935 1602 γὰρ
955 1547 1157 1603 ἐκδρομὰς
1175 1547 1308 1589 αὐτῶν
1328 1547 1402 1596 τὰς
1423 1548 1463 1587 ἓν
1482 1554 1572 1596 ταῖς

55 1617 295 1672 2οἕρημίαις
327 1620 399 1669 τῆς
422 1617 625 1670 Περσίδος
659 1614 726 1655 διὰ
752 1620 823 1669 τῆς
845 1613 1050 1670 ’Υρκάνης
1073 1614 1312 1664 ἀποκλείσας
1340 1614 1412 1668 τὴν
1434 1615 1476 1656 ἔκ
1498 1619 1570 1668 τῆς

110 1689 241 1740 φυγῆς
268 1685 379 1738 νίκην
410 1683 592 1739 ἀφειλεν,
628 1680 683 1731 ὡς
716 1683 756 1724 ἒν
789 1687 1003 1740 στενωπῷ,
1047 1681 1143 1724 ὅσον
1169 1677 1263 1736 ἧκεν
1283 1684 1340 1732 εἷς
1359 1682 1569 1738 Περσικὰς

108 1753 431 1807 πολυπληθείας,
467 1751 746 1809 ζωγρηθέντας
777 1753 833 1802 εἷς
858 1749 988 1806 μόνην
1020 1750 1093 1806 τὴν
1123 1750 1226 1807 πρὸς
1254 1755 1314 1810 τῷ
1342 1751 1571 1807 ,ΖΙΙυγδονίῳ

196 1903 218 1938 5
242 1902 277 1937 εἰ
297 1902 399 1948 vulgo
422 1915 489 1939 om.
583 1904 605 1938 7
629 1902 742 1937 malim
765 1897 864 1942 ὅλος.
890 1903 935 1937 F.
1031 1903 1075 1936 16
1093 1898 1261 1946 κάλχιδος
1276 1900 1319 1936 C.
1412 1900 1458 1936 20
1473 1896 1566 1937 οἷπο-

195 1949 319 1990 nusae
345 1950 387 1984 C.
525 1950 571 1984 22
592 1949 755 1993 μυγδωνι
772 1945 1017 1992 ἀντιστοιχίαν
1035 1949 1080 1982 C.

107 2084 297 2127 emineret,
322 2084 512 2129 imperator
533 2083 765 2117 Romanorum
788 2082 1010 2126 creabatur),
1035 2092 1105 2115 non
1129 2093 1207 2117 esse
1230 2080 1334 2116 facile
1356 2081 1459 2116 aliter
1476 2080 1566 2115 Per-

106 2142 164 2165 sas
187 2129 362 2164 debellare
385 2129 453 2162 nisi
475 2128 590 2162 subito
614 2130 650 2161 in
670 2140 729 2161 eos
751 2128 882 2172 impetu
902 2129 1010 2161 facto.
1059 2129 1102 2161 de
1123 2139 1192 2172 quo
1210 2127 1335 2162 librum
1356 2127 1567 2171 singularem

109 2176 231 2210 Celsus
254 2176 429 2209 Romanus
451 2174 598 2208 tacticus
616 2173 775 2218 reliquit,
800 2173 836 2207 in
855 2185 923 2218 quo
942 2173 1127 2218 perspicue
1145 2174 1248 2207 docet
1264 2185 1333 2207 non
1352 2172 1454 2206 aliter
1475 2173 1565 2206 Per-

106 2232 164 2256 sas
187 2221 352 2255 Romanis
373 2220 633 2262 succubsturos,
665 2219 731 2252 nisi
764 2225 909 2263 repente
944 2220 980 2252 in
1010 2230 1128 2252 eorum
1157 2224 1286 2253 terram
1307 2219 1455 2252 Romani
1477 2218 1563 2252 cali-

107 2266 198 2311 ginis
234 2266 345 2300 instar
374 2266 530 2306 irruant3
570 2276 707 2298 causam
736 2265 950 2309 probabilem
981 2265 1135 2308 addens,
1175 2275 1264 2310 quae
1298 2269 1352 2298 est
1379 2263 1563 2298 eiusmodi.

106 2312 185 2356 (34)
208 2312 392 2346 Persarum
420 2310 564 2356 populus
587 2310 624 2344 in
649 2309 845 2344 universum
870 2323 910 2344 ac
927 2316 1003 2344 tota
1024 2310 1160 2343 omnino
1184 2310 1279 2344 natio
1303 2310 1340 2343 in
1362 2308 1488 2343 bellum
1508 2308 1563 2343 ire

105 2358 306 2402 consuevit,
329 2357 434 2391 sicuti
451 2356 598 2390 Romani
616 2367 754 2400 quoque
777 2358 920 2390 necdum
945 2367 965 2389 a
984 2356 1120 2400 Mario,
1143 2366 1228 2401 quas
1246 2355 1402 2399 legiones
1420 2360 1561 2398 vocant,

104 2403 315 2438 constitutis.
363 2403 422 2447 qui
453 2413 527 2436 cum
555 2402 726 2436 hominem
757 2403 918 2436 bifariam
943 2401 1115 2444 divisere,
1150 2412 1214 2445 per
1238 2401 1388 2434 medium
1418 2401 1562 2434 duarum

104 2449 260 2494 corporis
282 2449 432 2494 partium
454 2448 643 2482 exercitum
667 2448 808 2482 ducunt.
855 2453 954 2493 patet
974 2447 1063 2480 enim
1086 2458 1199 2490 neque
1223 2453 1335 2480 certas
1361 2456 1474 2489 neque
1499 2456 1561 2478 ex-

103 2494 241 2540 peditus
262 2494 380 2540 copias
405 2494 594 2528 sustentari
620 2506 640 2527 a
663 2493 795 2537 Persis,
819 2494 918 2538 queis
943 2493 987 2526 ad
1006 2503 1160 2537 pugnas,
1185 2491 1290 2525 sicuti
1308 2491 1474 2533 Romani,
1499 2501 1562 2534 pa-

103 2539 174 2575 rati
198 2540 280 2574 sint.
327 2547 484 2585 tempore
510 2540 628 2585 itaque
655 2539 699 2572 iis
728 2550 814 2584 opus
845 2545 900 2573 est.
925 2539 968 2572 ad
996 2538 1186 2571 exercitum
1216 2542 1252 2571 et
1274 2542 1446 2580 sumptum
1469 2535 1561 2569 bello

103 2585 334 2620 sufficientem
364 2587 558 2631 parandos3
591 2597 698 2630 quare
730 2596 938 2629 congruum,
975 2584 1025 2617 ait
1048 2583 1190 2626 Celsus,
1221 2583 1265 2616 de
1287 2581 1477 2627 improviso
1500 2592 1561 2615 eos

104 2631 271 2676 aggredi,
294 2643 335 2665 ac
356 2632 502 2665 maxime
526 2643 589 2676 per
613 2630 812 2665 Colchidem
837 2629 1022 2673 (Lazicam
1045 2641 1120 2662 eam
1142 2640 1162 2662 a
1185 2629 1273 2662 duce
1297 2639 1388 2662 nunc
1410 2629 1562 2670 vocant)

102 2677 239 2711 initium
261 2677 452 2711 invasionis
475 2679 606 2712 facere.
654 2676 856 2710 difficilibus
877 2675 1007 2720 quippe
1030 2674 1114 2708 locis
1134 2675 1284 2717 Persae,
1317 2678 1440 2718 utpote
1461 2673 1561 2717 equi-

102 2729 180 2767 tes,
215 2723 354 2766 aegrius
375 2723 552 2758 incedunt.
600 2724 691 2757 unde
711 2722 942 2756 intolerabilis
966 2721 1010 2754 iis
1033 2719 1185 2754 Corbulo
1211 2721 1275 2754 sub
1298 2720 1442 2753 Nerone
1464 2718 1562 2752 visus

103 2775 176 2803 est:
201 2780 278 2802 nam
303 2780 377 2803 cum
398 2769 619 2804 excursiones
644 2780 763 2803 eorum
787 2781 807 2802 e
834 2767 990 2801 Persidis
1018 2766 1167 2800 desertis
1189 2777 1254 2811 per
1271 2764 1485 2808 Hyrcaniam
1505 2763 1562 2797 in-

101 2814 328 2857 terclusisset,
352 2814 532 2848 victoriam
553 2827 574 2849 a
595 2816 680 2859 fuga
702 2814 855 2858 eriphit3
889 2819 927 2847 ut
947 2813 984 2846 in
1008 2811 1200 2856 angustiis,
1229 2816 1391 2856 quantum
1414 2810 1451 2843 in
1475 2809 1561 2854 ipsis

103 2865 198 2905 erat,
221 2866 323 2908 capta
341 2860 525 2896 Persarum
548 2861 730 2897 multitudo
752 2861 790 2896 in
814 2859 921 2896 solam
943 2857 1161 2895 Antiochiam
1182 2856 1374 2902 Mygdonio
1398 2855 1560 2893 adiacen-
