1748 3210
69 893 102 924 p.
129 881 191 916 125

215 235 307 281 108
522 260 539 276 -
722 235 940 279 IOANNIS
973 234 1104 278 LYDI

345 348 421 394 88.
488 349 574 404 περὶ
602 351 671 389 τοῦ
700 347 875 402 δουρείου
899 346 1022 386 *ἵππου
1051 343 1072 386 ὃ
1101 345 1307 402 Εὐφορίων
1336 349 1455 404 φησὶν
1479 353 1614 391 πλοῖον

209 414 390 471 γενέσθαι
421 420 502 464 τοῖς
521 414 702 467 Ἓλλησιν
727 415 847 454 ἵππον
871 411 1087 466 λεγόμενον.
1153 413 1273 468 ἕτεροι
1300 415 1344 455 δέ
1370 431 1469 469 φασι
1490 415 1613 469 πύλην

210 482 392 535 γενέσθαι
423 480 524 523 οὕτω
554 479 940 537 προσαγορευομένην
967 480 1006 520 ἐν
1031 483 1080 534 τῇ
1105 479 1254 537 Τροίᾳ,
1289 480 1341 521 δι’
1365 473 1413 534 ἧς
1431 482 1615 535 εἲσῆλθον

212 549 249 590 οἱ
264 543 458 600 Ἕλληνες.

343 614 419 657 89.
488 616 538 667 τῇ
573 611 647 666 πρὸ
680 615 775 664 μιᾶς
805 613 915 653 εἰδῶν
935 611 1182 667 Ὀκτωβρίων
1202 608 1222 651 ὅ
1246 608 1459 664 Εὐκτήμων
1479 611 1523 653 τὸ
1542 619 1646 665 με-5

211 682 394 722 σαίτατον
419 683 490 720 τοῦ
521 677 776 734 φθινοπώρου
806 676 901 719 εἶναι
924 680 1079 730 νομίζει.
1143 683 1191 732 τῇ
1219 675 1294 732 πρὸ
1327 678 1525 720 δεκαπέντε
1545 695 1617 720 κα-

212 749 366 788 λανδῶν
395 746 629 800 Νοεμβρίων
653 743 672 785 ὃ
701 743 978 801 ΖΙἸητρόδωρος
996 745 1067 794 τὰς
1085 741 1211 793 ὑάδας
1232 745 1272 784 ἐν
1293 741 1435 802 ἱσπέριικ
1454 744 1618 798 ἀνίσχειν

211 814 330 868 λέγει,
364 813 429 853 καὶ
448 811 589 864 ἄνεμον
605 812 747 863 βίαιον.

345 879 421 922 90.
482 879 703 931 Ἀσκληπιοὶ
719 883 821 932 τρεῖς
835 877 1006 930 λε’γόνται
1023 877 1226 931 γενέσθαι,
1254 881 1408 931 πρῶτος
1423 874 1620 917 Ἀπόλλω-

211 963 277 995 νος
296 950 368 987 τοῦ
381 943 604 1000 ζΗφαίστου
613 975 626 994 ,
660 943 703 992 ὃς
723 945 850 998 ἐξεῦρε
869 942 1017 996 μήλην·
1054 941 1231 998 δεύτερος
1245 942 1394 995 Ἶσχύος
1418 946 1489 984 τοῦ
1502 941 1619 983 Ἔλά-
1631 946 1672 979 10

212 1030 281 1055 του
304 1013 368 1053 καὶ
393 1012 640 1067 Κορωνίδος,
675 1009 717 1058 ὃς
737 1011 776 1050 ἐν
796 1017 877 1058 τοῖς
894 1008 1186 1064 Κυνοσούριδος
1214 1007 1335 1063 ὁρίοις
1357 1007 1503 1063 ἐτάφη·
1537 1011 1622 1064 τρί-

210 1096 277 1128 τος
300 1079 512 1133 Ἀρσίππου
545 1079 609 1117 καὶ
630 1074 834 1132 ἐ-ίρσινόης
855 1080 924 1129 τῆς
942 1078 1188 1117 Λευκίππου.
1257 1070 1370 1124 οὗτος
1393 1069 1477 1130 εὗρε
1498 1075 1622 1128 τομὴν

212 1147 277 1187 καὶ
301 1143 562 1199 ὄδοντάγραν,
596 1145 661 1183 καὶ
681 1141 807 1198 τάφος
826 1143 931 1198 αὐτῷ
954 1144 1216 1199 ε’νἈρκαδίιιι·
1254 1142 1290 1182 οἳ
1319 1142 1360 1182 δὲ
1388 1140 1622 1196 ἀστρονόμοι

211 1210 329 1253 αὐτόν
352 1227 471 1265 φασιν
492 1208 586 1250 εἶναι
607 1209 674 1249 τὸν
695 1209 880 1263 ὀφιοῦχον
899 1208 965 1249 τὸν
985 1210 1045 1248 ἐπὶ
1068 1214 1136 1248 τοῦ
1159 1208 1345 1262 σκορπίου
1368 1205 1531 1248 ἑστῶτα.

342 1276 419 1319 91.
485 1279 534 1329 τῇ
570 1275 644 1329 πρὸ
675 1278 769 1325 μιᾶς
803 1277 1006 1315 καλανδῶν
1036 1275 1271 1330 Νοεμβρίων
1298 1271 1319 1315 ὅ
1346 1271 1517 1330 Βάρρων
1551 1273 1620 1327 τὴν
1635 1278 1675 1312 15

212 1342 335 1399 λύραν
356 1341 439 1395 ἅμα
460 1339 556 1398 ἡλίῳ
577 1341 744 1392 ἀνίσχειν
767 1340 879 1394 λε’γει.

679 1467 723 1500 Ν
743 1466 774 1500 Ο
797 1466 829 1500 Ε
850 1466 898 1499 Μ
915 1467 944 1498 Β
966 1467 997 1499 ,Ρ
1016 1468 1039 1499 Ι
1062 1466 1095 1500 Ο
1112 1466 1158 1499 Σ.

344 1539 422 1583 92.
489 1538 650 1592 Κίγκιος
679 1539 719 1578 ἐν
742 1542 798 1594 τῷ
820 1539 906 1591 περὶ
930 1541 1006 1578 τῶν
1028 1535 1172 1591 ἑορτῶν
1192 1535 1291 1590 λέγει
1313 1535 1380 1577 τὸν
1399 1535 1625 1592 Νοέμβριον

209 1605 319 1662 παρὰ
347 1612 428 1654 τοῖς
455 1609 638 1654 παλαιοῖς
658 1605 910 1657 ΖΠερκηὸΐνον
933 1603 1206 1655 ὀνομασθῆναι
1214 1634 1226 1653 ,
1257 1600 1395 1644 ὡσανεὶ
1418 1600 1624 1658 μισθοφόω

211 1686 300 1728 ρον·
326 1674 367 1713 ἓν
380 1672 486 1727 αὐτῷ
498 1671 573 1726 γὰρ
587 1678 668 1719 τοῖς
680 1669 884 1725 κτήτορσιν
899 1670 935 1710 οἱ
947 1672 1142 1722 μισθωτοὶ
1156 1669 1227 1718 τὰς
1241 1668 1461 1725 προσόδους
1473 1670 1623 1725 εἶσέφε-
1633 1675 1678 1710 20

209 1755 281 1795 ρον
299 1743 369 1780 τοῦ
391 1736 659 1793 παρελθόντος
680 1735 836 1786 κύκλου,
870 1734 1010 1791 ἑτέρων
1029 1741 1189 1792 καρπῶν
1208 1731 1328 1786 αὖθις
1348 1737 1626 1792 ἐπερχομένων.

300 1865 324 1897 2
346 1861 386 1897 δέ
407 1864 474 1897 add
490 1863 532 1897 P.
690 1861 807 1906 πύλην
824 1862 969 1897 Hasius:
993 1862 1073 1896 libri
1090 1859 1205 1896 πόλιν.
1365 1864 1405 1898 11
1430 1858 1472 1902 ὃς
1492 1860 1531 1896 ἐν
1548 1863 1627 1901 τοῖς

298 1906 569 1952 Κυνοσούριδος
593 1909 659 1942 add
680 1907 840 1942 Hasius.·
958 1908 997 1942 15
1023 1905 1254 1951 ὀκτωμβρίιον
1275 1907 1318 1941 Ρ.

300 2019 356 2052 88.
402 2018 566 2061 Ligneum
599 2018 829 2061 (Troianum)
862 2028 983 2061 equum
1011 2016 1214 2061 Euphorion
1242 2017 1327 2050 dicit
1357 2027 1477 2050 navem
1505 2015 1625 2059 fuisse,

210 2074 300 2107 quae
338 2063 482 2096 Graecis
510 2059 637 2102 Ἵππος
675 2064 841 2107 (Equus)
878 2062 1061 2096 diceretur.
1108 2062 1167 2096 alii
1203 2067 1314 2095 autem
1350 2067 1481 2105 portam
1518 2061 1627 2094 fuisse

211 2108 342 2142 Troiae
364 2108 500 2149 dicunt,
524 2118 610 2150 quae
632 2109 682 2141 ita
704 2107 951 2152 appellaretur,
976 2118 1039 2150 per
1061 2118 1159 2150 quam
1182 2106 1385 2140 intraverint
1408 2105 1548 2139 Graeci.

301 2153 357 2186 89.
402 2152 519 2185 Pridie
537 2153 617 2186 Idus
636 2153 803 2186 Octobres
820 2153 1009 2184 Euctemon
1025 2152 1169 2185 medium
1185 2157 1395 2184 auctumnum
1417 2161 1493 2183 esse
1515 2154 1625 2194 putat.

211 2209 247 2232 a.
271 2197 306 2231 d.
333 2197 373 2230 15
395 2196 564 2230 Kalendas
588 2198 800 2231 Novembres
822 2197 1039 2230 Metrodorus
1057 2195 1199 2230 Suculas
1219 2207 1364 2242 vespere
1383 2194 1511 2230 exoriri
1531 2194 1626 2238 dicit,

213 2246 251 2276 et
271 2246 409 2275 ventum
432 2241 677 2275 vehementem.

299 2287 357 2320 90.
401 2285 594 2330 Aesculapii
616 2292 687 2320 tres
710 2285 817 2319 fuisse
840 2285 1016 2327 dicuntur,
1046 2285 1175 2329 primus
1197 2284 1362 2329 Apollinis
1380 2283 1544 2327 Vulcani,
1567 2282 1628 2328 qui

211 2331 346 2364 invenit
367 2330 559 2374 specillum3
586 2332 750 2364 secundus
773 2330 905 2372 Ischyis
928 2330 1022 2363 Elati
1044 2330 1107 2362 filii
1130 2334 1166 2363 et
1188 2329 1390 2372 Coronidis,
1412 2329 1471 2372 qui
1494 2329 1530 2362 in
1553 2328 1627 2370 Cy-

211 2375 382 2409 nosuridis
419 2375 543 2408 finibus
573 2376 726 2409 humatus
760 2380 834 2414 est3
871 2374 993 2407 tertius
1024 2374 1165 2418 Arsippi
1200 2379 1235 2407 et
1265 2374 1431 2407 Arsinoae
1459 2372 1627 2416 Leucippi

210 2420 316 2454 filiae.
363 2419 418 2453 hic
439 2420 571 2453 invenit
593 2419 852 2464 amputationem
875 2419 1054 2462 dentisque
1086 2418 1316 2461 evulsionem,
1349 2422 1384 2451 et
1414 2417 1627 2461 sepulchrum

212 2464 286 2498 eius
313 2469 367 2498 est
387 2464 424 2497 in
445 2465 606 2498 Arcadia:
630 2463 815 2498 astronomi
836 2468 947 2498 autem
972 2475 1046 2497 eum
1069 2463 1185 2498 dicunt
1206 2474 1282 2496 esse
1307 2461 1541 2506 Ophiuchum,
1567 2459 1626 2505 qui

211 2520 316 2553 supra
336 2509 515 2552 Scorpium
537 2514 618 2543 stat.

254 2597 264 2605 ·
299 2555 357 2588 91.
415 2553 533 2589 Pridie
566 2553 736 2589 Kalendas
772 2553 986 2588 Novembres
1023 2553 1134 2587 Varro
1169 2551 1297 2595 Lyram
1340 2561 1408 2585 una
1443 2560 1517 2583 cum
1553 2547 1627 2583 sole

212 2597 298 2632 otu-i
319 2598 382 2633 ait.

703 2659 738 2698 N
762 2664 793 2697 O
817 2664 849 2697 V
870 2664 902 2698 E
926 2663 964 2699 Μ
984 2663 1012 2697 Β
1034 2664 1065 2698 Ε
1091 2664 1137 2697 R.

299 2730 356 2764 92.
404 2731 542 2765 Cincius
565 2731 600 2765 in
624 2731 711 2766 libro
735 2732 779 2765 de
802 2729 922 2764 diebus
944 2729 1042 2764 festis
1063 2729 1112 2762 ait
1134 2729 1362 2763 Novembrem
1382 2727 1471 2773 apud
1489 2728 1624 2760 veteres

212 2774 465 2809 Mercedonium
484 2776 685 2810 nominatum
702 2776 822 2819 fuisse,
839 2775 934 2808 velut
948 2774 1114 2809 mercedis
1129 2775 1311 2807 serentem:
1329 2772 1386 2806 illo
1405 2771 1494 2806 enim
1510 2780 1626 2805 mense

211 2819 356 2855 dominis
381 2821 580 2857 mercenarii
612 2821 742 2857 tributa
770 2820 964 2865 pendebant
991 2819 1170 2864 praeteriti
1195 2818 1298 2863 spatii
1329 2816 1514 2862 temporis,
1549 2813 1626 2848 aliis
