1748 3210
602 195 678 238 DE
713 190 999 238 OSTENTIS.
1437 186 1536 233 297

191 303 420 363 ·Σελήνη
462 302 734 363 παρθένῳ.
819 301 857 345 εἰ
905 299 929 345 ὁ
966 297 1088 356 ἥλιος
1123 294 1312 352 ἐρυθρὸς
1349 295 1538 351 γένηται,

96 377 295 431 σῦμραχοι
331 370 660 428 ἀποστήσονται.
727 368 765 412 εἰ
800 366 828 425 ἡ
868 366 1023 424 σελήνη
1061 364 1238 422 ἀμαυροὶ
1274 362 1448 420 γένηται
1486 367 1540 421 τῇ

93 439 243 498 sonitu
266 443 447 496 φυλακῇ,
481 437 628 494 φθορὰ
653 439 824 493 κτηνῶν
851 435 979 480 ἔσται.
1019 434 1056 478 εἰ
1083 435 1136 491 τῇ
1165 432 1328 488 ἕωθινῇ
1361 434 1540 488 φυλακῇ

93 507 145 554 τό
173 506 281 552 αὐτὰ
310 506 489 563 γένηται,
518 508 629 555 μέγας
658 505 755 560 ἁνήρ
782 501 1018 547 ἀπολεῖται.
1076 501 1114 545 εἰ
1142 498 1166 544 ὁ
1196 503 1274 556 τῆς
1300 499 1541 555 Ἀφροδίτης

62 573 233 631 ὂᾶστήρ
261 575 444 630 πλησίον
472 577 526 630 τῇ
557 574 693 623 σελήνῃ
722 573 878 621 γένηται,
908 571 1102 620 πολέμους
1130 568 1341 624 ἐμφυλίους
1371 565 1542 610 ἀπειλεῖ.

95 643 134 688 εί
159 641 352 698 πρηστὴρ
380 641 490 692 πέσῃ,
526 644 567 680 αὶ
593 637 799 694 παράλιοι
826 634 971 688 πόλεις
999 634 1342 692 άφανισθήσονται.
1409 637 1443 672 εἰ
1468 633 1541 672 ἀπὸ

93 713 170 766 γῆς
195 704 299 766 ἦχος
325 707 510 765 γένηται,
542 706 734 764 πόλεμον
761 710 853 757 τοῖς
879 705 1108 760 παραλίοις
1138 703 1300 746 ἀπειλεῖ.
1340 705 1374 740 εἰ
1387 702 1544 755 σελήνης

96 774 358 834 ἀνισχούσης
395 777 442 820 αἱ
476 779 648 828 κεραῖαι
686 774 807 825 αὐτῆς
833 770 1038 828 ἀλλήλαις
1065 769 1354 828 πλησιάσωσι,
1395 782 1544 815 κατομ-

97 851 206 896 βρίαν
233 849 340 893 δηλοῖ
365 844 425 895 εἰς
452 841 669 886 ἀπώλειαν
696 843 888 896 καρπῶν,
918 840 955 884 εἰ
983 839 1133 897 ἐκλίπῃ
1158 837 1186 895 ἡ
1216 835 1387 894 σελήνη,
1416 835 1548 892 μέγας

44 924 89 960 10
102 909 202 962 ἄνὴρ
246 911 473 956 ἀπολεῖται.
551 911 588 953 εί
628 907 802 962 σεισμός
837 907 1033 963 γένηται,
1075 905 1328 959 ἀνθρώπων
1367 903 1548 960 φθοράν

97 979 269 1025 ἀπειλεῖ.
327 979 364 1022 εἰ
391 977 438 1021 έν
464 974 604 1033 ἡμέρᾳ
632 973 805 1028 ἀστέρες
834 976 1046 1029 φανῶσιν,
1077 970 1300 1027 ἀναίρεσις
1329 972 1447 1015 ἔσται
1477 970 1550 1014 α’ν-

97 1046 300 1103 θρῶπων.
354 1045 392 1089 εἰ
421 1042 578 1099 ἄνεμος
605 1043 749 1098 βίαιος
777 1038 959 1097 πνεύσῃ,
996 1038 1171 1095 εἰρήνην
1199 1037 1304 1094 παρ’
1335 1038 1442 1082 ὅλον
1469 1038 1549 1082 τὸν

96 1112 301 1158 ἐνιαυτόν
317 1114 452 1166 δηλοῖ.
482 1112 519 1152 εἰ
539 1107 710 1162 σεισμός
738 1106 912 1164 γένηται
941 1105 1025 1150 ἀπὸ
1055 1107 1297 1162 νουμηνίας
1325 1105 1404 1156 ἕως
1429 1104 1552 1162 ἑβδό-

96 1196 200 1237 μης,
237 1175 471 1233 εὐθηνίαν,
516 1173 607 1230 ἅμα
643 1173 689 1217 δὲ
719 1173 791 1216 καὶ
821 1176 967 1231 βίαιον
995 1172 1193 1217 θάνατον
1223 1173 1550 1229 προσδοκητέον

45 1247 174 1293 &aaz
203 1247 389 1301 Περσῶν
416 1242 592 1298 ἔφοδον.
651 1242 687 1284 εἰ
725 1238 810 1284 άπὸ
851 1238 1010 1297 ὀγδόης
1047 1240 1127 1291 ἕως
1167 1239 1347 1296 δεκάτης
1375 1238 1551 1295 σεισμὸς

97 1313 295 1372 γένηται,
325 1313 495 1356 ἔνδειαν
523 1311 646 1353 σίτου
676 1306 850 1352 ἀπειλεῖ.
908 1309 945 1351 εί
973 1307 1148 1362 σεισμὸς
1175 1307 1350 1363 γένηται
1377 1306 1552 1359 νυκτός,

99 1381 284 1440 φθορὰν
319 1383 408 1423 τῶν
443 1376 756 1434 πρωτευόντων
791 1379 872 1420 τοῦ
909 1375 1070 1427 ἔθνους
1099 1375 1173 1418 καὶ
1201 1373 1434 1418 άλλοίωσιν
1462 1378 1551 1418 τῶν

99 1447 365 1504 πραγμάτων
401 1444 574 1489 ἀπειλεῖ.
633 1446 669 1488 εί
705 1442 910 1494 πολλάκις
947 1442 1120 1499 γένηται
1159 1441 1314 1494 σάλος,
1360 1441 1551 1499 ταραχάς

100 1515 342 1566 παθολικάς
369 1513 566 1568 προλέγει
594 1512 667 1556 καὶ
693 1514 783 1555 τῶν
812 1513 1040 1554 δυναστῶν
1067 1508 1350 1565 μετάπτωσιν.

46 1594 93 1630 20
213 1587 282 1627 20.
339 1578 550 1637 Σελήνη
589 1582 744 1636 ζυγῷ.
801 1581 838 1622 εί
876 1578 900 1623 ὁ
931 1578 1123 1634 οὐρανὸς
1151 1577 1400 1634 ταραχώδης
1427 1577 1553 1634 γένη-

102 1666 176 1695 ται
201 1649 271 1694 ἐπὶ
297 1651 375 1706 τῆς
402 1647 572 1704 πρώτης
600 1649 797 1703 φυλακῆς
823 1650 899 1702 τῆς
926 1645 1106 1697 νυκτός,
1139 1645 1267 1701 λιμὸν
1297 1643 1476 1688 ἀπειλεῖ·
1516 1646 1554 1688 εἰ

102 1718 151 1762 δὲ
179 1716 247 1761 ἐπὶ
275 1715 498 1768 δευτέρας,
538 1714 708 1758 δυτικαὶ
735 1712 883 1764 πόλεις
911 1711 1407 1769 αἰχμαλωτισθήσονται·
1439 1713 1477 1755 εί
1506 1712 1554 1755 δὲ

102 1784 172 1829 ἐπὶ
199 1786 275 1840 τῆς
303 1781 502 1839 ἑωθινῆς,
531 1780 736 1836 λικμητὸν
765 1779 1022 1834 ἀνθρώποις
1050 1777 1227 1822 ἀπειλεῖ.
1272 1781 1308 1822 εί
1336 1774 1437 1835 ἦχος
1466 1776 1552 1822 ἆπό

0 1849 36 1912 3-‘3
102 1854 179 1909 τῆς
204 1854 283 1906 γῆς
308 1848 494 1907 γένηται,
524 1847 725 1906 φθόνους
745 1846 919 1891 ἀπειλεῖ.
948 1848 985 1890 εἰ
1002 1846 1195 1903 πρηστὴρ
1219 1846 1342 1904 πέσῃ,
1372 1846 1554 1891 παλαιαὶ

33 1922 41 1940 ι’
192 1939 240 1976 24
254 1940 338 1974 fort.
357 1937 511 1983 φόνους.
554 1939 604 1972 H.

192 2018 321 2053 Luna
348 2016 545 2062 virgine.
593 2015 645 2050 sol
668 2015 698 2050 si
716 2016 840 2059 rubet,
865 2014 950 2049 socii
976 2014 1154 2049 deficient.
1201 2015 1282 2050 luna
1305 2015 1336 2050 si
1359 2015 1471 2061 prima
1495 2015 1552 2049 vi—

16 2063 39 2109 ⁷⁴¹¹
104 2065 191 2111 gilio,
214 2066 362 2099 obscura
382 2063 441 2106 fit,
474 2067 609 2106 strages
629 2061 797 2106 pecudum
818 2060 897 2095 erit.
945 2061 1037 2095 idem
1061 2061 1092 2094 si
1115 2062 1155 2095 fit
1178 2061 1299 2106 vigilia
1321 2068 1465 2107 quarta,
1498 2062 1555 2095 vir

27 2114 36 2152 ζ’
104 2121 248 2156 magnus
266 2108 437 2144 interibit.
472 2107 621 2141 Veneris
645 2107 745 2140 stella
768 2106 799 2140 si
822 2106 966 2151 propius
985 2107 1121 2140 accedit
1138 2108 1182 2141 ad
1204 2107 1330 2151 lunam,
1355 2107 1445 2141 bella
1464 2107 1554 2141 civi-

104 2156 154 2191 lia
175 2157 336 2190 minatur.
383 2158 522 2199 prester
541 2152 571 2186 si
592 2153 704 2196 cadit,
736 2153 895 2186 civitates
919 2152 1109 2187 maritimae
1130 2153 1347 2188 delebuntur.
1395 2154 1556 2187 fremitus

105 2207 223 2236 terrae
247 2202 278 2235 si
299 2200 447 2243 auditur,
471 2198 648 2233 maritimis
668 2198 790 2233 bellum
813 2199 1007 2233 denuntiat.
1053 2199 1152 2233 lunae
1172 2200 1318 2234 orientis
1342 2211 1490 2243 cornua,
1523 2199 1556 2234 si

26 2247 36 2283 '-
107 2247 254 2282 alterum
281 2246 382 2280 alteri
407 2245 683 2290 appropinquat,
711 2244 780 2279 vim
800 2245 959 2279 imbrium
981 2244 1181 2290 significant
1204 2246 1247 2279 ad
1267 2246 1455 2291 perniciem
1479 2246 1555 2280 fru-

108 2303 203 2337 gum.
251 2291 283 2325 si
306 2291 386 2325 luna
406 2291 540 2334 deficit,
574 2290 630 2324 vir
652 2302 793 2335 magnus
815 2291 986 2326 interibit.
1031 2297 1129 2325 terra
1151 2291 1182 2326 si
1206 2298 1407 2336 quassatur,
1445 2291 1557 2325 inter-

107 2338 195 2372 itum
217 2337 365 2371 minatur
390 2337 574 2370 hominum.
630 2336 661 2370 si
689 2337 807 2371 stellae
835 2337 911 2370 luce
941 2343 1130 2382 apparent,
1167 2337 1360 2371 internecio
1386 2337 1559 2371 hominum

26 2382 43 2416 ἰ
109 2383 190 2419 erit.
237 2389 362 2417 ventus
384 2382 570 2416 vehemens
594 2382 624 2416 si
642 2383 716 2426 flat,
738 2395 857 2427 pacem
878 2383 1031 2417 declarat
1050 2395 1113 2428 per
1130 2389 1239 2417 totum
1262 2395 1405 2416 annum:
1429 2383 1460 2416 si
1482 2388 1557 2416 ter—

95 2434 282 2465 -raemotus
303 2430 344 2462 fit
367 2440 387 2462 a
410 2440 499 2462 nova
525 2427 605 2462 luna
630 2429 674 2462 ad
695 2429 885 2474 septimam,
912 2429 1011 2475 copia
1034 2440 1147 2462 rerum
1174 2429 1342 2473 simulque
1365 2440 1456 2462 mors
1479 2428 1558 2461 vio-

108 2475 203 2510 lenta
222 2475 457 2521 exspectanda
477 2479 513 2508 et
529 2474 735 2508 Parthorum
756 2474 916 2519 irruptio.
965 2474 995 2508 si
1013 2475 1056 2508 ab
1082 2481 1205 2508 octava
1225 2475 1305 2508 luna
1328 2475 1372 2508 ad
1393 2474 1559 2508 decimam

110 2526 294 2566 quassatur
311 2526 423 2564 terra,
457 2520 637 2565 penuriam
661 2521 823 2554 frumenti
844 2521 1011 2554 minatur:
1046 2520 1136 2554 idem
1162 2521 1192 2554 si
1215 2522 1256 2554 fit
1277 2526 1402 2563 noctu,
1430 2519 1558 2566 populo

111 2565 254 2600 exitium
285 2566 479 2611 principum
507 2578 692 2610 rerumque
722 2566 991 2601 immutationem
1027 2566 1218 2600 minitatur.
1282 2566 1433 2611 procella
1466 2577 1561 2599 mare

111 2612 235 2665 crebro
254 2611 387 2656 agitans
412 2613 532 2646 turbas
562 2613 675 2647 omnia
701 2612 886 2647 miscentes
910 2611 1082 2658 praedicit
1104 2612 1345 2657 hominumque
1367 2612 1560 2658 potentium

104 2666 254 2692 rumam.

199 2703 256 2736 20.
304 2702 427 2736 Luna
450 2702 580 2738 libra.
626 2703 757 2738 caelum
780 2704 811 2738 si
841 2703 954 2748 prima
979 2702 1102 2747 vigilia
1123 2703 1235 2738 noctis
1259 2703 1433 2738 turbidum
1457 2703 1558 2738 vide-

97 2753 179 2791 tur,
203 2749 326 2782 famem
350 2748 518 2783 minatur:
543 2749 575 2783 si
596 2751 760 2794 secunda,
783 2750 944 2784 civitates
955 2749 1157 2784 Occidentis
1177 2750 1213 2784 in
1237 2749 1439 2784 servitutem
1462 2749 1557 2783 redi-

110 2798 256 2837 gentur:
290 2793 321 2827 si
349 2798 492 2839 quarta,
525 2796 776 2840 dispersionem
804 2796 1000 2830 hominibus
1032 2796 1222 2830 minitatur.
1267 2795 1298 2829 si
1321 2795 1453 2829 sonitus
1476 2796 1516 2829 fit
1537 2807 1559 2829 e

111 2843 219 2885 terra,
242 2839 392 2873 invidias
413 2840 606 2877 denuntiat.
652 2848 791 2888 prester
814 2843 846 2876 si
866 2842 979 2886 cadit,
1003 2841 1166 2877 civitates
1188 2841 1352 2887 antiquae
1369 2842 1557 2876 vastabun-
