1748 3210
138 716 209 740 .xx

190 2315 218 2353 7

225 202 303 232 1³⁷1
655 190 798 234 HASII
829 190 904 234 DE
937 189 1206 234 OSTENTIS

225 331 334 357 usus.
390 331 468 371 qua
499 319 659 373 quidem
685 321 728 357 in
761 334 803 358 re
833 319 1019 370 singulari
1043 319 1102 356 fui
1122 319 1228 361 fato:
1255 317 1296 356 in
1315 318 1488 371 partibus
1506 319 1644 361 laceris

225 395 336 444 libri,
365 397 434 433 ubi
458 398 631 434 maxime
652 410 749 447 opus
765 397 921 445 fuisset,
949 397 1057 434 nullo
1078 397 1154 434 alio
1173 394 1302 433 codice
1321 397 1571 446 sublevabar3
1595 397 1647 436 ad.

226 472 480 511 recensendas
509 475 671 524 paginas
697 474 814 524 paulo
844 474 984 511 melius
1014 480 1255 511 conservatas
1283 472 1334 510 ad
1355 486 1517 511 manum
1539 480 1647 512 erant

228 551 428 600 complura
456 549 671 588 adventicia
706 549 940 587 adiumenta.
997 551 1140 602 quippe
1171 564 1260 588 cum
1286 551 1327 588 in
1351 551 1569 600 fragmento
1588 550 1647 586 De

227 627 449 674 mensibus,
477 633 561 663 tum
594 629 636 663 iu
673 627 776 664 foliis
809 627 998 678 prioribus
1029 628 1119 664 libri
1149 628 1207 664 De
1242 629 1423 676 ostentis,
1450 640 1574 679 usque
1599 625 1650 664 ad

234 717 265 741 c.
285 706 357 750 21,
388 705 554 754 pessime
579 703 722 742 habitis
746 705 824 742 illis
846 703 1024 756 quidem,
1055 717 1160 741 eram
1180 706 1336 743 omniuo
1358 705 1466 742 omni
1489 710 1649 742 externo

231 781 386 819 orbatus
417 782 588 829 auxili03
623 782 699 819 nisi
728 781 834 833 quod
859 782 974 818 alicui
1005 783 1094 818 usui
1122 783 1237 819 fuerit
1265 783 1307 820 C.
1333 781 1483 819 Plinius
1513 782 1650 829 maior,

232 861 340 898 cuius
360 859 570 897 Historiam
588 860 804 896 naturalem
820 858 954 910 Lydus
974 865 1060 896 tum
1080 859 1173 895 alibi
1187 866 1272 896 tum
1289 859 1462 895 maxime
1483 869 1516 894 c.
1529 859 1568 906 6,
1577 858 1652 906 7,8

232 938 450 988 exscripsit.
507 936 550 971 in
578 936 764 986 capitibus
798 935 846 973 de
881 937 1036 987 eclipsi,
1066 935 1114 974 de
1146 934 1523 982 constellationibus,
1549 947 1654 972 non-

231 1013 333 1052 nihil
354 1013 502 1064 profeci
522 1026 573 1049 ex
589 1015 620 1049 I.
641 1014 806 1051 Firmico
826 1015 1002 1052 Materno
1014 1043 1025 1063 ‚
1055 1015 1214 1066 eiusque
1234 1014 1342 1051 libris
1364 1014 1389 1052 8
1409 1013 1468 1049 De
1486 1009 1655 1049 mathesi

231 1090 351 1129 hodie
385 1090 639 1127 exstantibus.
694 1092 826 1142 ibique
854 1093 1082 1142 praecipue,
1120 1090 1196 1129 hoc
1230 1091 1352 1128 estin
1377 1091 1568 1141 prioribus
1600 1093 1655 1131 20
1709 1142 1712 1146 .

235 1169 427 1219 capitibus
451 1168 539 1203 libri
563 1168 620 1203 De
648 1170 829 1215 ostentis,
858 1169 1038 1205 intellexi
1061 1176 1295 1219 quantopere
1317 1180 1413 1218 opus
1436 1173 1536 1205 esset
1554 1168 1656 1204 notis

235 1244 286 1281 ad
308 1243 558 1281 stabiliendas
582 1242 845 1281 defendendas
869 1244 1120 1294 explicandas
1144 1244 1344 1281 lectiones.
1398 1244 1530 1282 nullus
1552 1245 1658 1285 enim

234 1323 344 1360 locus
377 1328 435 1358 est
461 1322 502 1357 in
536 1317 611 1355 hac
642 1320 768 1356 libelli
799 1328 930 1370 parte,
964 1334 1040 1372 quo
1063 1322 1105 1356 in
1125 1321 1212 1358 loco
1232 1320 1378 1370 ambigi
1397 1319 1446 1357 de
1468 1322 1657 1360 vocabulo

235 1400 381 1450 possit,
412 1398 506 1449 quin
530 1394 698 1434 eundem
715 1400 910 1434 tractarim
930 1399 1208 1448 compluriens,
1238 1410 1310 1433 nec
1329 1397 1412 1434 sine
1435 1397 1659 1436 conficiente

234 1489 352 1514 causa
387 1474 601 1512 statuerim.
674 1473 744 1511 sed
774 1482 812 1511 et
843 1475 1053 1524 explanare
1082 1472 1274 1511 eiusmodi
1304 1486 1436 1511 causas
1464 1474 1661 1512 infinitum

234 1553 374 1590 fuisset
403 1564 530 1602 neque
551 1549 667 1587 huius
690 1552 897 1601 temporis3
927 1558 965 1588 et
987 1552 1213 1602 pugnaciter
1236 1549 1444 1588 defendere
1464 1553 1662 1590 coniectu-

235 1641 298 1666 ras
318 1627 404 1664 aliis
425 1626 690 1677 displicentes,
720 1634 763 1664 ut
784 1629 946 1666 fortasse
969 1631 1117 1679 possim
1138 1630 1173 1666 si
1195 1628 1335 1675 velim,
1365 1635 1465 1665 certe
1488 1641 1568 1667 non
1590 1643 1662 1670 ve-

235 1705 308 1742 lim
339 1705 491 1741 etiamsi
517 1704 684 1753 possim,
715 1718 804 1741 cum
842 1708 1105 1744 contentiones
1137 1704 1329 1743 eiusmodi
1346 1712 1427 1742 tam
1449 1708 1661 1747 amoribus

236 1781 335 1817 meis
366 1793 482 1831 quam
513 1780 560 1816 ab
589 1779 664 1818 hoc
692 1783 865 1822 instituto
893 1786 970 1822 sint
992 1783 1264 1821 alienissimae.
1319 1781 1412 1839 inde
1431 1784 1479 1820 ab
1499 1784 1660 1825 exordio

238 1859 374 1908 capitis
397 1859 449 1898 21
474 1858 590 1908 longe
617 1857 809 1897 diversam
827 1862 1015 1899 rationem
1036 1869 1188 1900 secutus
1217 1873 1304 1898 sum
1326 1861 1367 1898 in
1393 1863 1660 1902 constituendo

237 1938 364 1971 textu.
420 1947 513 1971 nam
545 1948 634 1972 cum
663 1936 704 1972 iu
734 1938 870 1987 primis
893 1941 1082 1991 capitibus
1100 1953 1215 1990 saepe
1235 1940 1285 1976 sit
1302 1952 1324 1976 a
1343 1952 1407 1976 me
1427 1942 1662 1990 compositus

237 2013 364 2062 magis
390 2025 507 2064 quam
531 2015 804 2064 transcriptus,
836 2017 1058 2070 oppidoque
1080 2030 1203 2068 pauca
1224 2015 1365 2052 habeat
1386 2029 1542 2067 prorsus
1565 2016 1663 2055 defi-

103 2103 140 2137 p.
164 2102 220 2127 x11
242 2090 323 2126 nita
346 2097 411 2127 aut
433 2098 556 2138 certa,
586 2091 734 2142 reliqua
756 2100 845 2142 post
869 2107 902 2131 c.
922 2097 995 2144 20,
1026 2093 1131 2147 quod
1157 2100 1266 2131 erant
1283 2094 1325 2130 in
1350 2093 1434 2130 aliis
1458 2095 1575 2131 etiam
1594 2108 1663 2134 co-

241 2165 408 2216 dicibus,
451 2180 532 2205 non
559 2168 601 2204 in
627 2169 710 2207 solo
742 2170 967 2221 Caseolino,
1007 2179 1117 2210 extra
1157 2170 1437 2209 dubitationem
1463 2171 1544 2208 iam
1573 2177 1664 2209 sunt

239 2245 379 2294 posita.

355 2323 511 2359 Etenim
536 2323 724 2363 institutio
754 2325 971 2363 tonitrualis
996 2338 1028 2362 c.
1046 2326 1224 2366 21—26
1250 2327 1438 2377 reperitur
1456 2326 1552 2363 item
1574 2337 1664 2362 cum

241 2400 284 2436 in
300 2399 385 2438 cod.
407 2401 527 2450 Regio
547 2402 666 2451 2381,
695 2403 765 2440 fol.
785 2406 839 2446 70
860 2418 981 2450 verso,
1009 2411 1094 2441 tum
1111 2404 1153 2440 in
1171 2402 1257 2441 cod.
1276 2405 1421 2443 Veneto
1446 2401 1527 2444 324
1557 2402 1663 2455 (vid.

242 2478 416 2528 Catalog.
441 2477 619 2516 biblioth.
648 2481 816 2518 Graecae
838 2482 928 2518 Divi
947 2482 1088 2528 Marci,
1120 2479 1259 2530 digest.
1286 2481 1455 2531 praesid.
1479 2483 1663 2519 Laurent-

239 2554 277 2592 T
280 2553 448 2606 heupolo
477 2554 600 2604 1740,
631 2557 699 2594 fol.
728 2571 767 2608 p.
801 2556 878 2598 149
904 2558 980 2610 C),
1011 2560 1078 2611 qui
1103 2571 1172 2608 per
1206 2571 1326 2596 annos
1357 2558 1492 2596 decem
1523 2566 1562 2597 et
1592 2571 1664 2596 sex

242 2644 363 2680 penes
392 2645 483 2681 nos,
512 2633 552 2668 in
585 2633 820 2672 bibliotheca
844 2637 986 2686 Regia,
1015 2635 1229 2673 identidem
1255 2649 1276 2673 a
1300 2650 1363 2674 me
1390 2643 1573 2675 tractatus
1590 2643 1662 2685 est,

244 2706 368 2746 donec
394 2711 579 2762 temporis
605 2712 760 2750 flamma
791 2725 827 2751 a.
852 2714 954 2756 1815
981 2727 1071 2752 eum
1098 2715 1276 2765 abripuit.
1333 2714 1512 2767 PNigidii
1534 2715 1663 2766 Figuli
