1748 3210
382 185 456 229 DE
488 179 930 227 MAGISTRATIBUS
962 180 1007 223 Ρ.
1031 179 1085 224 R.
1117 177 1221 222 LIB.
1247 178 1323 223 111.
1470 180 1567 225 255

129 300 236 344 ὢτιν
261 297 325 342 ὅτε
355 299 420 341 καὶ
452 297 573 341 αὐτὸν
601 296 772 340 ὠκεανὸν
799 302 883 346 τοῖς
907 295 1043 345 ὅπλοις
1073 291 1326 349 ...άγοντας.
1393 296 1451 349 τῷ
1473 297 1568 347 γοῦν

131 369 216 420 ὀξεῖ
230 366 367 425 δρόμῳ
387 366 435 409 τὰ
453 371 525 421 τῆς
541 363 747 420 μηνύσεως
771 364 848 422 πρὸ
877 369 948 419 τῆς
969 364 1091 417 ἀκοῆς
1109 363 1265 418 ἐγίνετο.
1279 390 1287 401 f
1331 361 1398 402 καὶ
1418 359 1568 414 ταύτην

129 437 204 492 τὴν
231 435 335 478 οὕτω
366 433 599 490 σωτηριώδη
622 441 706 483 τοῖς
725 432 954 489 πράγμασιν
979 433 1152 474 ἐπίνοιαν
1175 430 1348 473 συνεῖδεν
1369 427 1390 470 ὃ
1414 426 1568 470 πλατύ-

126 508 279 562 γναθος
299 504 518 557 ἀπαλεῖψαι
540 502 599 545 δι’
631 503 776 552 οἰκείας
800 500 1028 555 μηνύσεως,
1060 499 1274 548 ἀναπείσας
1292 497 1360 540 τὸν
1384 495 1567 553 ὁμόγνιον

97 575 196 618 Sua}
217 570 426 626 ὃμόψυχον
446 576 517 625 τῆς
539 571 664 613 αὐτοῦ
681 571 894 626 βδελυρίας
912 569 1112 625 ὕπαρχον,
1154 567 1340 624 περιττὴν
1361 564 1458 608 εἶναι
1479 567 1570 607 δια-

126 642 247 698 γνοὺς
264 640 336 694 τὴν
354 645 434 682 τῶν
455 640 656 694 δημοσίων
671 639 805 681 ἵππων
825 636 1041 694 ὑπηρεσίαν
1048 667 1062 688 ‚
1102 635 1150 678 οὗ
1173 639 1351 692 συνορῶν
1372 633 1392 676 ὃ
1413 633 1570 688 Νιόβης

128 709 252 764 αὐτῆς
282 709 568 763 λιθωδέστερος
595 707 641 750 τὸ
671 711 743 749 τοῦ
773 705 1007 762 πράγματος
1033 703 1256 761 χρήσιμον·
1291 701 1312 744 ὃ
1331 704 1374 745 δὲ
1390 702 1570 758 ὕπαρχος

129 775 347 833 ἀγνοούσης
366 781 438 831 τῆς
458 777 664 829 βασιλείας
694 776 806 829 (πῶς
834 775 911 831 γὰρ
937 775 1111 816 ἐνεδίδου
1138 779 1221 823 τοῖς
1246 779 1391 822 κοινοῖς
1419 769 1569 824 ἀτυχή-

128 846 285 900 μασις)
307 847 372 887 καὶ
391 843 540 899 ταύτην
558 843 629 898 τὴν
657 842 754 897 ὄψιν
773 847 846 897 τῆς
869 844 1067 891 πολιτείας
1085 839 1292 897 ἠφάνισεν.
1360 840 1474 882 ἔνθεν
1491 842 1570 881 τῶν

76 923 121 958 10
131 916 246 956 εἶδῶν
275 912 463 970 ἀπράτων
497 911 769 966 ἐνσηπομένων
794 916 884 959 ταῖς
907 909 1111 963 κτήσεσιν,
1145 909 1313 964 ἕξαλρυυ
1338 908 1479 962 σχεδὸν
1500 910 1572 961 τῆς

121 982 307 1036 Ἀσιανῆς
327 997 616 1036 τυγχανουσης,
651 996 672 1020 ο
695 979 949 1032 συντελέστης
966 975 1158 1027 ἀπώλετο,
1188 978 1356 1032 χρυσίον
1375 976 1475 1032 πρὸς
1493 980 1573 1017 τῶν

129 1048 482 1114 δασμολογούντων
508 1048 593 1090 ἀντὶ
614 1052 692 1090 τῶν
714 1049 829 1088 ειὸῶν
853 1043 1183 1130 εἰσπραττόμενος
1193 1077 1207 1096 ,
1239 1046 1343 1099 μηδὲ
1362 1047 1573 1086 διαπωλιῖν

126 1118 179 1161 τὰ
197 1118 280 1171 εἰδη
307 1116 522 1170 δυνάμενος
540 1114 679 1172 πόρρω
696 1114 911 1168 θαλάσσης
937 1114 1231 1171 ἀπῳκισμένος,
1263 1113 1366 1167 μηδὲ
1391 1115 1572 1154 δαπαναν

127 1203 183 1236 ως
208 1183 332 1228 πάλαι
358 1190 414 1242 τῷ
444 1186 624 1241 δημοσίῳ
647 1199 928 1239 συγχωρουμει
930 1199 985 1231 ος.
1052 1180 1207 1231 τούτοις
1227 1181 1477 1235 ηκολούθησι-
1505 1182 1572 1222 καὶ

73 1253 154 1309 15ἦ
176 1258 256 1297 τῶν
275 1254 536 1307 ἓνιδρυμένων
566 1258 650 1302 τοῖς
678 1250 815 1300 τόποις
840 1249 1148 1307 στρατευμάτων
1167 1249 1383 1302 μετάθεσις
1407 1248 1507 1304 πρὸς
1526 1248 1571 1290 τὸ

123 1324 314 1379 χρειῶδες
331 1319 408 1364 ὑπὸ
431 1325 508 1363 τῶν
528 1324 668 1362 κοινῶν
685 1320 891 1375 γενομένη,
934 1317 988 1368 ὡς
1016 1317 1092 1359 κάκ
1111 1317 1255 1359 τούτου
1279 1322 1349 1359 τοῦ
1371 1315 1573 1373 συγκυρή-

127 1407 255 1444 ματος
271 1393 352 1431 ‘cdiv
368 1393 530 1445 καρπῶν
548 1387 865 1441 ἒναπομενόντων
879 1391 929 1442 τῇ
942 1385 1072 1445 χώρα,
1093 1387 1188 1439 [καὶ]
1210 1385 1303 1435 τοὺς
1323 1387 1396 1439 μὲν
1421 1384 1574 1443 φόρους

128 1461 184 1508 εἷς
207 1458 374 1515 χρυσίον
402 1461 729 1512 μεταβληθῆναι,
764 1456 857 1506 τοὺς
885 1457 928 1498 δὲ
960 1455 1139 1511 καρποὺς
1170 1455 1443 1509 ἅπογεοῦσθαι
1474 1453 1569 1495 κατ’

127 1525 227 1576 ἔτος.
273 1528 341 1568 καὶ
363 1526 446 1568 εἴθε
466 1524 589 1578 μόνος
610 1525 729 1574 αὐτὸς
749 1526 815 1565 καὶ
837 1522 964 1578 μόνην
984 1525 1131 1577 ἐκείνην
1153 1523 1224 1576 τὴν
1245 1524 1437 1578 ἐπαρχίαν
1461 1521 1572 1574 ἔτυχε

72 1592 381 1650 Ξθδιατρώγων,
425 1595 491 1635 καὶ
517 1593 574 1648 μὴ
602 1592 702 1635 καθ’
726 1591 895 1646 ἑκάστην
917 1590 1032 1634 πόλιν
1051 1608 1091 1635 τε
1111 1593 1176 1634 καὶ
1190 1589 1330 1647 χώραν
1352 1587 1434 1639 οἷος
1454 1590 1574 1639 αὐτὸς

128 1662 264 1713 ἄλλοι,
299 1663 364 1704 καὶ
377 1663 537 1718 χείρους
558 1661 682 1704 αὐτοῦ
690 1693 703 1712 ,
739 1660 809 1703 τὸν
829 1659 945 1718 ὁποία
963 1660 1006 1702 δ’
1031 1659 1080 1701 ἂν
1099 1660 1451 1714 κατορωρυγμένον
1475 1658 1574 1711 ὀβο-

127 1731 196 1773 λὸν
212 1731 462 1779 ἀνασπῶντες
480 1734 704 1785 παρῆλθον,
728 1729 899 1785 στρατὸν
918 1726 1152 1785 ἀλαστόρων
1170 1729 1237 1770 καὶ
1259 1728 1381 1784 στίφη
1393 1727 1573 1769 Καππα-

127 1801 256 1841 δοκῶν
269 1797 565 1855 ἐπισυρόμενοι.
562 1803 572 1826 ’

218 1895 238 1930 1
260 1894 336 1945 lego
356 1891 609 1950 περιάγοντας.
633 1894 678 1927 F.
793 1894 816 1928 7
837 1891 881 1927 τὸ
905 1893 1008 1938 vulgo
1031 1904 1099 1926 om.
1198 1891 1264 1945 ε10
1284 1887 1321 1933 ἐξ
1344 1887 1503 1932 ἀλεύρου
1526 1891 1572 1925 F.

215 1940 572 2025 ὲὲἒόᾓτὲἕκὲίμενα,
527 1942 572 1985 F,
594 1936 852 1982 α’πωκισμένον
871 1939 915 1973 C.
1054 1939 1100 1973 16
1121 1948 1166 1972 an
1184 1936 1308 1980 υπὲρὶ)
1414 1938 1461 1972 22
1476 1933 1573 1971 οἰνα-

126 2065 214 2100 rime
236 2065 381 2107 afferre,
406 2064 611 2108 quandoque
632 2064 744 2108 ipsum
769 2074 932 2098 oceanum
955 2062 1059 2096 armis
1081 2062 1281 2097 lustrantes.
1328 2060 1434 2096 celeri
1455 2060 1576 2114 itaque

129 2122 231 2146 eursu
250 2110 419 2144 nuntiatio
441 2115 521 2144 ante
542 2111 666 2144 famam
688 2111 809 2144 fiebat
855 2115 891 2143 et
914 2110 978 2142 hoc
1001 2115 1071 2142 tam
1093 2108 1243 2142 salutare
1265 2107 1318 2142 rei
1337 2107 1496 2152 publicae
1518 2106 1574 2140 in-

129 2157 284 2191 stitutum
308 2155 378 2191 lata
398 2155 456 2189 illa
478 2155 614 2189 maxilla
636 2155 752 2189 delere
776 2167 838 2189 sua
860 2154 1076 2189 nuntiatione
1099 2154 1289 2197 constituit,
1315 2160 1351 2187 et
1368 2152 1576 2196 consangui-

129 2213 228 2236 neum
260 2201 439 2254 ipsiusque
471 2202 676 2235 concordem
704 2201 879 2245 nequitiae
902 2201 1115 2254 praefectum
1137 2181 1327 2245 persuasit,
1363 2210 1575 2243 supervaca-

130 2257 230 2281 neum
249 2246 404 2280 iudicans
427 2246 638 2291 publicorum
657 2258 819 2291 equorum
837 2246 1074 2290 ministerium,
1098 2257 1210 2299 neque
1227 2245 1436 2289 intelligens,
1458 2245 1575 2278 Niobe

129 2292 208 2346 ipsa
229 2291 434 2336 lapidosior,
468 2292 520 2326 rei
548 2292 743 2327 utilitatem.
789 2294 986 2337 praefectus
1010 2303 1095 2326 vero
1116 2291 1227 2326 inscio
1253 2292 1462 2344 imperatore
1490 2289 1576 2335 (qui

130 2338 220 2372 enim
244 2337 391 2391 publicis
416 2337 665 2373 calamitatibus
692 2338 947 2381 indulsisset‘e)
973 2343 1009 2371 et
1031 2338 1097 2371 hoc
1121 2338 1174 2371 rei
1200 2337 1358 2382 publicae
1379 2336 1577 2370 institutum

131 2383 310 2419 exstinxit.
338 2383 419 2417 inde
438 2395 512 2417 cum
535 2385 670 2428 species
694 2396 762 2418 non
783 2385 946 2418 venditae
967 2383 1003 2417 in
1022 2383 1308 2436 possessionibus
1322 2386 1577 2428 putrescerent,

130 2429 260 2465 Asiana
280 2429 462 2508 provincia
483 2430 588 2464 fere
578 2441 614 2463 ιιι
636 2430 840 2464 frumentum
859 2441 1039 2473 conversa,
1064 2429 1206 2463 collator
1222 2428 1338 2473 periit,
1363 2439 1481 2462 aurum
1497 2439 1579 2471 spe—

132 2475 260 2510 ciorum
294 2486 356 2509 oco
381 2476 424 2509 ab
447 2476 665 2510 exactoribus
690 2475 899 2521 postulatus,
930 2487 1005 2509 cum
1026 2486 1139 2519 neque
1161 2475 1315 2509 vendere
1337 2474 1473 2518 species
1497 2484 1580 2517 pos-

133 2526 200 2564 set,
225 2520 345 2566 procul
367 2532 388 2555 a
409 2522 495 2555 mari
518 2521 695 2564 habitans,
719 2533 831 2566 neque
854 2522 938 2555 fisco
960 2532 1018 2555 eas
1041 2521 1263 2565 impendere,
1284 2525 1323 2553 ut
1345 2524 1468 2560 antea,
1491 2518 1578 2552 lice-

132 2570 201 2601 ret.
258 2566 312 2600 his
333 2578 511 2602 accessere
539 2567 717 2602 constituti
740 2567 777 2601 in
799 2567 998 2612 regionibus
1021 2566 1216 2610 exercitus,
1252 2570 1372 2599 contra
1395 2544 1579 2599 utilitatem

134 2623 156 2646 a
177 2612 403 2647 concordibus
423 2613 492 2647 illis
510 2613 688 2653 translatu
716 2614 846 2658 quippe
869 2619 905 2646 et
928 2613 992 2646 hac
1013 2593 1216 2646 mutatione⁷
1228 2613 1347 2656 fruges
1372 2610 1408 2644 in
1433 2611 1579 2655 regione

133 2659 329 2702 manebant,
351 2659 498 2703 dumque
517 2659 648 2694 tributa
669 2659 706 2693 in
730 2670 870 2703 aurum,
894 2658 992 2703 ipsae
1013 2658 1050 2693 in
1072 2665 1200 2693 terram
1224 2657 1406 2703 quotannis
1429 2668 1576 2691 conver-

132 2704 308 2738 tebantur.
364 2709 469 2757 atque
490 2705 619 2740 utinam
640 2705 766 2739 solus‘
756 2717 832 2749 lpse
855 2704 1029 2758 solamque
1050 2704 1142 2739 illam
1165 2704 1378 2758 provinciam
1398 2703 1579 2738 exhausis-

132 2754 208 2792 set,
235 2760 348 2803 neque
365 2749 402 2783 in
425 2760 628 2805 unaquaque
651 2751 794 2785 civitate
817 2750 1088 2796 provinciaque,
1121 2750 1263 2796 qualis
1253 2762 1349 2794 lpse,
1385 2749 1467 2794 alii,
1498 2749 1576 2794 ipso

134 2794 236 2828 etiam
257 2794 412 2839 peiores,
447 2796 642 2842 ubicunque
663 2799 797 2832 demum
827 2798 1001 2831 defossum
1029 2796 1164 2831 obolum
1184 2797 1402 2831 retrahentes
1423 2795 1575 2843 prodiis-

134 2846 224 2886 sent,
248 2841 403 2876 exercitu
424 2842 634 2878 nefariorum
654 2850 691 2878 et
713 2843 907 2888 agminibus
931 2844 1175 2889 Cappadocum
1191 2842 1332 2890 stipati!
