1748 3210
609 146 686 190 DE
717 145 994 190 MENSIBUS
1027 145 1103 189 ΠΙ.
1514 141 1580 190 41

127 261 220 312 τοὺς
246 256 399 318 φόρους
430 257 487 302 ἔτι
515 262 582 302 καὶ
610 264 689 310 νῦν,
707 259 883 304 Ἀσιανοὶ
914 264 1117 303 καλοῦσιν.
1197 256 1295 301 ὅθεν
1326 256 1392 300 ἐπ’
1425 257 1582 316 εἲρήνης

125 327 444 383 ἐναπομενόντων
474 329 538 370 ἐπὶ
567 333 753 372 πλεῖστον
780 331 848 372 καὶ
883 329 929 372 τὸ
965 328 1104 371 λοιπὸν
1132 327 1472 384 συγχωρουμένων
1499 335 1583 378 τοῖς

125 398 325 442 συντελέσι
342 401 422 439 τῶν
440 395 601 454 φόρων,
636 402 804 440 τοιαῦτα
823 404 912 448 ταῖς
936 396 1075 440 πόλεσι
1097 397 1322 453 περιγέγονε
1339 395 1582 453 θαυμαστά,

125 466 274 523 λουτρὰ
303 465 404 521 λέγω
431 466 498 508 καὶ
527 466 672 523 ἀγοραὶ
699 468 767 508 καὶ
799 464 960 510 ὗδάτων
989 465 1101 509 ὁλκοὶ
1134 465 1301 523 ἄπειρον
1328 464 1584 520 εὐδαιμονίαν

91 549 117 585 5
125 538 204 578 τῶν
220 532 441 591 οἰκητόρων
461 534 731 591 κηρύττοντες.

265 602 340 647 17.
409 601 496 657 [ὅτι
525 600 547 644 ὅ
571 601 730 660 δράκων
753 599 1128 656 πνευματικώτατον
1147 599 1308 644 πάντων
1326 600 1501 660 ἑρπετῶν
1518 603 1587 644 καὶ

125 672 328 728 πυρῶδες·
372 669 474 727 παρ’
517 670 539 713 ὃ
564 673 633 714 καὶ
660 669 783 726 τάχος
813 670 1114 726 ἀνυπέρβλητον
1146 670 1216 712 διὰ
1244 675 1318 714 τοῦ
1346 670 1584 726 πνεύματος,

119 741 248 797 χωρὶς
266 741 403 781 ποδῶν
417 739 483 781 καὶ
493 744 642 796 χειρῶν
660 738 686 794 ἢ
708 739 834 781 ἄλλον
858 739 965 791 τινὸς
988 743 1067 782 τῶν
1090 737 1216 789 ἐκτός,
1235 739 1294 780 δι’
1319 733 1374 780 ὧν
1391 740 1442 782 τὰ
1462 740 1584 782 λοιπὰ

127 809 210 864 ζῷα
224 807 298 857 τὰς
315 805 488 862 κινήσεις
504 815 673 851 ποιεῖται
690 809 757 850 καὶ
779 809 967 849 ποικίλων
986 805 1204 861 σχημάτων
1221 805 1372 857 τύπους
1388 807 1585 852 ἀποτελεῖ.

71 874 496 933 ωπολυχρονιώτατον
535 877 583 919 δέ
613 878 740 929 ἔστιν,
784 876 833 918 οὐ
863 874 987 930 μόνον
1018 879 1075 932 τῷ
1110 873 1348 934 ἓκδυόμενος
1377 876 1424 918 τὸ
1457 882 1586 934 γῆρας

124 942 286 995 νεάζειν,
310 943 415 986 ἀλλὰ
434 944 501 985 καὶ
521 944 688 999 αὔξησιν
710 945 969 999 ἐπιδέχεσθαι
991 946 1152 998 μείζονα
1177 944 1351 1000 πέφυκε·
1384 946 1452 987 καὶ
1478 947 1584 987 ἐπει-

125 1013 202 1055 δὰν
220 1012 265 1056 τὸ
283 1011 500 1069 ὡρισμένον
518 1014 665 1071 μέτρον
682 1012 889 1071 πληρώσῃ,
910 1015 967 1063 εἷς
986 1011 1130 1055 ἑαυτὸν
1150 1011 1420 1058 ἀναλίσκεται.
1490 1012 1585 1065 ‹3315-

123 1086 226 1125 τατα
242 1081 287 1123 δὲ
305 1079 464 1123 πάντων
481 1083 632 1135 βλέπει,
668 1082 768 1125 ὅθεν
788 1084 854 1124 καὶ
878 1081 1039 1139 δράκων
1061 1081 1322 1136 ὠνόμασται.]

265 1149 339 1194 18.
410 1148 498 1204 [ὅτι
516 1151 698 1206 οὐδαμοῦ
718 1155 790 1196 τοῦ
810 1155 883 1206 τῆς
895 1150 1019 1206 τύχης
1033 1149 1423 1208 ὃνόματος“Όμηρος
1432 1151 1588 1206 μέμνη-

14 1218 33 1235 “’
72 1234 205 1270 ιξται,
232 1214 426 1267 εΗσίοδος
444 1219 607 1276 μέντοι.]
1456 1215 1459 1221 ’

263 1285 339 1330 19.
409 1285 471 1328 ὅτι
500 1288 571 1331 τὸν
597 1292 768 1331 πλοῦτον
791 1284 1025 1344 Ἰσοκράτης
1054 1289 1210 1342 μᾶλλον
1236 1287 1380 1337 κακιάς
1405 1284 1431 1341 ἢ
1465 1290 1590 1329 καλο-

125 1353 328 1409 κάγαθίας
356 1351 459 1398 εἶπεν
485 1354 706 1413 ὑπηρέτην·
740 1355 920 1398 Πλάτων
949 1356 995 1398 δὲ
1029 1353 1111 1396 εἶπε
1133 1356 1289 1409 μηδένα
1309 1358 1494 1410 γίνεσθαι
1513 1373 1589 1410 με·
1612 1367 1650 1402 P·
1673 1354 1719 1390 45

124 1424 261 1478 ylotov
279 1421 454 1465 πλούτου
474 1423 636 1481 κύριον,
673 1427 708 1467 εἲ
723 1425 780 1479 μὴ
803 1425 875 1468 τὸν
898 1424 1248 1480 προεζημιωμένον
1265 1424 1337 1478 τὴν
1355 1423 1523 1480 ψυχήν.]

263 1491 342 1535 20·
411 1490 495 1544 [ὅτι
527 1493 574 1535 οὗ
604 1491 729 1547 μόνον
758 1491 1004 1548 ἢμαγνῆτις
1030 1493 1133 1533 ἕλκει
1160 1492 1230 1534 τὸν
1262 1494 1450 1549 σίδηρον,
1487 1494 1593 1536 ἀλλὰ

69 1559 194 1611 maai
217 1556 238 1601 ὅ
262 1560 304 1609 ἐξ
327 1558 454 1614 αὐτῆς
473 1562 761 1614 μεταλλευθεὶς
782 1563 949 1617 σίδηρος
968 1560 1038 1602 τὸν
1058 1558 1180 1601 ἄλλον
1198 1562 1392 1617 σι’δηρον.]

261 1627 339 1671 21.
410 1627 494 1680 [ὅτι
512 1631 740 1687 ποντίφικες
762 1629 799 1671 οἱ
821 1630 1017 1687 ἀρχιερεῖς
1036 1629 1148 1685 παρὰ
1165 1626 1379 1685 Ῥωμαίοις
1398 1629 1592 1685 ἐλέγοντο,

125 1692 315 1754 καθάπερ
347 1697 388 1739 ἓν
410 1696 605 1753 Ἀθήναις
634 1699 679 1742 τὸ
709 1697 835 1741 πάλαι
863 1705 1075 1757 γεφυραῖοι
1098 1695 1244 1750 πάντες
1267 1697 1305 1740 οἱ
1325 1700 1415 1757 περὶ
1435 1699 1486 1742 τὰ
1512 1698 1593 1742 πά-

217 1825 262 1861 16
284 1824 432 1860 Isocrat.
454 1827 499 1862 ad
520 1826 668 1862 Demon.
691 1828 727 1863 6.

122 1938 245 1975 Asiani
266 1944 407 1976 vocant.
453 1941 559 1985 unde,
583 1953 658 1975 cum
679 1946 717 1977 ut
738 1941 919 1986 plurimum
941 1940 979 1975 in
1002 1952 1089 1986 pace
1113 1946 1360 1988 permanerent
1380 1954 1422 1977 ac
1444 1942 1592 1988 posthac

123 1989 294 2031 perpetuo
313 1988 591 2022 condonarentur
609 1988 652 2021 iis
676 1988 735 2032 qui
754 1989 908 2032 pendere
927 1988 1104 2022 debebant
1124 1988 1323 2033 vectigalia,
1342 1988 1426 2022 talia
1445 1989 1591 2023 urbibus

126 2036 204 2065 orta
224 2036 305 2066 sunt
327 2033 556 2078 admirabilia,
579 2034 706 2067 balnea
733 2034 810 2067 dico
836 2046 877 2068 ac
899 2034 978 2068 sora
1002 2039 1038 2067 et
1062 2045 1227 2078 aquarum
1251 2036 1393 2080 ductus,
1419 2035 1591 2070 infinitam

124 2075 313 2111 incolarum
332 2077 535 2114 felicitatem
553 2079 806 2124 praedicantia.

218 2123 275 2158 17.
321 2124 454 2169 Anguis
478 2127 626 2159 omnium
648 2125 842 2160 animalium
855 2125 1051 2171 repentium
1068 2125 1348 2161 ventosissimum
1368 2130 1424 2161 est
1443 2131 1479 2162 et
1489 2127 1592 2172 igne*

126 2178 202 2209 um3
223 2173 328 2213 atque
346 2170 474 2205 iccirco
497 2171 601 2205 etiam
621 2171 800 2205 celeritate
820 2171 1056 2217 insuperabile
1084 2184 1148 2217 per
1175 2172 1356 2216 spiritum,
1383 2173 1460 2207 sine
1491 2173 1593 2218 pedi-

126 2213 192 2248 bus
218 2218 254 2248 et
272 2215 430 2249 manibus
454 2215 511 2250 vel
532 2217 600 2251 ullo
624 2217 691 2251 alio
714 2229 832 2252 eorum
856 2218 982 2263 quibus
1006 2218 1140 2262 reliqua
1162 2218 1345 2262 animalia,
1377 2226 1537 2253 movetur
1560 2224 1596 2252 et

127 2258 303 2294 variarum
321 2262 516 2306 specierum
539 2264 659 2298 modos
682 2263 805 2299 efficit.
853 2264 1047 2298 diutissime
1071 2271 1186 2298 autem
1209 2264 1312 2309 vivit,
1338 2277 1407 2299 non
1425 2265 1534 2299 solum
1555 2276 1597 2298 eo

128 2307 222 2349 quod
243 2312 346 2341 exuta
370 2314 550 2342 senectute
571 2309 779 2354 iuvenescit,
802 2311 865 2344 sed
890 2310 994 2343 etiam
1017 2310 1067 2343 ita
1091 2316 1216 2344 natura
1237 2317 1456 2356 comparatus
1482 2316 1537 2344 est
1559 2314 1599 2344 ut

127 2350 237 2385 maius
260 2351 509 2388 incrementum
531 2355 669 2400 capiat:
694 2360 730 2390 et
749 2367 824 2390 cum
842 2361 970 2390 statum
994 2357 1130 2390 modum
1154 2356 1331 2402 implevit,
1356 2357 1393 2392 in
1416 2369 1454 2390 se
1483 2356 1597 2400 ipsum

129 2397 352 2433 consumitur.
401 2400 550 2435 omnium
572 2406 759 2445 praeterea
781 2401 949 2436 acerrime
978 2402 1109 2444 cernit3
1140 2403 1231 2437 unde
1259 2403 1365 2437 etiam
1391 2399 1539 2446 δράκων
1560 2405 1599 2444 (a.

129 2443 238 2476 verbo
257 2441 374 2488 δέρκω
394 2445 419 2479 i.
441 2458 474 2480 e.
497 2449 619 2491 cerno)
640 2448 834 2482 nominatus
855 2452 921 2482 est.

221 2489 278 2523 18.
324 2491 504 2536 Nusquam
522 2492 703 2528 Fortunae
727 2506 850 2528 nomen
869 2494 1044 2528 Homerus
1062 2498 1242 2538 memorat,
1266 2505 1387 2528 verum
1405 2491 1597 2527 Hesiodus.

155 2577 164 2586 ·
193 2578 202 2586 .
222 2535 279 2569 19.
322 2535 474 2571 Divitias
495 2539 670 2574 Isocrates
688 2540 798 2585 magis
820 2539 1007 2585 pravitatis
1029 2551 1130 2585 quam
1153 2540 1297 2574 virtutis
1321 2539 1498 2574 ministras
1519 2550 1598 2572 esse

129 2578 232 2632 dngt.
266 2580 378 2633 „Plato
402 2588 516 2618 autem
539 2585 590 2618 ait
618 2586 789 2621 neminem
823 2586 903 2621 fieri
928 2585 1152 2622 maximarum
1186 2586 1387 2621 divitiarum
1411 2584 1598 2628 dominum,

130 2635 199 2658 msi
217 2636 278 2669 qul
297 2631 376 2661 ante
395 2628 552 2664 damnum
573 2632 709 2676 ceperit
726 2633 853 2668 animo.

219 2671 278 2705 20.
325 2672 407 2706 Non
440 2674 549 2710 solum
577 2688 719 2723 magnes
749 2678 897 2714 attrahit
925 2679 1079 2722 ferrum,
1113 2678 1177 2712 sed
1201 2677 1306 2712 etiam
1328 2676 1460 2710 ferrum
1483 2686 1527 2710 ex
1551 2685 1594 2710 ⁶⁰

130 2716 294 2750 effossum
312 2717 406 2752 aliud
422 2719 564 2756 ferrum.

218 2763 278 2796 21.
324 2763 514 2800 Pontifices
532 2769 624 2812 apud
634 2768 808 2804 Romanos
827 2770 1029 2804 sacerdotes
1072 2768 1226 2813 rincipes
1238 2767 1456 2810 dicebantur,
1472 2777 1593 2811 quem-

131 2806 312 2843 admodum
341 2809 487 2846 Athenis
516 2813 707 2859 antiquitus
739 2819 936 2861 γεφυραῖοι
963 2827 1053 2862 appe
1080 2816 1229 2850 abantur
1258 2824 1375 2847 omnes
1402 2812 1594 2859 patriorum
