1748 3210
365 183 440 226 DE
471 181 916 226 MAGISTRATIBUS
945 182 990 225 P.
1023 183 1076 226 R.
1110 181 1215 224 LIB.
1240 178 1314 225 III.
1465 181 1563 229 245

118 294 253 347 ιᾶτοις
279 297 346 339 καὶ
372 295 589 353 Ἰσὸιγέρὸῃ
617 294 783 352 ὕστερον
790 327 804 347 ,
852 295 952 339 ὥστε
980 302 1129 346 κοιναῖς
1149 293 1347 346 δαπάναις
1367 293 1492 352 ἄμφω
1513 296 1566 339 τὰ

117 363 385 418 πολιτεύματα
416 363 611 422 φρούριον
639 365 702 407 ἐπὶ
727 369 800 419 τῆς
830 365 1036 422 εἰρημένης
1066 362 1221 407 εἰσόδου
1253 361 1564 415 κατασκευάσαι,

118 434 328 487 ἐπιστῆσαί
349 450 390 475 τε
416 431 613 487 βοήθειαν
629 439 727 483 ψτοῖς
753 431 890 484 τόποις
915 433 1016 491 πρὸς
1036 432 1322 488 ἀναχαιτισμὸν
1341 437 1420 476 τῶν
1437 449 1563 475 κατα-

117 498 335 558 τρεχόντων
352 501 408 543 ‹51’
430 502 554 556 αὐτῆς
571 499 806 559 βαρβάρων.
828 499 1036 556 Ῥωμαίων
1053 503 1096 544 δὲ
1107 508 1191 552 τοῖς
1206 503 1296 558 περὶ
1312 501 1384 556 τὴν
1395 499 1565 558 ἑσπέραν

83 570 182 613 (ικαὶ
208 569 280 623 τὴν
308 568 455 627 ἄρκτον
479 570 666 624 πολέμοις
683 570 987 624 ἐνοχλουμένων,
1016 570 1054 612 οἱ
1074 571 1234 627 Πέρσαι
1255 569 1370 624 ἴσχον
1391 568 1565 625 ἀνάγκην

115 634 183 679 οἷα
199 638 499 694 προσεχέστεροι
517 643 605 688 ταῖς
619 641 698 680 τῶν
712 638 935 696 βαρβάρων
954 637 1116 696 ἐφόδοις
1129 639 1423 693 ἀντοικοδομεῖν
1436 635 1566 695 φρού·

114 721 200 762 ριον
222 706 312 758 ἓκεΐ,
338 707 585 764 Βιραπαρὰχ
601 706 699 748 αὐτὸ
717 708 895 764 πατρίως
912 707 1160 760 καλέσαντες,
1182 709 1250 750 καὶ
1267 705 1456 762 δυνάμεις
1477 705 1567 749 ἔπε’-

113 789 279 828 στησαν,
313 777 380 816 καὶ
400 775 588 828 πολέμιος
609 774 680 817 οὐκ
704 773 838 832 εἰσῄει.

249 842 329 886 53.
392 842 461 884 Ἐκ
482 842 631 897 ταύτης
654 847 725 898 τῆς
751 844 940 900 ἀφορμῆς
963 843 1001 885 οἳ
1023 843 1184 900 Πέρσαι
1199 841 1412 898 Ῥωμαίοις
1433 841 1565 886 ἐπετέ-

60 911 106 947 10
115 911 252 963 θησαν
270 910 374 952 κατὰ
396 911 564 967 σμικρὸν
585 912 645 952 ἐπὶ
667 911 738 960 τὰς
752 913 902 967 Συρίας
923 913 990 952 καὶ
1013 912 1307 960 Καππαδοκίας
1326 909 1564 964 ἐκχεόμενοι,

114 974 171 1027 ὥς
189 979 315 1031 δῆθεν
332 978 586 1032 ἀδικούμενοι
605 980 670 1020 καὶ
690 979 761 1032 τὴν
781 976 879 1034 ὑπὲρ
897 982 976 1020 τῶν
994 983 1135 1021 κοινῶν
1151 980 1361 1034 γενομένην
1383 977 1565 1033 δαπάνην

113 1045 217 1087 κατὰ
248 1045 294 1088 τὸ
326 1045 539 1099 ἐπιβάλλον
567 1045 778 1100 Ῥωμαίοις
807 1045 1142 1103 ἀποστερούμενοι
1150 1078 1164 1098 ,
1212 1046 1312 1090 ὥστε
1335 1045 1566 1104 Σποράκιον

111 1112 182 1155 τὸν
199 1118 357 1170 πρῶτον
378 1112 457 1156 ὑπὸ
481 1114 698 1157 Θεοδοσίου
732 1119 804 1158 τοῦ
828 1117 1005 1169 μείζονος
1034 1116 1317 1172 ἐκπεμφθῆναι
1343 1117 1565 1170 διαλεχθη-

111 1179 279 1235 σόμενον
299 1181 493 1238 Πέρσαις.
546 1180 583 1227 ,ὃ
605 1183 647 1224 δὲ
670 1181 834 1237 δυνάμει
855 1200 897 1225 τε
917 1182 1139 1239 χρημάτων
1166 1185 1233 1225 καὶ
1262 1183 1415 1226 συνέσει
1437 1181 1565 1238 λόγων

56 1249 100 1285 15
111 1248 226 1304 ἔγγὺς
243 1248 376 1292 ἔπειθε
398 1250 590 1307 Πέρσας,
619 1248 825 1305 Ῥωμαίων
844 1250 975 1308 ὥσπερ
993 1252 1266 1308 χαριζομένων
1286 1252 1442 1302 αὐτοῖς,
1472 1249 1562 1303 [ὑπὸ

104 1315 333 1370 Ῥωμαίων]
365 1315 576 1371 ἡσυχάζειν
605 1320 672 1360 καὶ
697 1320 839 1375 φίλους
859 1317 969 1361 εἶναι.
1038 1321 1104 1362 καὶ
1126 1324 1253 1362 ταῦτα
1272 1320 1345 1369 ἕως
1363 1323 1436 1361 τοῦ
1458 1317 1562 1360 καθ’

110 1383 220 1439 ἡμᾶς
231 1385 492 1428 Ἀναστασιόυ
521 1385 683 1442 διεσύρη
703 1386 930 1440 λαλούμενα,
947 1405 988 1430 τε
1006 1389 1072 1430 καὶ
1091 1386 1319 1442 τυπούμενα
1338 1389 1404 1430 καὶ
1429 1385 1564 1437 ἅπλῶς

108 1452 325 1510 ἠρτημένα.
393 1455 455 1496 ἐπὶ
483 1455 528 1496 δὲ
557 1455 683 1497 αὐτοῦ
694 1487 708 1507 ,
741 1454 919 1498 Κωάὸου
948 1461 1020 1498 τοῦ
1047 1457 1230 1513 γέροντος
1257 1456 1353 1510 ὅλην
1377 1457 1564 1511 Περσίδα

108 1522 213 1563 κατὰ
232 1519 441 1576 Ῥωμαίων
468 1522 654 1577 ἄγοντος,
698 1525 866 1579 γίγνεται
897 1523 1091 1578 πόλεμος·
1136 1526 1203 1566 καὶ
1231 1526 1337 1581 χειρὶ
1358 1524 1432 1577 μὲν
1452 1527 1564 1565 νικᾶν

54 1587 302 1643 90“Ρωμαῖοι
323 1588 535 1643 δυνάμενοι
542 1623 556 1642 ,
592 1591 744 1650 ἀσωτίᾳ
765 1593 807 1634 δὲ
829 1593 894 1634 καὶ
914 1597 1049 1649 τραφῇ
1065 1593 1318 1650 Ἀρεοβίνὸου
1337 1597 1408 1634 τοῦ
1428 1595 1563 1634 τελευ-

106 1658 220 1700 ταίου
239 1652 308 1712 (ἦν
327 1657 404 1715 γὰρ
427 1658 605 1716 φιλῳδὸς
630 1661 696 1701 καὶ
720 1661 915 1717 φίλαυλος
931 1662 996 1702 καὶ
1018 1659 1280 1718 φιλορχήμων
1307 1662 1374 1702 καὶ
1402 1660 1562 1718 ἀπειρίᾳ

108 1727 175 1767 καὶ
198 1727 323 1787 δειλία
341 1729 554 1784 Πατρικοῦ
574 1729 640 1769 καὶ
667 1726 865 1770 ζΥπατίου
892 1732 971 1771 τῶν
1003 1733 1237 1786 στρατηγῶν
1266 1726 1563 1783 ἠλαττώθησαν

195 1856 219 1890 2
240 1852 386 1899 εἰρήνης
406 1856 449 1890 c.
611 1857 634 1892 4
656 1858 757 1902 τοῖς]
780 1857 849 1901 τῆς
872 1858 915 1892 c.
1077 1859 1100 1893 7
1123 1859 1167 1903 3,
1198 1858 1264 1901 53,
1296 1857 1326 1891 c
1349 1856 1560 1901 βιριπαραχ.

197 1899 425 1990 {agg-⁶303
445 1902 560 1949 vulgm
708 1904 753 1938 21
777 1901 993 1948 Ψιλθρήμων
1015 1903 1059 1937 C.
1207 1905 1254 1938 22
1276 1902 1458 1948 legendum
1482 1903 1562 1936 Πα-

104 2059 322 2104 Isdigerdem
345 2058 528 2102 convenit,
555 2062 594 2092 ut
614 2057 847 2093 communibus
870 2058 1050 2104 utriusque
1067 2059 1204 2105 imperii
1224 2059 1416 2105 sumptibus
1437 2058 1564 2094 castel-

108 2105 175 2140 lum
205 2105 247 2138 ad
278 2105 407 2139 dictum
436 2103 615 2139 introitum
644 2104 887 2138 aedificaretur
908 2105 1187 2151 praesidiumque
1206 2105 1292 2140 locis
1315 2106 1565 2150 imponeretur,

107 2161 176 2195 quo
199 2150 340 2184 barbari
367 2161 432 2194 per
452 2161 529 2183 eum
546 2149 718 2184 irruentes
740 2155 953 2184 arcerentur.
1000 2151 1164 2185 Romanis
1186 2158 1300 2186 autem
1318 2151 1439 2195 bellis,
1473 2162 1563 2195 quae

108 2195 146 2230 in
166 2195 359 2230 Occidente
382 2199 419 2229 et
441 2195 688 2240 Septentrione
707 2200 826 2230 coorta
845 2202 964 2239 erant,
998 2197 1210 2241 perturbatis
1225 2225 1234 2242 ,
1266 2198 1416 2241 Persae,
1440 2201 1564 2242 utpote

109 2241 290 2286 propiores
313 2241 538 2275 barbarorum
557 2240 823 2286 incursionibus,
848 2242 961 2276 coacti
983 2249 1063 2276 sunt
1085 2243 1260 2278 castellum
1282 2243 1333 2277 ibi
1357 2249 1478 2276 contra
1501 2252 1562 2276 eos

106 2286 315 2332 aedificare,
343 2287 437 2331 quod
454 2285 666 2331 Biraparach
684 2287 796 2332 patrio
815 2299 974 2323 sermone
998 2288 1170 2333 dixerunt,
1193 2288 1473 2335 praesidiumque
1495 2287 1560 2321 im-

108 2343 280 2378 posuere3
315 2343 380 2366 nec
402 2331 512 2366 hostis
534 2332 710 2376 ingressus
733 2337 800 2368 est.

198 2378 257 2412 53.
302 2378 381 2412 Hac
403 2377 585 2412 occasione
607 2383 745 2413 utentes
762 2379 893 2414 Persae
915 2380 1089 2414 Romanos
1107 2379 1265 2424 aggressi
1282 2384 1374 2422 sunt,
1398 2377 1563 2424 paulatim

108 2422 147 2458 in
173 2423 297 2468 Syrias
327 2423 637 2469 Cappadociamque
665 2424 858 2470 irruentes,
894 2425 1025 2471 quippe
1055 2426 1174 2470 utique
1208 2425 1369 2458 iniuriam
1398 2424 1494 2469 passi
1526 2427 1565 2456 et

108 2476 245 2514 smnptu
275 2481 484 2504 communem
506 2469 544 2504 in
567 2481 641 2503 rem
662 2471 754 2505 facto
781 2483 846 2516 pro
873 2477 974 2517 parte
997 2472 1228 2504 Romanorum
1256 2470 1420 2516 spoliati3
1454 2480 1564 2513 quare

109 2514 296 2559 Sporacius
319 2515 450 2561 primus
476 2527 498 2550 a
523 2515 724 2550 Theodosio
746 2516 870 2551 maiori
900 2517 944 2551 ad
973 2516 1178 2560 colloquium
1200 2528 1274 2549 cum
1296 2515 1416 2549 Persis
1438 2514 1563 2548 missus

109 2565 178 2594 est.
222 2560 280 2594 hie
309 2566 423 2596 autem
451 2573 527 2596 cum
549 2562 717 2606 pecuniae
739 2562 776 2595 vi
797 2567 868 2596 tum
890 2562 1058 2596 orationis
1082 2561 1266 2606 prudentia
1287 2572 1397 2606 prope
1417 2571 1561 2604 persua-

108 2605 157 2640 sit
172 2605 292 2640 Persis
309 2611 367 2651 ut,
403 2607 503 2652 quasi
532 2607 803 2642 concedentibus
827 2608 915 2653 ipsis
934 2608 1117 2651 Romanis,
1153 2607 1374 2652 quiescerent
1395 2605 1566 2649 amicique

109 2655 250 2694 essent3
285 2657 390 2697 atque
418 2653 469 2687 ita
486 2665 544 2688 res
569 2654 614 2688 ad
635 2653 854 2688 Anastasium
877 2658 1031 2688 nostrum
1053 2665 1162 2698 usque
1185 2652 1366 2697 colloquiis
1388 2651 1561 2696 pactioni-

109 2698 243 2741 busque
263 2700 376 2732 tracta
397 2703 433 2733 et
451 2699 587 2734 omnino
610 2711 779 2745 suspensa
802 2703 868 2734 est.
892 2700 957 2733 sub
979 2711 1021 2734 eo
1043 2705 1168 2743 autem,
1192 2699 1311 2732 Coade
1329 2710 1412 2731 sene
1430 2708 1563 2730 omnem

109 2741 146 2776 in
164 2742 337 2778 Romanos
358 2744 536 2780 Persidem
558 2743 697 2790 agente,
722 2744 847 2780 bellum
865 2744 1005 2787 existit;
1030 2756 1174 2790 cumque
1197 2755 1297 2778 manu
1314 2744 1456 2778 vincere
1479 2754 1562 2787 pos-

108 2793 190 2822 sent
209 2788 356 2824 Romani
368 2815 379 2835 ,
400 2789 536 2825 luxuria
551 2791 765 2837 mollitieque
784 2791 976 2825 Areovindi
1000 2790 1168 2836 postremi
1191 2792 1292 2834 (erat
1311 2789 1401 2824 enim
1429 2794 1561 2832 cantus,

110 2833 218 2869 tibiae
237 2838 274 2869 et
290 2834 482 2870 saltationis
506 2839 659 2882 annator)
672 2864 682 2883 ,
722 2843 758 2872 et
785 2837 925 2872 inscitia
951 2837 1161 2882 ignaviaque
1185 2838 1323 2880 ducum,
1358 2833 1504 2870 Patricii
1527 2840 1563 2868 et
