1748 3210
696 165 773 208 DE
807 167 1095 212 OSTENTIS.
1340 189 1342 191 ·
1530 173 1592 219 32
1601 175 1624 220 l

299 273 365 332 ιγ’.
399 278 434 319 ει
450 274 680 335 βροντήσῃ,
715 281 932 336 εὐθηνίαν,
966 281 1111 333 νόσους
1136 283 1180 325 δὲ
1205 282 1367 326 ἀπειλεῖ.

300 343 367 387 ιδ’.
402 348 437 388 εἷ
450 346 657 404 βροντήση
665 380 679 400 ,
709 350 941 408 ε’(.ιςρύλιοντ
922 350 1009 406 α’μα
1023 349 1195 406 πόλεμον
1208 354 1274 395 καὶ
1289 353 1480 408 εὐθηνίαν
1494 355 1568 410 δηλ
1571 373 1623 399 01.

300 412 358 455 ιε’.
402 417 436 456 εἷ
451 415 679 475 βροντήσῃ,
714 422 854 462 πολλοὶ
885 422 948 463 ἐπὶ
978 419 1151 476 πόλεμον
1175 420 1459 479 πορεύσονται,
1496 423 1620 480 ὀλίγοι

164 481 208 525 δὲ
227 480 561 546 ἅναστρέψουσιν.

68 601 71 604 .
128 559 151 595 5
296 549 358 600 ις’.
396 555 430 594 εἰ
448 539 674 611 βροντήσῃ,
710 561 956 614 καινοπρεπῆ
980 554 1200 614 πράγματα
1222 559 1285 601 ἐπὶ
1306 562 1378 614 τῆς
1405 561 1618 611 πολιτείας.

295 618 356 672 ιζ’.
399 623 433 663 εἷ
447 621 675 680 βροντήσῃ,
711 624 879 680 ἀκρίδας
898 624 1106 683 φύσεσθαι
1125 627 1272 678 λεπτὰς
1291 628 1462 680 ἀπειλεῖ,
1491 628 1617 684 εὐθη-

158 686 246 730 νίαν
264 688 308 730 δὲ
327 687 448 743 ὅμως.

293 769 295 771 ,
332 755 344 771 Ι

291 774 331 812 ιη
346 789 358 800 .
401 760 436 800 εἶ
450 756 676 818 βροντῆσῃ,
710 759 883 815 πόλεμος
903 761 1014 806 ἔσται
1034 761 1179 822 βαρύς.

291 823 364 868 ιθ’.
399 829 434 869 εἰ
449 827 675 886 βροντήσῃ,
710 831 888 873 ἐπίτασιν
909 835 983 873 τοῦ
1003 833 1178 885 πολέμου
1201 830 1366 874 ἀπειλεῖ.

101 902 145 938 10
291 891 342 936 κ’.
405 897 439 938 εἰ
454 895 658 954 βροντήσῃ
666 929 680 949 ,
715 896 865 940 ἔνδειαν
884 903 966 942 τῶν
983 900 1209 955 ἀναγκαίων
1228 899 1344 954 λέγει.

97 1245 140 1280 15

88 1587 135 1622 2⁰

288 961 366 1006 κα’.
397 966 432 1007 εἲ
460 964 664 1022 βροντήσῃ
673 998 688 1018 ,
735 965 881 1021 ἄνεμον
918 967 1076 1025 θερμὸν
1114 969 1183 1011 καὶ
1221 966 1433 1010 νοσοποιὸν
1475 966 1615 1025 ῥεῦσαι

151 1027 316 1087 ἀπειλεῖ.

284 1096 363 1153 κβ’.
389 1099 424 1141 εἰ
442 1097 646 1158 βροντήσῃ
654 1133 668 1153 ,
705 1104 911 1154 καυσῶὸες
927 1101 1040 1145 ἔσται
1056 1103 1101 1146 τὸ
1123 1103 1246 1161 θέρος
1258 1105 1325 1145 καὶ
1339 1101 1611 1160 πολύκαρπον.

284 1164 359 1223 κγ’.
388 1169 423 1209 εἷ
437 1168 664 1227 βροντήσῃ,
700 1169 935 1227 ἀνθρώποις
952 1170 1073 1215 νόσον
1093 1175 1232 1228 δηλοῖ,
1269 1172 1362 1214 ἀλλ’
1386 1172 1611 1214 ἀκίνδυνον.

285 1233 361 1277 κδ’.
392 1238 426 1278 εἷ
440 1237 645 1294 βροντήσῃ
653 1270 667 1289 ,
697 1239 918 1295 ἐμφυλίους
933 1240 1132 1294 πολέμους
1147 1245 1199 1297 τῇ
1217 1239 1329 1282 πόλει
1348 1242 1415 1282 καὶ
1437 1239 1610 1296 ὄλεθρον

147 1307 231 1353 τοῖς
255 1301 410 1354 ὗλαίοις
430 1306 592 1361 θηρίοις
614 1305 778 1349 ἀπειλεῖ.

283 1370 352 1414 κε’.
386 1374 422 1415 εἷ
448 1372 652 1433 βροντήσῃ
661 1406 675 1427 ,
711 1375 966 1432 ἐκστρατείας
993 1375 1143 1431 κίνησις
1178 1376 1243 1418 ε’πὶ
1276 1372 1473 1430 πόλεμον,
1509 1374 1605 1418 ἀλλ’

146 1437 365 1495 εὖτυχήσει.

281 1507 355 1558 κς’.
382 1510 416 1551 εἲ
437 1506 642 1567 βροντήσῃ
653 1542 667 1562 ,
700 1508 844 1562 νόσους
861 1518 945 1561 τοῖς
963 1510 1214 1569 θεράπουσιν
1236 1511 1401 1555 ἀπειλεῖ.

277 1575 351 1629 κζ’.
379 1579 414 1620 εἴ
432 1577 637 1635 βροντήσῃ
646 1611 660 1631 ,
694 1577 714 1621 ὃ
733 1581 925 1634 βασιλεὺς
942 1581 1116 1632 πολλοὺς
1137 1578 1350 1638 ὠφελήσει.

277 1644 355 1700 κη’.
383 1648 419 1688 εἴ
434 1647 661 1704 βροντήσῃ,
696 1649 871 1704 ἀκρίδων
892 1650 1053 1704 γένεσις.

278 1712 361 1756 κθ’.
383 1717 418 1757 εἰ
433 1714 638 1773 βροντήσῃ
647 1748 661 1768 ,
695 1715 910 1772 ἰσχνότητα
928 1724 1013 1768 τοΐς
1033 1715 1216 1771 σώμασιν
1238 1714 1410 1772 ὑγιεινὴν
1431 1715 1559 1770 δηλοῖ.

277 1779 328 1823 λ’.
383 1785 418 1825 εἲ
433 1782 656 1843 βροντήσῃ,
691 1784 910 1844 ἄνταρσιάν
939 1786 1044 1830 κατὰ
1070 1791 1143 1841 τῆς
1170 1786 1377 1840 βασιλείας
1396 1786 1519 1840 ὃηλοΐ
1533 1784 1600 1827 καὶ

140 1845 302 1900 εἰκότως
324 1848 514 1906 πόλεμον.

231 1979 252 2014 1
282 1978 441 2024 ευθηνίοι
462 1981 572 2026 Rutg.
756 1984 792 2017 6.
824 1980 990 2026 φύεσθαι
1015 1983 1059 2017 C.
1243 1982 1286 2016 18
1310 1977 1465 2024 εὐτυχής
1484 1980 1593 2024 Rutg.

231 2025 278 2059 22
299 2025 498 2070 ἰσχνότητα
522 2027 565 2060 C.
703 2024 877 2071 ὑγιεινοῖς
900 2028 1008 2073 Rutg.

135 2139 255 2181 tonat,
281 2138 547 2182 abundantiam,
572 2138 634 2172 sed
651 2138 790 2172 morbos
809 2149 947 2183 quoque
965 2138 1126 2173 minatur.
1220 2137 1276 2171 14.
1298 2136 1330 2170 si
1351 2140 1468 2179 tonat,
1494 2137 1595 2171 simul

135 2182 264 2216 bellum
281 2183 482 2219 intestinum
501 2190 538 2218 et
554 2184 797 2218 abundantiam
818 2184 982 2219 declaxffat
1078 2183 1135 2219 15.
1155 2182 1186 2217 si
1204 2182 1375 2226 tonuerit,
1394 2163 1491 2216 mul’ti
1509 2195 1595 2228 pro-

134 2227 336 2264 ficiscentur
359 2231 403 2265 ad
425 2230 571 2274 bellum,
605 2230 708 2274 pauci
730 2230 906 2265 redibunt.
1000 2231 1054 2264 16.
1089 2228 1120 2264 si
1140 2229 1315 2273 tonuerit,
1339 2240 1396 2262 res
1420 2240 1533 2263 novae
1555 2229 1593 2263 in

135 2286 176 2308 re
199 2274 350 2319 publica.
445 2278 499 2311 17.
536 2276 566 2310 si
597 2281 712 2319 tonat,
745 2275 896 2310 locustas
927 2275 1076 2310 minutas
1107 2275 1301 2310 nascituras
1323 2275 1492 2318 minatur,
1530 2275 1593 2308 sed

133 2325 251 2354 tamen
274 2321 344 2355 erit
365 2322 587 2356 abundantia.
682 2323 737 2356 18.
763 2321 794 2355 si
814 2322 986 2367 tonuerit,
1022 2321 1146 2356 bellum
1170 2321 1239 2355 erit
1258 2332 1381 2365 grave.
1477 2320 1532 2355 19.
1559 2320 1592 2354 si

134 2370 234 2400 tonat
247 2392 257 2410 ,
290 2367 518 2402 intentionem
538 2367 623 2402 belli
644 2367 804 2402 minatur.
894 2369 952 2404 20.
977 2349 1017 2401 si
1042 2373 1161 2411 tonat,
1192 2366 1373 2412 penmiam
1393 2377 1507 2400 rerum
1527 2378 1591 2400 ne-

134 2413 361 2446 cessariarum
378 2413 563 2458 praedicit.
655 2415 713 2448 21.
738 2413 769 2446 si
786 2418 902 2458 tonat,
923 2418 1064 2447 ventum
1083 2413 1229 2448 calidum
1247 2425 1288 2446 ac
1306 2411 1497 2445 morbidum
1515 2411 1592 2456 spi-

135 2461 290 2492 ratarum
309 2459 472 2495 minatur.
565 2461 622 2495 22.
648 2460 679 2493 si
699 2459 872 2503 tonuerit,
893 2440 1031 2493 ’torrida
1055 2459 1122 2493 erit
1143 2463 1256 2492 aestas
1280 2463 1315 2491 et
1333 2457 1504 2501 frugifera
1525 2457 1589 2491 ad-

134 2503 283 2538 modum.
352 2506 412 2540 23.
438 2506 470 2540 si
486 2509 606 2550 tonat,
630 2505 825 2540 hominibus
850 2506 1024 2548 morbum,
1050 2505 1112 2539 sed
1134 2503 1287 2557 periculo
1310 2514 1475 2545 vacuum,
1500 2513 1589 2536 nun-

134 2547 216 2582 fiat.
304 2550 361 2585 24.
395 2551 426 2586 si
448 2557 565 2596 tonat,
596 2551 650 2589 rei
663 2551 836 2605 publicae
855 2550 947 2585 bella
971 2549 1106 2595 civilia,
1139 2549 1261 2584 bestiis
1292 2548 1542 2583 silvest-ribus‘
1531 2560 1589 2582 ln-

134 2593 274 2629 teritum
298 2596 458 2633 minatur.
549 2579 608 2634 25.
642 2598 674 2631 si
700 2597 872 2640 tonuerit,
908 2596 1051 2630 militiae
1081 2578 1254 2641 profectio
1278 2596 1323 2630 ad
1344 2594 1489 2638 bellum,
1524 2595 1589 2629 sed

134 2640 224 2673 bene
246 2651 319 2675 rem
340 2647 452 2686 geret.
543 2646 602 2680 26.
627 2644 658 2678 si
678 2647 796 2687 tonat,
819 2644 957 2676 morbos
975 2641 1211 2681 servientibus
1230 2641 1391 2676 minatur.
1473 2640 1531 2675 27.
1555 2639 1588 2674 si

133 2686 310 2730 tonuerit,
333 2687 494 2741 princeps
518 2690 672 2724 civitatis
694 2689 807 2724 multis
830 2689 1001 2734 proderit.
1093 2689 1150 2723 28.
1184 2687 1214 2721 si
1230 2682 1410 2728 tonuerit,
1435 2685 1587 2719 locusta-

131 2741 206 2765 rum
231 2733 422 2775 generatio.
514 2737 572 2771 29.
605 2736 636 2770 si
657 2740 773 2779 tonat,
806 2735 1011 2780 corporibus
1034 2733 1263 2788 gracilitatem
1287 2713 1500 2767 salutifmam
1523 2743 1586 2764 an-

131 2776 279 2811 nuntiat.
372 2779 429 2814 30.
467 2780 498 2814 si
525 2786 641 2826 tonat,
673 2762 897 2820 rebel'lionem
927 2785 1048 2818 contra
1078 2779 1197 2829 populi
1228 2778 1376 2818 Romani
1404 2776 1585 2824 imperium

130 2822 304 2867 declarat,
329 2829 433 2870 atque
452 2827 539 2863 adeo
557 2827 694 2868 bellum

186 2875 334 2912 Ioannes
363 2877 490 2925 Lydus.
1255 2876 1281 2914 2
1288 2877 1309 2914 l
