1748 3210
623 192 700 236 DE
734 192 1022 239 OSTENTIS.
1456 197 1554 242 355

229 303 317 350 Ἠλ
334 323 348 348 ι
361 322 383 349 ο
398 323 419 356 ς
452 322 477 348 τ
490 322 511 349 ο
526 308 549 357 ξ
562 303 584 348 ό
597 322 621 349 τ
632 325 672 365 ῃ.
719 305 815 350 ὅταν
835 305 856 350 ὃ
877 306 990 363 ἥλιος
1009 307 1071 350 ἐπὶ
1089 306 1160 350 τὸν
1176 303 1342 364 τοξότην
1361 306 1464 366 ἔλθῃ
1475 342 1488 361 ,
1522 315 1555 354 εἲ

94 374 258 431 σεισμὸν
281 376 460 430 συμβαίη
480 375 691 431 γενέσθαι,
730 376 793 418 ἐπὶ
813 377 888 430 μὲν
909 381 981 432 τῆς
999 375 1176 433 μεγάλης
1189 377 1325 428 Ἀσίας
1343 383 1395 436 τῇ
1415 379 1551 421 εὐδαί-

92 459 185 499 μων
201 444 372 504 Ἀραβίᾳ
385 475 413 496 ,,
433 444 497 486 ἐπὶ
521 444 567 486 δὲ
587 449 660 499 τῆς
680 443 881 502 Εὐρώπης
901 446 1109 505 Τυρσηνίᾳ
1131 447 1307 503 Κελτικῇ
1331 449 1397 489 καὶ
1412 445 1551 490 Ἱσπα-

91 513 164 572 νίᾳ
181 511 335 566 βλάβαι
358 512 434 567 οὔχ
453 512 497 555 αἶ
513 517 709 567 τυχοῦσαι
723 512 1015 568 συμβήσονται.
1064 513 1323 571 φθαρήσεται
1343 515 1421 573 γὰρ
1446 520 1551 574 λιμῷ

57 580 142 624 δ’τὰ
169 579 413 636 βοσκήματα
421 613 434 632 ,
469 579 491 623 ὃ
521 581 567 623 δὲ
593 581 769 632 ὠκεανὸς
794 581 904 639 παρὰ
934 582 981 625 τὸ
1006 583 1187 640 πεφυκὸς
1204 582 1471 639 ἐκχυθήσεται
1495 583 1551 635 ὡς

87 651 173 692 καὶ·
188 649 314 704 αὐτὴν
345 648 520 704 Κάλπην
542 650 854 705 ἐπικλυσθῆναι,
882 649 1017 701 πόλεις
1035 668 1077 694 τε
1098 654 1328 712 κατομβριά
1346 652 1550 696 κινδυνεύ-

89 734 241 762 σουσιν.
308 717 335 773 ἦ
367 719 412 760 δὲ
438 717 602 774 ἀνδρεία
625 717 748 776 φύσις
766 719 808 769 ἐξ
829 721 981 770 ἐνδείας
999 724 1079 762 τῶν
1099 720 1331 777 ἀναγκαίων
1342 726 1548 777 πανταχοῦ

88 784 372 844 φθαρήσεται,
408 784 469 830 ὅτι
489 786 611 844 ἄρρεν
630 786 772 844 ζῴδιον
791 785 813 829 ὃ
830 787 1008 842 τοξότης.

225 853 306 899 58.
364 854 430 897 “H
436 859 460 896 λ
475 870 556 905 ιος
604 854 877 914 αἰγόκερῳ.
935 855 1031 898 ὅταν
1064 855 1108 897 δὲ
1138 853 1251 910 ἣλιος
1282 854 1548 917 ἀποστρέφων

23 927 78 962 110
89 921 168 965 ἀπὸ
195 928 270 966 τοῦ
294 925 426 966 νοτίου
456 927 692 980 καμπτῆρος
717 924 781 965 ἐπὶ
813 924 882 966 τὸν
908 922 1127 980 αἰγόκερων
1152 922 1255 980 ἔλθῃ
1267 955 1280 974 ,
1316 927 1352 966 εἰ
1380 927 1547 979 σεισμὸν

82 992 268 1046 συμβαίη
287 993 496 1047 γενέσθαι,
527 993 590 1034 ἐπὶ
608 991 682 1046 μὲν
697 995 770 1047 τῆς
790 991 874 1034 ἅνω
890 991 1028 1043 Ἀσίας
1049 995 1160 1034 πᾶσα
1181 990 1206 1046 ἢ
1224 992 1366 1048 Ἰνδικὴ
1383 992 1547 1049 Ἀριανή

83 1075 126 1102 τε
159 1061 226 1101 καὶ
257 1062 300 1100 Γ
295 1062 468 1116 εδρωσία
475 1091 491 1111 ,
525 1061 589 1102 ἐπὶ
620 1060 664 1102 δὲ
693 1064 765 1114 τῆς
795 1059 905 1104 κάτω
934 1062 1094 1117 Φρυγία
1119 1077 1162 1103 τε
1185 1065 1296 1103 πᾶσα
1318 1063 1386 1102 καὶ
1400 1060 1547 1117 Ἑλλή-

82 1142 278 1179 σποντος,
311 1129 374 1170 ἐπὶ
409 1129 454 1170 δὲ
482 1131 555 1182 τῆς
583 1127 784 1184 Εὐρώπης
810 1131 1051 1172 Μακεδονία
1079 1131 1146 1171 καὶ
1178 1128 1321 1187 Θρᾴκη
1355 1130 1457 1186 πρὸς
1489 1135 1546 1188 τῷ

78 1195 286 1254 Ἰλλυρικῷ
314 1197 387 1246 ἕως
409 1195 570 1252 Ἴστρου
597 1201 782 1249 ποταμοῦ
810 1197 857 1239 οὐ
883 1199 1057 1254 μετρίως
1087 1196 1419 1252 ταραχθήσονται
1444 1199 1547 1255 πρὸς

29 1265 74 1303 15
84 1268 164 1307 τῶν
182 1263 491 1320 πλησιοχώρων,
528 1265 594 1305 καὶ
612 1264 650 1307 οἱ
662 1266 878 1322 χείμαρροι
895 1283 946 1309 τα
968 1264 1061 1320 λήϊα
1079 1263 1358 1319 καταχώσουσι
1368 1298 1380 1316 ,
1417 1283 1545 1323 προσ-

82 1330 446 1396 επιλοιμωττόντων
463 1336 543 1374 τῶν
560 1331 842 1387 βοσκημάτων.
912 1332 1106 1390 ἒμφῦλιοί
1119 1350 1162 1376 τε
1182 1332 1348 1388 πόλεμοι
1370 1333 1543 1385 ἔσονται,

82 1401 244 1457 ὀνείρων
277 1402 320 1443 δὲ
350 1403 418 1443 καὶ
451 1399 742 1456 μαντευμάτων
771 1402 928 1457 ψευδὴς
950 1401 1090 1457 ὄχλος·
1130 1402 1291 1456 ἐνιαχοῦ
1311 1403 1444 1445 δὲκαὶ
1467 1401 1543 1446 πό·-

79 1473 160 1520 λεις
177 1468 344 1525 ἀθρόως
362 1468 820 1524 καταποντισθήσονται.

206 1536 388 1588 ἻΙλιος
421 1535 671 1596 ὗδροχόῳ.
717 1536 832 1593 ἧλίου
863 1538 926 1580 ε’πὶ
954 1534 1153 1594 ὑδροχόον
1175 1534 1305 1586 ῗόντος
1329 1538 1363 1579 εἴ
1383 1537 1542 1592 γένηται

23 1602 262 1660 Ξθσεισμός,
300 1606 364 1648 ἐπὶ
388 1607 462 1660 μὲν
482 1611 556 1660 τῆς
577 1605 660 1648 ἄνω
674 1607 811 1657 Ἀσίας
822 1605 987 1660 Ὀξιανὴ
1007 1605 1208 1660 Σογδιανὴ
1225 1605 1395 1661 Ἀραβία
1414 1603 1542 1661 μικροὶ

75 1675 143 1716 καὶ
164 1674 324 1726 Ἀζανία
332 1706 346 1726 ,
381 1679 455 1730 τῆς
487 1675 530 1717 δὲ
555 1673 756 1731 Εὐρώπης
787 1673 810 1730 ἦ
850 1672 994 1734 Θρᾴκη
1025 1674 1099 1724 ἕως
1121 1673 1344 1730 Ἰλλυρικοῦ
1376 1672 1540 1729 σφόδρα

74 1741 430 1801 ταραχθήσονται·
470 1741 636 1798 πόλεμοι
667 1743 744 1800 γὰρ
777 1747 922 1801 βαρεῖς
948 1742 1225 1785 ἐπιπεσοῦνται
1252 1748 1341 1792 ταῖς
1369 1739 1540 1797 χώραις.

165 1850 186 1885 1
226 1847 358 1884 el--2
378 1846 555 1893 γενέσθαι
587 1860 631 1884 ex
666 1850 700 1884 R
738 1849 805 1884 add
842 1847 891 1883 H.
1029 1848 1059 1891 Ε
1076 1843 1223 1882 Κάσπιν
1246 1848 1300 1890 R,
1323 1843 1470 1881 Κάλπιν
1494 1847 1536 1882 S·

164 1897 187 1930 8
218 1893 262 1929 τὸ
289 1892 423 1937 §donov
444 1895 488 1929 C.
675 1896 716 1930 11
739 1892 914 1939 Ἀδριανή
938 1894 979 1928 S.
1166 1893 1208 1927 12
1228 1892 1437 1936 Γεδρουσία
1460 1893 1535 1927 RS.

166 1940 209 1975 15
232 1938 643 1984 προσεπιλιμωττόντων
665 1941 711 1983 S,
733 1941 886 1974 fortasse
903 1952 972 1973 non
991 1938 1091 1972 male.
1115 1938 1164 1971 H.
1258 1940 1303 1973 17
1327 1936 1347 1972 ὁ
1369 1934 1475 1981 ὄχλος
1491 1938 1534 1971 C.

164 1986 212 2020 20
233 1983 327 2028 ὀξινι
343 1985 543 2030 σουβδιανη
555 1986 596 2030 C,
619 1983 725 2029 ὄξίνη
746 1983 947 2029 σουγδιοινή
966 1986 1040 2019 RS.
1066 1995 1146 2018 corr
1163 1983 1211 2028 H,
1236 1983 1314 2018 coll.
1333 1996 1370 2029 p.
1390 1985 1459 2020 382
1476 1985 1537 2018 21.

164 2073 243 2108 Sol
280 2074 555 2118 sagittario.
602 2073 655 2108 sol
686 2074 746 2108 ubi
778 2074 821 2107 ad
852 2073 1069 2118 sagittarium
1091 2072 1313 2118 pervenerit,
1351 2071 1383 2105 si
1406 2075 1535 2105 terram

72 2119 243 2164 contingit
266 2119 552 2163 contremiscere,
576 2119 613 2153 in
630 2119 716 2153 Asia
734 2119 864 2153 maiore
881 2119 1012 2153 Arabia
1030 2118 1114 2152 felix
1125 2145 1134 2161 ,
1158 2118 1195 2151 in
1212 2118 1358 2163 Europa
1375 2116 1534 2160 Etruria,

72 2165 189 2200 Gallia
211 2165 476 2210 Lugdunensis,
510 2165 683 2210 Hispania
706 2165 913 2199 detrimenta
940 2165 1031 2198 haud
1055 2164 1148 2198 levia
1170 2163 1356 2208 accipient.
1405 2162 1534 2197 etenim

71 2222 200 2258 pecora
222 2212 340 2245 inedia
360 2211 571 2252 interibunt3
609 2221 756 2245 oceanus
777 2216 919 2255 praeter
942 2211 1077 2244 modum
1100 2209 1333 2253 redundabit,
1364 2212 1402 2243 ut
1420 2209 1533 2253 ipsam

71 2257 207 2303 Calpen
229 2257 277 2291 sit
298 2258 505 2298 obruturus3
538 2256 676 2301 oppidis
699 2255 753 2289 vis
778 2256 935 2290 imbrium
959 2255 1149 2301 periculum
1177 2255 1323 2289 creabit.
1371 2265 1534 2299 pressus-

70 2313 140 2348 que
158 2301 364 2337 difficultate
382 2302 655 2336 necessariorum
674 2301 802 2347 ubique
821 2301 956 2336 occidet
974 2301 1086 2335 virilis
1105 2312 1230 2335 sexus:
1250 2300 1380 2346 quippe
1397 2310 1532 2333 mascu-

70 2347 138 2383 lum
160 2348 295 2393 signum
317 2347 532 2392 sagittarius.

161 2393 219 2429 58.
267 2393 343 2428 Sol
378 2393 669 2440 capricorno.
717 2392 770 2427 sol
799 2393 937 2437 quando
966 2393 1010 2427 ab
1037 2391 1182 2426 australi
1203 2395 1295 2424 meta
1319 2400 1464 2423 aversus
1487 2388 1532 2422 ad

71 2439 309 2485 capricornum
327 2439 446 2483 venit,
472 2439 503 2472 si
520 2439 613 2472 forte
634 2439 675 2472 fit
694 2442 941 2481 terraemotus,
963 2437 1000 2471 in
1022 2437 1107 2471 Asia
1129 2436 1310 2481 superiore
1328 2435 1429 2468 India
1451 2434 1532 2467 uni-

71 2495 195 2528 versa,
226 2485 375 2528 Ariana,
409 2484 605 2527 Gedrosia,
638 2484 675 2518 in
699 2483 867 2517 inferiore
889 2482 1045 2526 Phrygia
1069 2482 1178 2516 omnis
1206 2488 1242 2515 et
1270 2481 1531 2524 Hellespontus,

70 2529 108 2563 in
138 2530 283 2576 Europa
310 2531 519 2566 Macedonia
548 2530 770 2574 Thraciaque
801 2530 845 2563 ab
872 2528 1013 2571 Illyrico
1040 2529 1166 2562 Istrum
1199 2538 1308 2570 usque
1335 2527 1379 2559 ab
1404 2524 1532 2559 accolis

70 2575 163 2610 haud
185 2575 407 2611 mediocriter
434 2577 684 2617 turbabuntur3
712 2580 887 2609 torrentes
911 2579 988 2607 sata
1014 2575 1182 2615 obruent,
1215 2570 1531 2616 pecudibus'simul

69 2621 153 2655 tabe
175 2620 327 2655 infectis.
376 2622 528 2656 existent
550 2621 642 2656 bella
669 2620 805 2663 civilia,
842 2620 1119 2663 somniorumque
1142 2623 1179 2651 et
1201 2617 1442 2652 vaticiniorum
1464 2616 1530 2649 sal-

69 2677 186 2700 sorum
217 2666 420 2710 multitud03
457 2667 586 2715 oppida
618 2677 756 2712 quoque
787 2666 925 2710 integra
953 2665 1082 2710 passim
1112 2663 1212 2698 undis
1245 2663 1386 2697 marinis
1416 2661 1530 2696 invol-

69 2716 208 2749 ventur·

161 2757 240 2791 Sol
271 2757 472 2812 aquario.
519 2757 592 2792 sole
614 2758 659 2792 ad
681 2755 860 2803 aquariiun
882 2757 1069 2790 accedente
1092 2755 1124 2790 si
1145 2755 1186 2789 fit
1209 2758 1458 2796 terraemotus,
1495 2751 1532 2785 in

69 2802 154 2837 Asia
178 2803 352 2849 superloti
382 2803 538 2848 Oxiana,
570 2803 772 2848 Sogdiana,
803 2802 934 2837 Arabia
963 2802 1096 2844 minor,
1131 2800 1287 2844 Azania,
1321 2799 1357 2832 in
1387 2799 1533 2842 Europa

68 2847 221 2884 Thracia
251 2849 294 2885 ad
321 2849 496 2894 Illyricum
529 2860 640 2896 usque
671 2849 851 2884 admodum
886 2848 1127 2882 turbabuntur.
1176 2858 1254 2881 nam
1287 2844 1378 2879 bella
1409 2843 1533 2889 gravia
