1748 3210
222 192 315 237 318
735 194 956 238 ῙΟΑΝΝῘΒ
988 196 1119 240 LYDI

350 302 431 347 23'.
465 308 499 348 εἷ
517 303 738 361 βροντῆσῃ,
767 306 943 356 ἓπίνοσος
963 306 984 348 ὃ
1007 306 1192 358 ἐνιαυτός.

347 371 396 413 λ’.
430 375 464 413 εἴ
495 371 714 427 βροντήσῃ,
755 373 826 414 οὐκ
855 374 1042 428 εὐθηνίαν
1069 374 1188 429 μόνον
1214 376 1315 420 ἀλλὰ
1336 381 1399 422 καὶ
1418 379 1625 424 ἐλάττωσιν

216 442 293 480 τῶν
311 440 503 491 πολεμίων
522 442 587 480 καὶ
607 437 850 495 εὐφροσύνην
870 447 951 490 τοῖς
966 441 1168 498 πράγμασι
1190 445 1314 498 δηλοῖ.

684 567 728 602 Ν
749 567 781 604 Ο
803 569 836 603 Ε
858 570 905 604 Μ
920 571 950 604 Β
969 571 1000 604 Ρ
1020 573 1043 604 Ι
1064 570 1096 605 Ο
1119 571 1164 605 Σ.

268 635 344 680 32.
374 633 426 679 α’.
458 639 509 679 Εἰ
526 638 724 696 βροντήσῃ
737 671 751 692 ,
784 641 978 696 διχόνοιαν
1001 645 1118 697 δηλοῖ
1133 647 1181 699 τῇ
1202 640 1323 686 πόλει.
1456 668 1458 670 v
1637 653 1657 686 5

342 701 398 756 β’.
444 707 478 745 εἰ
496 705 694 762 βροντὴσῃ
705 739 718 758 ,
757 709 944 762 εὐθηνίαν
967 710 1156 765 προλέγει.
1604 738 1607 739 ⁷

342 768 392 824 γ’.
446 773 478 812 εἴ
498 772 719 828 βροντήσῃ,
744 773 958 830 πράγματα
973 774 1212 831 ἀναφύεται,
1246 774 1301 818 δι’
1323 768 1371 816 οὗ
1389 774 1426 816 οἳ
1443 770 1626 824 ἐλάττους

209 835 451 892 περιέσονται
471 842 549 879 τῶν
567 838 765 891 μειζόνων.

341 901 390 944 δ’.
443 907 476 945 εἰ
495 905 713 961 βροντήσῃ,
747 907 928 962 κρείττων
950 906 971 949 ὃ
991 914 1109 958 σῖτος.

343 969 385 1010 ε’.
440 973 474 1012 εἰ
490 971 688 1028 βροντήσῃ
698 1005 711 1024 ,
736 973 854 1028 ζάλην
872 981 953 1024 τοῖς
973 975 1176 1032 πράγμασι
1198 976 1332 1029 ὃηλοῖ,
1358 975 1564 1026 αἰσθητοῖς
1582 988 1622 1014 τε
1637 987 1678 1020 10

209 1038 274 1078 καὶ
297 1035 451 1090 ἀλόγοις
469 1038 597 1080 νόσον.

341 1101 388 1152 ς’.
438 1106 471 1145 εἲ
486 1103 684 1160 βροντῆσῃ
693 1136 706 1155 ,
740 1105 934 1159 σκώληκες
951 1111 1006 1163 τῷ
1026 1109 1120 1163 σίτῳ
1139 1111 1414 1160 λυμανοῦνται.

343 1167 389 1219 ζ’.
441 1173 474 1210 εἰ
507 1169 728 1226 βροντήσῃ,
772 1179 853 1222 τοῖς
879 1171 956 1215 ὖπὸ
984 1173 1055 1225 τὴν
1085 1173 1198 1216 δύσιν
1230 1172 1457 1229 ἀνθρώποις
1487 1187 1530 1214 τε
1558 1172 1626 1212 καὶ

211 1231 367 1288 ἀλόγοις
388 1233 510 1277 νόσοι.

340 1299 392 1354 η’.
440 1305 473 1344 εἷ
489 1299 711 1360 βροντῆσῃ,
737 1302 987 1360 ἀδδηφαγιάς
1009 1301 1170 1346 ἔσεσθαι
1190 1304 1253 1346 ὁεῖ
1266 1302 1330 1347 διὰ
1351 1299 1492 1352 νόσους
1511 1302 1619 1344 ἄπει·
1635 1315 1676 1348 15

206 1367 410 1419 λουμὲνας.

340 1433 398 1475 θ’.
441 1436 476 1476 εἶ
498 1433 722 1491 βροντήσῃ,
759 1437 941 1489 δημοτῶν
962 1436 1292 1490 ἆνασκολοπισμοὶ
1313 1435 1487 1487 ἔσονται,
1522 1434 1624 1477 ἀλλὰ

202 1500 283 1553 μὴν
303 1503 368 1541 καὶ
390 1501 567 1557 ἀφθονία
588 1507 666 1543 τῶν
687 1504 921 1556 ἐπιτηδείων.

337 1566 376 1608 ι’.
436 1570 470 1608 εἷ
495 1566 717 1624 βροντήσῃ,
751 1569 874 1624 πέρας
902 1569 978 1624 ἔχει
1006 1569 1057 1613 τὰ
1089 1573 1220 1619 κακῶς
1249 1567 1516 1621 βουλευθέντα
1542 1573 1623 1616 τοῖς

204 1637 432 1687 κρατοῦσιν,
468 1633 609 1686 ἄνεμος
627 1636 669 1675 δὲ
686 1634 894 1689 καυσώδης
912 1643 994 1684 τοῖς
1012 1638 1185 1691 δένδροις
1202 1634 1425 1691 λυμῄνεται.
1630 1650 1675 1684 20

338 1699 404 1740 ια’.
439 1702 472 1740 εἰ
490 1699 710 1756 βροντήσῃ,
737 1701 1083 1757 εὖχαριστείτωσαν
1102 1703 1307 1758 ἄνθρωποι
1326 1706 1382 1760 τῷ
1401 1704 1504 1759 θεῷ·
1534 1699 1622 1742 ἅνε-

202 1781 279 1816 μος
302 1765 378 1821 γὰρ
405 1767 446 1815 ἐξ
469 1766 669 1807 ἀνατολῶν
691 1766 829 1823 giezica.

336 1830 402 1884 ιβ’.
437 1835 471 1874 εἲ
488 1831 708 1889 βροντήσῃ,
742 1833 898 1876 ἐνύπνια
917 1841 998 1884 τοῖς
1017 1832 1243 1890 ἀνθρώποις
1263 1833 1420 1875 πλείονα
1440 1830 1557 1882 δόξει.

287 1946 310 1981 7
333 1957 376 1979 an
401 1945 456 1980 δι’
482 1941 564 1983 aiv?
701 1950 742 1983 10
765 1947 835 1983 δὲ’.)
969 1949 1009 1983 15
1032 1960 1110 1984 num
1127 1947 1339 2001 εἶ’ργεσθαιζ
1356 1945 1500 2002 ἔχεσθαι
1521 1947 1619 1989 (nam

287 1989 324 2023 in
347 1991 400 2025 his
423 1993 528 2028 rebus
553 1991 637 2029 nihil
658 1998 774 2038 potest
795 1993 907 2027 videri
931 1993 1029 2028 nimis
1053 1993 1288 2036 absurdum)2
1315 1991 1542 2035 απεχξσθαιῗ
1570 1991 1618 2024 Η.

199 2088 370 2131 tonuerit,
401 2100 507 2123 annus
531 2091 656 2123 morbis
681 2091 860 2124 obnoxius.
950 2091 1006 2124 30.
1029 2090 1059 2124 si
1079 2094 1194 2134 tonat,
1218 2102 1285 2124 non
1309 2091 1543 2125 abundantiam
1561 2103 1618 2125 so—

197 2131 356 2211 ὲιιιᾶηέαεθᾱ
392 2132 538 2169 hostium
569 2146 705 2180 quoque
735 2133 1002 2170 imminutionem
1031 2141 1066 2170 et
1093 2135 1257 2174 laetitiam
1287 2136 1339 2171 rei
1370 2136 1526 2182 publicae
1557 2137 1618 2172 de.-

691 2267 1127 2304 NOVEMBER.

283 2331 339 2365 82.
389 2334 420 2366 1.
455 2331 496 2365 Si
526 2336 643 2377 tonat,
678 2334 882 2368 discordiam
913 2334 1048 2370 civitati
1079 2335 1267 2370 annuntiat.
1377 2336 1413 2370 2.
1445 2336 1477 2370 si
1509 2338 1616 2378 tonat,

193 2375 433 2410 abundantiam
458 2378 640 2421 praedicit.
729 2379 764 2413 3.
795 2379 824 2413 si
845 2380 1013 2423 tonuerit,
1045 2392 1101 2414 res
1129 2381 1308 2425 obtingent
1327 2391 1392 2424 per
1417 2391 1500 2424 quas
1525 2380 1617 2413 infe-

193 2421 303 2454 riores
341 2421 536 2465 superiores
571 2425 792 2466 superabunt.
904 2425 938 2458 4.
977 2425 1007 2458 si
1042 2425 1211 2469 tonuerit,
1244 2427 1446 2459 frumentum
1482 2424 1614 2458 melius.

191 2465 227 2498 5.
252 2465 283 2498 si
301 2469 416 2508 tonat,
446 2468 563 2501 turbas
585 2467 637 2501 rei
658 2468 813 2512 publicae
831 2468 987 2512 nuntiat,
1021 2469 1243 2504 rationalibus
1264 2475 1300 2504 et
1318 2469 1428 2503 brutis
1450 2470 1614 2502 morbum.

193 2509 228 2542 6.
252 2509 283 2542 si
303 2510 475 2554 tonuerit,
502 2523 634 2546 vermes
658 2513 827 2546 frumento
851 2515 1034 2548 nocebunt.
1123 2516 1156 2548 7.
1193 2515 1223 2547 si
1251 2519 1368 2556 tonat,
1401 2513 1444 2547 iis
1467 2514 1527 2558 qui
1551 2514 1614 2546 sub

192 2554 371 2587 occidente
392 2562 488 2598 sunt,
518 2561 589 2590 tum
613 2557 802 2590 hominibus
827 2563 898 2591 tum
919 2558 1061 2603 bestiis,
1093 2559 1201 2592 morbi
1223 2559 1432 2604 impendent.
1523 2558 1558 2591 8.
1583 2557 1615 2591 si

190 2602 308 2640 tonat,
343 2600 513 2634 edacitate
545 2600 563 2621 *
594 2607 730 2645 oportet
763 2603 806 2635 ob
838 2603 973 2635 morbos
1008 2604 1232 2638 imminentes.
1276 2607 1279 2609 ’
1320 2605 1355 2638 9.
1391 2603 1423 2637 si
1451 2602 1613 2644 tonuerit,

190 2642 319 2686 plebeii
346 2643 383 2677 in
414 2656 546 2679 crucem
578 2651 734 2690 agentur.
782 2646 848 2680 erit
882 2658 1014 2681 annona
1045 2648 1195 2693 copiosa.
1299 2649 1354 2682 10.
1392 2647 1424 2681 si
1450 2646 1612 2689 tonuerit,

189 2694 414 2731 praepostera
445 2691 633 2735 principum
662 2691 804 2725 consilia
834 2692 877 2724 ad
904 2691 1005 2725 finem
1030 2693 1246 2738 pervenient.
1292 2696 1414 2726 ventus
1436 2703 1538 2726 urens
1555 2701 1612 2724 ar<

190 2731 293 2765 bores
315 2734 466 2768 vexabit.
557 2738 612 2770 11.
635 2735 666 2769 si
685 2741 801 2779 tonat,
824 2736 1025 2780 supplicatio
1049 2737 1115 2770 diis
1141 2736 1383 2771 immortalibus
1401 2735 1613 2770 decernenda

193 2781 268 2820 est,
293 2778 383 2822 quod
400 2783 522 2815 ventus
544 2791 586 2816 ex
607 2780 741 2817 oriente
761 2780 919 2829 spirabit.
1011 2783 1066 2816 12.
1091 2782 1121 2816 si
1139 2781 1310 2827 tonuerit,
1334 2781 1500 2819 insomnia
1519 2790 1610 2815 oom-
