1748 3210
383 169 459 213 DE
491 168 939 213 MAGISTRATIBUS
972 169 1018 212 P.
1051 168 1104 212 R.
1139 168 1242 211 LIB.
1276 167 1351 211 111.
1487 168 1585 215 263

131 283 216 330 οἷον
241 282 456 341 ἐφημέροις
482 288 555 326 τοῦ
581 283 636 337 ἀβ
667 282 799 335 ἅκτις,
833 289 917 334 τοῖς
941 301 982 326 τε
1007 280 1256 341 προσφόροις
1279 281 1489 339 σκρινίοις,
1517 284 1587 325 καὶ

129 354 266 403 αὐτοῖς
295 354 339 394 δὲ
372 359 456 402 τοῖς
487 355 529 403 ἐξ
559 353 692 395 αὐτῶν
717 351 851 407 ἔχουσι
874 352 943 394 τὸν
962 350 1100 409 πόρον.
1168 353 1235 394 καὶ
1254 352 1297 394 τί
1310 355 1555 408 μακρηγοριῖ
1565 369 1582 405 ,-

127 419 259 464 mina
277 425 480 471 παντελῶς
501 422 768 474 διαπέπτωκε,
801 421 1003 476 μηδεμίαν
1030 422 1237 477 ἐπίγνωσιν
1264 423 1344 463 τῶν
1366 421 1460 477 πρὶν
1481 435 1581 462 κατ-

128 488 384 548 ορθωμάτων
411 489 672 541 διασώζοντα.

92 564 119 601 8
261 557 340 603 69.
412 558 531 601 Οὕτω
557 563 629 600 τοῦ
655 553 914 614 μιαρωτάτου
934 558 1124 612 πολεμίου
1145 560 1226 600 τῶν
1247 553 1380 611 νόμων
1400 557 1579 611 διαγενο-

122 625 246 680 μένου
265 626 364 676 θεὸς
380 625 634 684 ἐπεστράφη,
668 627 852 669 ἐκδοῦναι
870 626 940 668 τὸν
958 626 1085 669 αἴτιον
1105 630 1185 669 τῶν
1202 629 1334 669 κακῶν
1351 630 1439 675 ταῖς
1462 625 1581 674 ἰδίαις

122 694 290 751 πράξεσι
308 694 614 753 ψηφισάμενος,
647 696 802 738 πείθων
821 693 944 738 αὐτὸν
966 692 1021 745 ὥς

337 762 422 806 ἔστι
445 765 534 818 δίκη
554 763 708 817 νέμεσίς
727 781 770 807 τε
790 769 928 813 κακοῖς
949 761 1149 818 κακότητα
1170 762 1365 820 φέρουσα.

123 834 196 873 τοῦ
216 830 294 888 γὰρ
315 830 543 886 ἦπιωτάτου
562 833 760 886 βασιλέως
780 832 906 886 μηδὲν
926 831 1079 874 τούτων
1103 832 1365 885 ἐπισταμένου
1375 861 1389 881 ,
1423 825 1583 870 πάντων

69 904 115 939 10
127 900 170 940 δὲ
202 899 270 941 διὰ
299 900 373 954 τὴν
403 900 579 957 ἄκρατον
609 901 865 950 δυναστείαν,
903 900 1045 955 καίπερ
1080 899 1374 952 ἀδικουμένων,
1410 912 1582 951 συνηγω-

123 966 300 1023 ρυύντων
332 973 391 1026 τῷ
424 972 587 1025 πονηρῷ
621 966 876 1023 Καππαδόκῃ
910 969 977 1008 καὶ
1008 974 1093 1016 τοῖς
1126 964 1287 1008 πάντων
1321 963 1583 1019 ἓξοχωτάτοις

122 1037 296 1086 ἐπαίνοις
317 1037 383 1078 ἐπ’
411 1038 522 1093 αὐτῷ
543 1036 654 1092 παρὰ
674 1039 841 1090 βασιλεῖ
849 1036 1071 1091 χρωμένων
1105 1036 1192 1089 (τίς
1215 1034 1293 1092 γὰρ
1319 1033 1368 1076 ἂν
1392 1031 1586 1086 ἐτόλμησε

122 1095 190 1145 καὶ
219 1102 347 1158 μόνης
375 1106 544 1146 ἐπαίνων
569 1106 696 1159 χωρὶς
723 1107 957 1158 μνησθῆναι
989 1108 1062 1158 τῆς
1098 1103 1223 1145 αὐτοῦ
1253 1101 1579 1160 προσηγορίαςς)

119 1169 223 1226 μόνη
242 1170 267 1225 ἦ
284 1170 479 1228 ὄμόζυγος
494 1170 616 1227 γυνή,
651 1174 838 1228 κρείττων
857 1176 936 1214 τῶν
954 1170 1079 1214 ὄντων
1101 1169 1314 1226 ὁτιδήποτε
1332 1172 1395 1212 ἐπὶ
1414 1169 1582 1219 συνέσει,

66 1245 111 1282 15
123 1241 191 1281 καὶ
222 1242 458 1300 συμπαθείᾳ
486 1244 567 1283 τῶν
599 1240 871 1293 ἀδικουμένων
904 1239 1186 1296 ἀγρυπνοῦσα,
1228 1238 1286 1294 μὴ
1325 1239 1506 1296 φέρουσα
1534 1235 1581 1279 τὸ

119 1308 258 1350 λοιπὸν
285 1314 475 1365 περιορᾶν
501 1308 576 1363 τὴν
602 1309 804 1350 πολιτείαν
834 1308 1125 1363 βυθιζομένην,
1161 1307 1207 1349 οὗ
1238 1308 1416 1362 μετρίοις
1445 1303 1578 1360 λόγοις

119 1374 176 1426 ὡς
195 1376 266 1418 τὸν
283 1378 454 1431 βασιλέα
475 1375 714 1420 finaeo-{ham
733 1378 951 1430 διαβαίνει,
985 1376 1144 1418 ἅπαντα
1159 1375 1279 1418 αὐτὸν
1295 1375 1347 1418 τὰ
1369 1375 1467 1424 τέως
1485 1375 1577 1416 δια-

119 1443 375 1487 λανθάνοντα
405 1444 675 1497 διδάσκουσα,
710 1447 777 1488 καὶ
801 1443 856 1495 ὥς
878 1443 1098 1487 κινδυνεύοι
1121 1444 1168 1486 οὖ
1190 1444 1235 1487 τὸ
1257 1443 1435 1499 ὑπήκοον
1452 1441 1577 1497 μόνον

119 1513 404 1556 {vaunnam-§³021
431 1521 515 1564 τοῖς
546 1521 706 1564 κακοῖς,
742 1514 847 1555 ἀλλὰ
870 1516 937 1556 καὶ
957 1513 1082 1568 αὐτὴν
1101 1513 1216 1568 ἔγγὺς
1237 1511 1483 1555 σαλεύεσθαι
1502 1509 1577 1565 τὴν

63 1584 338 1634 2οβασιλιιάν.
408 1583 511 1632 εἰκὸς
529 1577 599 1624 οὖν
618 1581 639 1624 ὃ
656 1580 866 1635 βασιλεύς,
900 1582 1023 1631 καλὸς
1040 1580 1095 1624 ὢν
1114 1583 1181 1622 καὶ
1201 1580 1302 1637 πρὸς
1322 1579 1479 1633 ἄμυναν
1496 1582 1577 1621 τῶν

118 1654 254 1692 κακῶν
283 1648 462 1707 βραδύς,
499 1650 720 1705 ἀμηχάνοις
754 1650 940 1707 ἀπορίαις
973 1650 1122 1703 εἴχετο,
1155 1650 1259 1704 μηδὲ
1289 1649 1488 1690 ἀποκινεῖν
1509 1646 1579 1689 τὸν

117 1719 401 1776 καταστροφέα
436 1724 510 1761 τοῦ
550 1718 836 1772 πολιτεύματος
878 1716 1093 1775 εὖρίσκων·
1139 1716 1268 1767 οὕτως
1304 1715 1440 1770 ἔτυχεν
1451 1747 1465 1767 ‚
1509 1712 1578 1757 οἷα

116 1785 260 1839 κακός,
293 1787 472 1845 ταράξας
489 1787 540 1830 τὰ
561 1786 778 1844 πράγματα
799 1788 866 1829 καὶ
884 1787 980 1837 τοὺς
1000 1784 1150 1844 πόρους
1169 1785 1318 1844 ἀπορία
1337 1787 1404 1826 καὶ
1424 1781 1576 1839 συγχύ-

209 1884 234 1918 9
254 1879 461 1927 ἠπιστάτου
481 1883 524 1919 C.
711 1882 754 1917 14
775 1893 940 1927 κρειττον
960 1881 1002 1916 C.
1186 1881 1231 1915 20
1253 1876 1358 1920 εἰκώς
1377 1880 1421 1915 C.
1469 1891 1505 1915 v.
1530 1878 1574 1914 ad

207 1942 245 1976 p.
267 1930 336 1964 202
360 1931 415 1964 19.
551 1930 597 1964 23
618 1929 740 1968 κακῶς
762 1929 806 1963 C.

115 2004 336 2052 ἐφημέροις)
372 2008 459 2043 actis
488 2008 678 2053 praefecti,
711 2012 781 2042 tum
813 2005 1090 2052 competentibus
1113 2005 1274 2050 scriniis,
1308 2009 1380 2039 tum
1402 2014 1488 2038 vero
1513 2015 1577 2049 per

118 2065 178 2088 eos
204 2053 300 2098 ipsos
326 2052 386 2098 qui
412 2066 455 2088 ex
482 2053 550 2087 illis
575 2054 724 2088 reditum
756 2054 944 2087 habebant.
993 2052 1113 2097 paucis
1142 2053 1270 2086 dicam:
1298 2051 1413 2085 omnia
1434 2050 1576 2097 penitus

115 2099 305 2143 interiere,
328 2097 419 2133 nullo
441 2099 569 2144 prioris
593 2111 710 2133 eorum
733 2098 959 2133 excellentiae
981 2097 1111 2132 indicio
1131 2097 1268 2132 relicto.

208 2145 266 2179 69.
314 2143 376 2178 Sic
399 2157 475 2178 cum
498 2144 630 2189 egisset
651 2144 937 2179 sceleratissimus
959 2144 1072 2188 legum
1097 2144 1228 2187 hostis,
1263 2141 1456 2187 respiciens
1487 2142 1574 2176 deus

118 2190 280 2224 malorum
313 2195 489 2224 auctorem
518 2190 630 2235 ipsius
652 2192 792 2225 tradere
815 2191 918 2224 factis
945 2190 1119 2233 decrevit,
1155 2189 1368 2234 persuadens
1395 2188 1430 2222 ei
1462 2183 1574 2221 “esse

118 2235 289 2270 Iustitiam
311 2235 568 2281 Nemesinque,
606 2236 703 2271 malis
727 2237 816 2271 mala
838 2233 1053 2270 ferentem.”
1099 2247 1176 2269 nam
1196 2246 1269 2268 cum
1291 2235 1412 2268 horum
1436 2232 1485 2266 ni}
1501 2232 1572 2267 sci-

117 2286 174 2315 ret
195 2282 490 2316 mansuetissimus
512 2284 717 2327 imperator,
753 2294 871 2317 omnes
894 2294 979 2315 vero
1003 2286 1148 2327 propter
1174 2280 1389 2314 immodicam
1412 2278 1486 2312 eius
1506 2290 1572 2324 po-

117 2327 282 2371 tentiam,
324 2328 480 2371 quamvis
520 2328 649 2361 iniuria
686 2329 825 2373 affecti,
867 2328 1059 2374 improbum
1100 2327 1346 2371 Cappadocem
1382 2330 1576 2368 tuerentur,

117 2372 219 2417 longe
254 2372 403 2407 omnium
439 2374 596 2408 maximis
635 2373 795 2408 laudibus
832 2386 908 2408 eum
948 2374 1040 2418 apud
1077 2373 1323 2418 imperatorem
1359 2370 1576 2404 celebrantes

117 2418 222 2473 (quis
251 2418 342 2453 enim
370 2419 427 2452 vel
460 2419 567 2454 solius
598 2420 746 2454 nominis
770 2420 845 2454 eius
875 2420 950 2454 sine
974 2420 1075 2453 laude
1099 2418 1307 2452 mentionem
1330 2417 1448 2450 facere
1470 2426 1576 2449 ausus

115 2465 319 2508 fuisset‘ss),
352 2465 428 2499 sola
446 2466 594 2510 coniux,
621 2467 778 2500 omnibus
805 2477 895 2511 quae
917 2476 1065 2509 unquam
1092 2465 1191 2498 fuere
1215 2462 1356 2507 ingenio
1380 2467 1576 2507 praestans,

117 2515 156 2544 et
173 2509 377 2545 iniuriarum
397 2510 620 2546 miseratione
641 2512 789 2556 vigilans
802 2538 812 2555 ,
845 2511 974 2545 diutius
986 2509 1174 2554 -negligere
1194 2507 1482 2553 praecipitantem
1499 2517 1574 2540 rem

118 2555 287 2600 publicam
309 2568 379 2591 non
406 2558 602 2601 sustinens,
637 2558 728 2592 haud
754 2557 890 2591 levibus
911 2557 1080 2590 instructa
1101 2554 1293 2589 rationibus
1317 2554 1361 2587 ad
1383 2553 1574 2598 imperato-

117 2612 190 2635 rem
220 2602 377 2647 accedit,
415 2610 609 2649 cunctaque
638 2616 714 2638 eum
745 2603 922 2647 hucusque
957 2601 1091 2636 occulta
1119 2601 1262 2643 edocet,
1302 2611 1367 2633 nec
1396 2598 1575 2633 subiectos

117 2652 249 2682 tantum
271 2647 370 2682 malis
391 2648 538 2684 interire
560 2648 775 2695 periclitari,
800 2649 862 2683 sed
885 2648 954 2693 ipsi
977 2659 1114 2692 quoque
1137 2645 1282 2692 imperio
1306 2644 1441 2678 ruinam
1461 2643 1574 2677 immi-

117 2704 215 2727 nere.
261 2693 402 2739 itaque,
437 2696 529 2740 quod
550 2707 695 2730 necesse
718 2699 814 2739 erat,
844 2694 1054 2738 imperator,
1082 2698 1203 2737 utpote
1225 2693 1336 2726 bonus
1355 2690 1446 2725 etin
1467 2689 1574 2724 malo-

116 2749 190 2772 rnm
211 2738 344 2773 ultione
363 2739 500 2786 lentus,
524 2753 654 2776 summa
677 2741 814 2775 consilii
836 2739 956 2785 inopia
978 2739 1179 2782 laborabat,
1205 2749 1268 2780 ne,
1293 2736 1574 2781 quemadmodum

116 2784 170 2818 rei
193 2784 354 2830 publicae
376 2797 573 2822 eversorem
602 2793 801 2831 amoveret,
830 2785 1010 2831 reperiens
1033 2784 1190 2829 quidem:
1222 2784 1331 2827 adeo,
1363 2788 1402 2816 ut
1428 2787 1486 2817 ote
1507 2780 1572 2816 im-

116 2831 268 2876 probus,
299 2842 358 2866 res
377 2834 665 2879 perturbaverat,
696 2845 737 2868 ac
758 2832 892 2868 reditus
915 2831 1122 2871 difficultate
1140 2835 1177 2866 et
1193 2827 1401 2876 inexplicab‘
1418 2828 1426 2836 '
1452 2828 1573 2864 confu-
