1748 3210
235 222 330 267 292
749 219 968 263 IOANNIS
1002 218 1132 260 LYDI

233 325 360 386 ζῴδια
383 326 460 369 τόν
484 326 597 381 ἥλιον
624 321 965 378 ἐπιτηρήσαντες,
1001 322 1158 365 ἐκεῖνοι
1186 322 1232 365 δὲ
1256 321 1362 376 πρὸς
1386 325 1455 367 τὰς
1482 329 1635 371 σεληνια-

232 392 312 443 κοὲς
333 392 542 441 συνόδους
569 393 630 428 καὶ
658 388 911 440 vinnandans,
941 387 1060 430 ἄλλοι
1085 385 1193 430 κατὰ
1222 390 1398 440 φυσικάς
1421 403 1532 439 τινας
1553 388 1639 430 ἐπι-

231 457 435 513 τηρήσεις.
489 459 609 510 κῆρυξ
645 456 685 493 δὲ
721 460 792 494 τῶν
828 454 1049 503 ἀπορρήτων
1082 451 1110 508 ἡ
1146 451 1286 508 φύσις.
1342 451 1439 495 ὥστ’
1467 453 1534 491 οὐκ
1562 454 1636 504 ἔξω

233 522 566 579 φρενοβλαβείας
591 523 800 569 μέμφονται
827 527 906 564 ταῖς
933 522 1118 570 μεθόδοις
1147 515 1207 561 δι’
1244 512 1307 560 ὧν
1343 521 1421 560 τοῦ
1449 520 1638 572 μέλλοντος

232 590 485 636 στοχάζεσθαι
522 585 785 641 εἰσαγόμεθα·
830 585 930 629 οὐδὲ
969 588 1010 624 τὸ
1039 585 1135 639 περὶ
1162 583 1239 639 τὴν
1265 587 1340 625 τῶν
1367 583 1522 631 ἀστέρων
1546 587 1669 622 ἄνεω-5

231 658 314 703 ρίαν
352 652 622 707 ἄπασχολοῦν
660 655 726 699 ἔξω
753 652 972 702 θεοσεβείας
1001 655 1123 693 ποιεῖ·
1166 647 1261 692 ἀλλ’
1291 649 1350 692 ἔτι
1368 651 1538 703 ’μᾶλλον
1561 649 1640 704 τήν

230 721 436 771 πάνσοφον
464 718 550 760 ἔστι
578 717 647 761 διὰ
674 722 746 755 τῶν
774 715 1068 765 ἕργων·αύτῶν
1096 718 1312 770 θεωρῆσαι
1338 714 1546 770 πρόνοιαν
1571 720 1639 756 τοῦ

229 787 386 825 πάντων
415 781 605 838 ἀρρήτου
632 781 790 832 πατρός,
818 786 881 821 καὶ
906 781 1121 836 θαυμάσαι
1148 783 1215 829 τήν
1243 781 1376 836 ψυχὴν
1404 778 1641 833 ἀνθρώπου

229 848 443 893 δύνασθαι
469 847 714 904 ἡγουμένου
740 853 843 891 θεοῦ
871 851 936 886 καὶ
960 847 1055 900 περὶ
1081 849 1170 889 τῶν
1197 844 1435 900 οὐρανίων,
1478 844 1537 896 ὥς
1564 847 1644 888 δυ-

226 914 371 963 νατόν,
399 916 661 968 διαλέγεσθαι.
726 919 852 956 ταῦτα
877 914 955 968 μὲν
983 908 1063 956 οὖν
1097 911 1309 967 Φούλβιός
1337 925 1462 967 φησιν,
1491 913 1531 950 ἐκ
1557 913 1641 954 τῶν
1653 919 1694 953 10

227 984 310 1025 τοῦ
337 982 497 1035 Νουμᾶ
524 981 730 1027 ἱστορήσας·
767 980 871 1027 ἡμεῖς
899 979 942 1021 δὲ
969 977 1072 1033 μετὰ
1100 981 1166 1022 τοὶς
1195 979 1232 1016 ἐκ
1260 977 1476 1033 διαφόρων
1504 988 1644 1021 συνει-

225 1047 426 1102 λεγμένας
467 1043 593 1097 δόξας
626 1049 688 1083 καὶ
723 1048 790 1089 τὰς
826 1046 863 1091 ἐξ
899 1045 1060 1098 ὁμαλοῦ
1093 1048 1183 1093 τοῖς
1219 1050 1394 1089 παλαιοῖς
1427 1045 1643 1094 γραφείσας

224 1104 533 1167 ’ὑποθήσομενξ
567 1110 614 1152 ἐκ
641 1113 726 1152 τῶν
753 1110 849 1163 περὶ
876 1109 1044 1163 σελήνης
1079 1112 1345 1163 σχηματισμῶν
1371 1112 1463 1147 κατὰ
1491 1112 1538 1150 τά
1567 1107 1643 1165 ζῷ-

227 1180 301 1223 δια
327 1181 401 1232 τῆς
428 1175 614 1228 θεωρίας
641 1173 939 1229 λαμβάνοντες.

339 1246 404 1284 17.
461 1243 651 1287 Σελήνη
680 1238 969 1294 αἰγόκερῳ.
1027 1241 1061 1276 εἰ
1088 1239 1182 1276 κατὰ
1209 1239 1276 1285 τήν
1304 1242 1511 1285 διχομηνίαν
1534 1240 1559 1286 ἤ
1589 1249 1693 1282 σε-15

226 1311 326 1364 λήνη
354 1304 525 1362 ἀμυδρά
556 1307 697 1360 φανῇ,
737 1304 919 1359 εὐθηνία
946 1303 1074 1347 ἔσται.
1139 1307 1174 1342 εἰ
1197 1305 1237 1341 δὲ
1266 1305 1304 1341 ἐν
1329 1308 1372 1353 τῇ
1401 1306 1549 1355 δευτέρᾳ
1576 1322 1642 1352 φυ-

225 1379 315 1424 λακῇ
347 1373 492 1422 ὁμοίως
519 1369 690 1426 οἷμυδροέ
719 1372 939 1427 φαίνηται,
967 1369 1131 1423 ἔφοδον
1156 1372 1348 1416 πολεμίων
1374 1374 1547 1417 σημαίνει.
1611 1374 1647 1408 εἰ

226 1463 554 1480 ..............
566 1452 616 1487 ας
641 1437 880 1492 τεκμήριον.
938 1436 975 1478 εἰ
1004 1434 1050 1477 δὲ
1078 1459 1643 1476 ........................

225 1530 360 1544 ......
386 1503 556 1547 ἀπειλεῖ.
614 1503 651 1546 εἰ
689 1503 735 1547 δὲ
772 1501 933 1555 ἄστρον
960 1500 1185 1554 διαδράμῃ,
1232 1499 1410 1539 α’πώλειαν
1437 1501 1642 1549 ἀνθρώπων

226 1574 401 1618 σημαίνει.
469 1574 503 1608 εἰ
527 1571 566 1607 δὲ
596 1570 733 1623 ὁμίχλη
760 1567 945 1623 γένηται,
973 1565 1128 1621 χάλαζα
1156 1572 1326 1605 πεσεῖται.
1391 1570 1425 1606 εἰ
1449 1568 1488 1606 δὲ
1517 1566 1696 1614 ἄνεμοιΞο

225 1637 436 1687 βιαιοτέρως
461 1637 709 1686 πνεύσουσιν,
736 1632 924 1688 ἐφόδους
950 1633 1164 1688 πολεμίων
1191 1635 1399 1681 φράζουσιν·

339 1703 524 1748 Σελήνη
551 1698 799 1756 ὖδροχόῳ.
833 1704 868 1738 εἰ
889 1701 982 1737 κατὰ
1009 1700 1076 1747 τήν
1103 1701 1247 1746 πρώτην
1273 1696 1297 1746 ἢ
1326 1699 1494 1746 δευτέραν
1521 1704 1642 1746 φυλα-

226 1767 309 1822 κὴν
334 1765 362 1821 ἡ
394 1763 545 1819 σελήνη
575 1763 747 1819 α’μυδρὰ
775 1764 987 1818 φαίνοιτο,
1024 1763 1207 1818 πόλεμος
1235 1763 1370 1807 ἔσται·
1399 1765 1436 1806 εἰ
1462 1765 1507 1807 δὲ
1533 1762 1641 1806 κατοὲ

226 1832 301 1890 τὴν
328 1831 521 1886 ἑωθινήν,
561 1829 735 1885 εἰρήνην
771 1831 872 1885 μετὰ
908 1830 1108 1880 ἐλλείψεως
1135 1833 1223 1872 τῶν
1249 1829 1483 1878 ἐπιτηδείων
1509 1831 1643 1885 δηλοῖ.

316 1942 361 1977 12
383 1941 644 1984 συνειλιγμενας
661 1939 704 1973 C.
839 1939 883 1973 13
904 1938 1144 1982 υποθησωμεν
1162 1938 1205 1972 C.

226 2041 270 2076 ad
298 2040 434 2074 lunares
466 2048 667 2083 congressus
697 2048 935 2083 recessusque.
982 2037 1042 2072 alii
1070 2038 1286 2071 moderantur
1315 2037 1360 2071 ad
1386 2037 1644 2072 observationes

225 2090 337 2119 certas
360 2083 543 2118 naturales.
590 2083 753 2126 magistra
770 2089 881 2116 autem
902 2083 1106 2116 occultorum
1126 2087 1246 2115 natura
1267 2086 1330 2115 est.
1355 2093 1459 2127 quare
1482 2094 1548 2116 non
1568 2083 1643 2117 sine

225 2129 372 2164 amentia
394 2129 586 2171 improbant
606 2128 778 2169 rationes,
815 2128 936 2171 quibus
961 2127 1174 2171 perducimur
1198 2127 1241 2159 ad
1269 2126 1480 2160 coniicienda
1508 2128 1640 2160 futura:

225 2185 290 2208 nec
311 2173 469 2206 sidereae
489 2172 651 2205 scientiae
677 2171 824 2205 studium
842 2183 864 2205 a
880 2173 1010 2216 pietate
1029 2172 1174 2205 avertit:
1203 2172 1263 2204 sed
1284 2171 1340 2204 vel
1368 2171 1473 2214 magis
1495 2171 1576 2204 licet
1598 2183 1642 2206 ex

224 2217 310 2262 ipsis
332 2217 493 2261 operibus
519 2216 800 2259 sapientissimam
820 2217 1015 2261 perspicere
1039 2216 1288 2260 providentiam
1310 2216 1462 2260 parentis
1482 2215 1640 2250 ineffabi-

225 2263 267 2296 lis
288 2262 387 2295 huius
405 2261 638 2294 universitatis
652 2286 660 2302 ‚
693 2266 729 2294 et
748 2261 928 2304 admirari,
952 2262 1040 2305 quod
1063 2261 1152 2304 potis
1176 2265 1229 2293 est
1246 2272 1338 2294 mens
1359 2261 1501 2294 humana
1514 2286 1524 2303 ,
1555 2261 1640 2294 duce

225 2308 304 2349 deo,
327 2307 370 2340 de
390 2305 591 2339 caelestibus
611 2316 746 2348 quoque
769 2307 872 2339 rebus
895 2317 956 2350 pro
979 2305 1140 2339 facultate
1162 2305 1345 2339 disserere.
1391 2305 1474 2339 haec
1498 2304 1639 2339 Fulvius

225 2351 384 2387 Nobilior
401 2351 460 2393 ait,
484 2363 503 2383 e
525 2350 661 2393 scriptis
682 2350 812 2383 Numae
836 2356 1016 2384 mutuatus.
1064 2361 1146 2393 nos,
1168 2355 1247 2394 post
1269 2349 1446 2394 opiniones
1469 2361 1511 2382 ex
1533 2349 1639 2382 variis

227 2395 423 2431 auctoribus
442 2395 610 2437 collectas,
634 2394 715 2427 item
733 2406 819 2438 quae
840 2395 875 2427 in
893 2396 1032 2429 eandem
1052 2394 1254 2428 sententiam
1273 2405 1293 2427 a
1309 2394 1429 2438 priscis
1449 2393 1639 2426 hominibus

226 2441 356 2485 scripta
384 2445 464 2474 sunt
491 2439 724 2482 subiiciemus‚
760 2439 810 2472 ita
839 2444 877 2472 ut
908 2442 949 2474 ab
982 2440 1100 2474 habitu
1130 2439 1230 2472 lunae
1260 2439 1442 2473 secundum
1464 2438 1639 2472 duodecim

223 2486 323 2530 signa
345 2484 655 2518 commentationem
675 2483 923 2527 aggrediamur.

316 2531 372 2564 17.
417 2530 537 2562 Luna
557 2529 602 2562 in
629 2528 908 2573 capricorno.
955 2529 1034 2563 luna
1054 2528 1153 2573 pleno
1177 2528 1260 2561 orbe
1283 2527 1416 2571 quando
1436 2525 1563 2570 pallida
1583 2526 1640 2559 vi-

224 2575 346 2617 detur,
368 2573 574 2608 abundantia
596 2573 675 2607 erit.
720 2574 869 2607 secunda
894 2574 1012 2617 vigilia
1035 2574 1066 2607 si
1087 2574 1167 2606 item
1187 2572 1312 2616 pallida
1334 2571 1560 2616 conspicitur,
1584 2571 1639 2603 in-

225 2619 415 2653 cursionem
446 2618 590 2652 hostium
616 2618 799 2662 significat.
846 2618 904 2652 si.
924 2641 934 2652 .
950 2631 991 2652 ae
1021 2619 1164 2662 signum.
1209 2617 1262 2650 sin
1288 2628 1372 2650 vero
1400 2639 1412 2651 .
1439 2640 1450 2650 .
1479 2616 1636 2649 minatur.

222 2663 382 2698 traiectio
404 2663 520 2697 stellae
542 2663 714 2696 interitum
738 2662 906 2696 hominum
929 2663 1111 2706 significat.
1146 2661 1268 2695 nebula
1290 2661 1320 2694 si
1343 2661 1478 2704 existit,
1509 2660 1637 2704 grando

222 2709 334 2743 cadet.
381 2708 475 2741 venti
496 2707 527 2741 si
543 2708 675 2753 spirant
695 2707 888 2751 violentius,
913 2718 1083 2741 accessum
1102 2706 1246 2739 hostium
1263 2706 1427 2739 indicant.

311 2753 431 2786 Luna
465 2753 668 2797 aquario.
714 2753 745 2786 si
767 2752 877 2796 prima
899 2758 957 2787 aut
979 2752 1126 2786 secunda
1153 2750 1270 2794 vigilia
1291 2750 1370 2784 luna
1391 2749 1516 2795 pallida
1537 2748 1635 2782 vide-

221 2802 288 2840 tur,
314 2797 437 2833 bellum
454 2798 534 2833 erit.
578 2797 610 2832 si
626 2802 748 2843 quarta
765 2797 895 2843 vigilia,
919 2801 999 2843 post
1019 2797 1187 2831 defectum
1211 2807 1365 2830 annonae
1386 2805 1505 2840 pacem
1524 2792 1636 2828 decla-
