1748 3210
374 196 450 238 DE
488 190 936 236 MAGISTRATIBUS
970 190 1016 242 P,
1051 189 1104 232 R.
1142 188 1246 232 LIB.
1275 187 1358 231 ΠΙ.
1492 187 1593 233 237

139 311 249 355 ἔθνει
270 311 313 351 Γ
307 311 507 367 ερμανικῷ
526 306 605 350 ἀπὸ
626 310 700 362 τῆς
723 304 908 364 ἀρκτῴας
930 306 992 348 ἐπὶ
1010 304 1083 355 τὰς
1096 302 1300 353 Ἱσπανίας
1318 303 1387 345 διὰ
1410 305 1483 344 τοῦ
1499 304 1596 343 Πυ-

143 379 307 438 ρηναίου
337 376 582 432 ἐπισκήψαντι
611 380 662 432 τῇ
689 374 833 433 Λιβύῃ
842 408 855 427 ,
902 379 1099 429 πολεμεῖν.
1178 374 1341 429 μυρίαις
1375 365 1445 412 οὖν
1478 372 1596 412 ναυσὶ

132 453 335 504 μακραῖς,
367 447 416 497 ἃς
434 449 602 488 καλοῦσι
620 443 833 501 λιβύρνας,
865 442 1081 499 ἐπιστήσας
1099 441 1271 500 στρατὸν
1295 438 1379 482 οἷον
1399 438 1420 482 ὃ
1440 438 1597 494 μακρὸς

140 514 410 569 ἅπεθαύμασε
435 513 605 570 χρόνος,
646 515 702 563 εἷς
725 511 894 568 ἐσχάτην
913 513 1087 569 ἀπορίαν
1109 511 1337 569 περιέστησε
1358 509 1432 564 τὴν
1452 505 1597 564 ἀρχήν,

63 595 69 600 “
107 583 359 633 5ἆποτείνων
383 584 510 638 αὐτὴν
539 584 606 624 καὶ
636 580 874 635 βιαζόμενος
901 582 967 623 καὶ
997 579 1180 636 δαπάνην
1199 577 1498 635 τεσσαράκοντα
1516 593 1597 630 μυ-

142 651 276 711 ριάσιν
305 652 464 710 ἀνδρῶν
492 651 594 708 πρὸς
623 648 759 705 μάχην
793 647 1023 692 διαπόντιον
1051 651 1117 692 καὶ
1140 653 1214 705 γῆς
1237 647 1437 702 ἀλιμένοις
1456 645 1600 702 ὅρμοις

143 722 409 778 ὠχυρωμένης
440 720 666 776 δυσχωρίαν
693 720 760 761 καὶ
789 716 1012 776 βαρβάρων
1045 716 1145 775 ὖπέρ
1172 716 1291 773 λόγον
1322 712 1601 757 πλουτούντων

141 788 315 844 δύναμιν
343 789 490 846 ἀρκεῖν.
560 785 761 830 ἀνάλωται
793 787 871 844 γὰρ
899 789 988 844 περὶ
1016 787 1086 830 τὸν
1117 786 1394 838 κακοδαίμονα
1426 782 1601 836 πόλεμον

142 858 311 910 ἐκεῖνον,
344 858 592 900 Βασιλίσκου
615 860 695 898 τῶν
711 858 850 898 δεινῶν
872 853 1139 911 ἡγησαμένου,
1165 855 1337 910 χρυσίου
1359 853 1432 907 μὲν
1453 854 1601 908 λιτριῦν

88 925 338 984 1ομυριᾶδες
364 924 408 977 ’ἐξ
438 925 539 982 πρὸς
568 925 921 978 πεντακισχιλίαις,
970 922 1147 980 ἀργύρου
1180 923 1223 964 δὲ
1249 920 1431 975 χιλιάδες
1455 923 1600 976 λιτρῶν

144 994 393 1046 ἑπτακόσιαι,
423 996 559 1036 ἵππων
578 993 622 1035 δὲ
639 994 707 1034 καὶ
725 991 859 1034 ὅπλων
877 993 942 1033 καὶ
962 991 1122 1048 ἀνδρῶν
1142 994 1335 1033 τοσοῦτον
1358 989 1454 1032 ὅσον
1473 988 1523 1031 ἄν
1541 1005 1602 1038 τις

143 1068 201 1122 τῷ
218 1065 338 1106 παντὶ
349 1060 483 1119 χρόνῳ
502 1062 691 1104 ἐλλείπειν
709 1064 843 1110 καλῶς
863 1059 1113 1117 ἅφορίσεται.
1142 1056 1245 1113 (44)
1268 1060 1333 1100 καὶ
1351 1059 1454 1112 μετὰ
1475 1061 1604 1099 ταῦτα

142 1129 274 1174 πάντα
294 1129 482 1186 ναυάγιον
506 1134 578 1184 τῆς
597 1128 693 1183 ὅλης
711 1130 923 1178 πολιτείας.
993 1129 1039 1171 οὐ
1066 1129 1144 1185 γὰρ
1172 1128 1416 1182 ἅρκέσαντος
1436 1130 1509 1168 τοῦ
1531 1127 1604 1178 δη-

141 1200 287 1253 μοσίου
305 1197 518 1256 χρήματος
542 1200 609 1240 καὶ
635 1196 730 1239 ὅσον
758 1192 806 1251 ἦν
838 1197 942 1239 ἴδιον
971 1202 1020 1254 τῇ
1050 1198 1262 1255 βασιλείᾳ,
1296 1194 1430 1238 πάντα
1451 1195 1500 1236 τὰ
1524 1198 1604 1235 τῶν

87 1277 133 1314 15
144 1271 342 1325 στρατιῶν
359 1265 611 1322 πληρώματα
631 1271 720 1315 ταῖς
740 1265 946 1319 ἀστοχιάις
966 1265 1190 1308 ἒναπώλετο
1209 1267 1283 1307 τοῦ
1301 1264 1493 1317 πολέμου.
1537 1263 1605 1304 καὶ

139 1338 210 1379 ἵνα
230 1336 288 1390 μὴ
306 1339 572 1392 μακρηγορῶ,
612 1334 654 1384 ἐξ
673 1334 821 1376 ἐκείνου
843 1339 915 1376 τοῦ
936 1332 1236 1388 συμπτώματος
1264 1332 1393 1374 οὐκέτι
1415 1332 1461 1374 τὸ
1483 1348 1605 1384 ταμι-

145 1411 225 1447 εῖον
241 1402 453 1461 ἐπήρκεσεν
474 1401 625 1461 ἑαυτῷ,
661 1401 765 1444 ἀλλὰ
786 1404 1056 1462 προσδαπανᾷ
1077 1409 1162 1453 τοῖς
1181 1400 1390 1459 πράγμασι
1414 1401 1492 1457 πρὸ
1514 1417 1605 1441 και-

144 1477 219 1530 ροῦ
239 1473 291 1515 τὰ
309 1471 434 1527 μήπω
457 1473 497 1514 ἓν
523 1473 651 1514 ἐλπίδι
673 1476 771 1526 γοῦν
795 1478 878 1521 τοῖς
900 1470 1129 1514 ὑποτελέσιν
1150 1470 1246 1513 ὄντα
1257 1502 1270 1522 ,
1310 1469 1365 1519 ὡς
1383 1469 1607 1526 ἀπέραντον

145 1539 243 1584 εἶναι
264 1541 337 1595 τὴν
359 1540 530 1597 ἀπορίαν
546 1544 619 1582 τοῦ
635 1541 845 1594 δημοσίου.
913 1541 1102 1582 ἐπιλείποι
1130 1540 1170 1581 δ’
1200 1539 1249 1581 ἂν
1276 1537 1386 1594 ἡμᾶς
1407 1536 1427 1580 ὃ
1444 1535 1606 1594 χρόνος,

87 1613 134 1650 20
147 1611 182 1652 εἴ
199 1609 274 1660 τὰς
293 1607 371 1652 ὖπό
387 1610 541 1651 Λέοντι
560 1606 760 1662 πεσούσης
779 1613 851 1662 τῆς
871 1611 1072 1658 πολιτείας
1094 1605 1485 1664 ἀπαριθμησώμεθα
1501 1623 1607 1658 (51:51-

143 1676 297 1736 φοράς,
326 1681 406 1720 τῶν
427 1676 515 1720 τότε
538 1677 640 1719 οἴκοι
660 1680 817 1728 κακῶν,
851 1681 932 1719 τῶν
956 1677 997 1718 ἓν
1021 1678 1131 1735 μέσῳ
1155 1679 1250 1733 πυρὶ
1276 1675 1607 1729 δαπανηθέντων,

143 1747 356 1800 συνέμιξαν
377 1749 456 1788 τῶν
479 1743 567 1788 τότε
589 1746 774 1799 πολέμων
800 1744 846 1788 τὸ
875 1747 1067 1800 δυστυχὲς
1087 1747 1153 1787 καὶ
1175 1744 1308 1787 ἄλλων
1328 1746 1484 1801 μυρίων
1507 1742 1605 1787 ἄτυ-

234 1831 254 1867 1
279 1831 502 1876 γερμανικιός
522 1831 566 1866 C.
702 1834 800 1876 patet
828 1829 960 1875 aliquid
991 1830 1177 1865 excidisse.
1225 1830 1271 1863 F.
1411 1829 1432 1863 5
1456 1827 1539 1872 καὶ]
1563 1840 1607 1862 an

234 1876 317 1916 slc2
463 1878 486 1912 7
504 1874 751 1920 ω’χυρωμένην
769 1877 813 1911 C.
964 1878 1009 1911 10
1031 1874 1548 1920 μυριάδων-πεντακισχιλίας
1563 1893 1608 1898 -

256 1924 351 1963 ιλιας
373 1922 417 1957 C.
513 1925 556 1958 12
573 1921 652 1966 lego
671 1919 842 1956 ἐκλιπεῖν.
868 1923 913 1956 F.
1005 1918 1238 1966 ἄφορήσεται
1254 1922 1298 1955 C.
1394 1923 1436 1956 18
1452 1918 1543 1965 η’γον
1563 1921 1607 1963 C,

260 1979 350 2012 γουν
371 1969 418 2002 F.
603 1969 648 2002 21
671 1967 1151 2012 τῶν-κακῶν-συνὲμιξαν.
1196 1967 1400 2012 legendum,
1433 1967 1470 2001 ni
1493 1966 1629 2010 fallor,-

233 2016 337 2054 τοῖς.-
347 2015 474 2054 κακοῖς
481 2032 496 2038 -
506 2012 698 2057 συμμίξαν.
746 2013 793 2048 F.

143 2080 332 2125 Vandalis,
365 2081 499 2116 nationi
522 2080 773 2126 Germanicae,
806 2091 896 2125 quae
927 2092 948 2115 a
973 2081 1223 2126 septentrione
1256 2080 1294 2115 in
1320 2080 1510 2126 Hispanias
1544 2093 1610 2127 per

144 2127 342 2171 Pyreneum
364 2133 514 2162 montem
536 2132 756 2170 transgressa
782 2126 932 2170 Libyam
954 2127 1152 2171 invaserat,
1182 2126 1308 2162 bellum
1330 2129 1463 2162 inferre
1484 2129 1609 2161 decre-

146 2174 211 2208 vit.
256 2173 376 2218 itaque
398 2185 474 2207 cum
497 2173 617 2207 decem
650 2172 743 2207 milia
773 2174 911 2207 navium
945 2172 1142 2217 longarum,
1176 2185 1261 2218 quas
1290 2174 1445 2208 liburnas
1467 2180 1607 2216 vocant,

147 2219 315 2262 exercitu,
339 2219 472 2264 qualem
491 2218 584 2252 nulla
606 2224 702 2252 aetas
726 2219 849 2252 mirata
872 2225 946 2261 est,
971 2219 1170 2264 implesset,
1195 2220 1432 2264 magistratum
1455 2221 1497 2253 ad
1517 2219 1607 2253 inci-

145 2269 200 2298 tas
223 2264 382 2308 redegit,
411 2264 580 2298 intentum
598 2269 821 2310 coactumque
844 2265 1108 2309 quadringentis
1133 2266 1304 2300 hominum
1327 2266 1483 2310 milibus,
1509 2272 1607 2300 trans

145 2321 240 2344 mare
264 2316 385 2344 contra
405 2316 521 2344 terrae
539 2309 763 2356 importuosis
781 2311 923 2344 sinubus
943 2312 1108 2345 defensae
1126 2312 1365 2346 difficultatem
1385 2318 1422 2345 et
1439 2313 1610 2345 barbaro-

144 2367 220 2390 rum
235 2355 357 2390 mirum
369 2362 532 2400 quantum
548 2355 786 2400 opulentorum
802 2357 990 2402 potentiam
1006 2357 1232 2402 dimicaturis,
1248 2363 1419 2403 sumptum
1431 2358 1609 2391 sufficere.

145 2402 320 2446 insumpta
344 2401 474 2448 quippe
496 2401 595 2436 fatali
615 2401 666 2435 illi
686 2402 797 2447 bello,
818 2403 987 2437 Basilisco
1011 2403 1176 2438 malorum
1194 2406 1301 2447 duce,
1327 2403 1403 2438 auri
1426 2403 1611 2447 sexaginta

146 2447 311 2493 quinque,
327 2448 463 2493 argenti
479 2453 592 2482 autem
607 2448 829 2493 septingenta
843 2449 1007 2483 librarum
1023 2450 1128 2494 milia,
1142 2461 1307 2495 equorum
1322 2461 1408 2484 vero
1420 2460 1610 2483 armorum*

147 2504 215 2538 que
239 2499 276 2527 et
296 2494 467 2528 hominum
490 2499 607 2529 tantus
630 2506 790 2529 numerus
814 2501 976 2540 quantum
1000 2496 1093 2530 omni
1113 2508 1200 2530 aevo
1228 2495 1406 2530 interiisse
1430 2495 1508 2539 quis
1531 2495 1609 2528 iure

148 2539 342 2583 negaverit.
389 2542 466 2585 (44)
492 2546 528 2575 et
547 2546 626 2586 post
647 2541 733 2575 haec
750 2541 865 2576 omnia
883 2541 1100 2586 naufragium
1121 2543 1228 2576 totius
1247 2541 1300 2575 rei
1323 2541 1496 2587 publicae.
1530 2553 1609 2575 nam

147 2595 224 2619 cum
241 2596 310 2619 non
327 2587 506 2621 sufficeret
523 2587 672 2632 pecunia
687 2587 838 2632 publica,
861 2594 1096 2634 quantumque
1117 2589 1276 2634 privatae
1295 2594 1371 2622 erat
1392 2587 1609 2633 imperatori,

149 2631 264 2664 omnia
285 2632 498 2667 exercituum
518 2633 766 2678 complementa
789 2633 872 2668 belli
893 2633 1047 2668 cladibus
1071 2647 1138 2669 una
1162 2635 1353 2680 perierunt.
1402 2646 1442 2668 ac
1463 2646 1507 2667 ne
1531 2633 1609 2667 lon-

147 2687 212 2721 gus
235 2677 318 2720 sim,
353 2689 398 2712 ex
419 2677 478 2712 illo
501 2690 583 2713 casu
606 2679 777 2714 aerarium
802 2680 893 2714 haud
912 2680 1056 2725 amplius
1081 2682 1238 2725 suffecit,
1274 2682 1337 2715 sed
1356 2686 1437 2714 ante
1459 2686 1608 2725 tempus,

148 2734 238 2768 quae
261 2724 410 2758 nondum
432 2724 470 2758 in
491 2736 567 2770 spe,
589 2726 627 2760 id
649 2731 703 2760 est
723 2725 945 2760 collatoribus
964 2733 1056 2770 sunt,
1080 2728 1117 2761 in
1135 2739 1208 2762 rem
1231 2727 1404 2772 publicam
1426 2726 1609 2772 impendit,

147 2774 188 2803 ut
205 2768 343 2803 infinita
358 2769 406 2804 sit
423 2771 551 2805 aerarii
568 2772 740 2817 angustia.
766 2778 900 2817 tempus
923 2777 1049 2818 autem,
1073 2774 1210 2820 opinor,
1233 2785 1295 2808 nos
1316 2773 1469 2815 deficiat,
1490 2773 1608 2818 lapsae

147 2815 213 2849 sub
237 2815 357 2849 Leone
379 2816 433 2850 rei
455 2816 615 2861 publicae
637 2817 754 2854 clades
770 2819 806 2853 si
826 2830 1037 2862 enarremus,
1061 2820 1260 2856 domesticis
1277 2826 1349 2854 tum
1367 2819 1477 2863 malis,
1495 2819 1609 2853 media

148 2861 246 2895 urbis
277 2867 378 2907 parte
400 2862 481 2908 igne
504 2870 724 2910 consumpta,
757 2864 897 2901 mixtam
925 2865 1093 2902 bellorum
1122 2867 1362 2903 infelicitatem
1393 2866 1608 2911 aliorumque
