1748 3210
507 155 568 198 IN
602 155 818 199 LIBRUM
850 156 926 198 DE
959 155 1247 201 OSTENTIS.
1344 192 1346 194 .
1498 158 1595 204 389

143 262 214 301 sed
243 263 432 302 feminino
464 278 608 316 genere
635 267 765 304 visum
783 273 842 304 est
862 267 1031 305 scribere
1053 268 1303 321 διοσημειων.
1362 268 1596 320 διοσημείας

141 327 202 358 est
227 320 332 371 apud
351 312 569 359 Eusebium
594 325 818 374 Praeparat.
842 336 981 374 evang.
1002 327 1084 366 207
1106 325 1149 362 C.
1207 324 1284 361 alia
1306 323 1456 372 forma,
1486 326 1596 362 lexi-

143 377 198 413 cis
230 380 374 415 nostris
406 379 607 430 incognita
634 381 812 433 itemque
845 380 1062 430 feminina,
1092 380 1357 434 διοσημασία,
1385 379 1594 419 adhibetur

139 433 243 471 infra
261 447 300 484 Ρ.
319 433 403 474 343
434 436 499 475 13

250 503 292 540 Ρ.
313 493 394 532 273
415 504 453 528 v·
477 495 514 532 1.
689 492 798 534 τουτὶ
822 489 1031 544 πράττειν]
1061 493 1139 531 nisi
1152 491 1292 550 dicas,
1322 507 1393 533 του
1418 505 1503 531 esse
1522 505 1595 544 ge—

138 546 308 583 nitivum
337 548 444 584 vocis
473 547 767 599 praecedentis,
807 548 992 588 adiuncto
1022 565 1082 598 τι,
1111 551 1345 601 pronomine
1372 548 1595 586 indefinito.

138 603 256 639 retuli
273 602 323 640 ad
342 616 386 640 ea
407 616 508 655 quae
536 612 628 642 sunt
658 619 698 656 Ρ.
717 607 800 647 338
833 609 882 647 17
915 621 958 646 το
978 603 1199 660 ἒπαγγελμα
1218 605 1327 646 τουτὶ
1347 603 1595 657 προύθηκεν.

138 657 326 697 videntur
343 667 474 697 autem
494 660 630 700 deesse
646 660 712 699 hic
730 675 855 713 pauca
874 663 923 699 ab
943 664 1058 700 initio
1080 664 1223 714 operis,
1251 663 1362 701 velut
1380 669 1458 700 tres
1478 668 1595 714 quat-

138 721 274 753 tuorve
298 729 447 755 versus.

249 786 289 823 P·
317 771 400 813 274
432 786 470 811 v.
498 775 549 814 11
578 774 675 812 ima.
729 775 982 826 superemus}
1019 775 1108 823 vel,
1139 775 1174 812 si
1200 775 1352 823 mavis,
1382 774 1597 825 superarit,
1652 784 1654 786 ’

136 840 280 879 nempe
300 830 484 880 cognitio*

246 883 300 922 ib.
338 898 377 922 v.
413 888 483 926 21.
540 884 608 925 καὶ
638 882 896 936 Ἀσκλατίων]
942 887 999 924 sic
1026 885 1174 924 codex:
1217 884 1290 924 sed
1322 884 1414 925 vide
1442 886 1597 924 Harles-

134 940 239 977 Bibl.
263 954 391 991 graec.
413 942 440 982 4
473 942 551 981 163
570 943 616 978 Β.

247 996 300 1034 ib.
335 994 515 1046 Δαψόςό
527 998 702 1048 Θηβαῖος
714 994 747 1048 *]
767 997 899 1034 locum
910 997 1076 1035 lacunae
1089 999 1212 1048 signis
1227 998 1467 1046 notavimus,
1488 995 1597 1049 quod

133 1051 291 1090 videtur
314 1052 451 1091 deesse
474 1066 620 1090 nomen
639 1055 844 1104 proprium
865 1055 1041 1106 quinque
1071 1061 1138 1091 aut
1166 1068 1240 1092 sex
1268 1056 1484 1091 literarum.
1544 1053 1594 1090 de

132 1110 267 1157 Polle,
297 1111 367 1161 qui
387 1108 572 1160 deinceps
589 1111 787 1162 sequitur,
819 1111 982 1162 eiusque
1002 1112 1178 1162 scriptis,
1211 1112 1293 1162 agit
1309 1109 1487 1148 Eudocia
1506 1111 1594 1148 Vil-

131 1165 291 1204 loisouii
309 1165 390 1207 364
407 1168 454 1203 B.

243 1235 283 1273 p.
307 1221 388 1262 275
412 1236 450 1259 v.
470 1221 510 1263 5.
569 1223 681 1272 σαφῆ
704 1250 824 1259 .......
839 1221 855 1273 ]
898 1221 1041 1259 desunt
1074 1229 1259 1274 quattuor
1289 1223 1441 1260 circiter
1474 1234 1596 1260 voca-

131 1278 250 1326 bula,
282 1290 383 1329 quae
417 1279 602 1330 supplere
630 1291 711 1315 non
741 1277 882 1315 audeo.
939 1280 1219 1330 interpretatus
1248 1292 1337 1317 sum
1360 1277 1524 1331 perinde
1548 1291 1595 1316 ac

131 1335 168 1372 si
193 1334 431 1383 excidisset,
461 1332 695 1386 χρησόμεθα
718 1332 762 1375 δὲ
784 1333 852 1374 καὶ
875 1338 971 1383 τοῖς.

244 1390 298 1428 ib.
329 1394 461 1433 v.1o.
506 1387 627 1459 παρὰ
657 1388 700 1430 τὸ
727 1391 926 1443 κρατοῦν]
967 1392 1068 1429 verti
1083 1421 1093 1439 ‚
1137 1393 1250 1429 iuxta
1278 1402 1456 1429 morem:
1500 1389 1593 1428 vide

132 1459 172 1497 Ρ.
185 1449 266 1487 276
298 1448 323 1486 6
346 1445 454 1497 παροῖ
474 1444 542 1487 τὸν
563 1444 782 1498 ἱερατικὸν
793 1444 966 1499 .νο’μον.
985 1455 1023 1485 et
1047 1449 1127 1490 117
1153 1452 1193 1489 2.
1232 1456 1366 1485 tamen
1384 1446 1491 1499 apud
1510 1449 1594 1499 Ly-

132 1501 230 1540 dum
249 1502 298 1540 de
315 1505 492 1554 magistr·
503 1517 543 1554 p-
555 1503 635 1544 256
665 1506 690 1544 8
712 1501 819 1557 παροῖ
837 1519 911 1555 την
930 1502 1120 1556 βασιλέως
1142 1501 1348 1556 εὐμένειαν
1361 1512 1432 1553 est,
1456 1511 1594 1541 corma

130 1561 380 1610 imperatoris
385 1534 749 1607 t>benevolentiam,
786 1567 829 1597 ut
857 1567 960 1597 recte
988 1559 1160 1598 reddidit
1189 1563 1250 1598 vir
1280 1562 1330 1598 cl.
1358 1561 1593 1598 Dominicus

130 1616 253 1664 Fuss,
282 1617 442 1666 linguae
471 1617 676 1667 utriusque
703 1618 987 1667 peritissimus:
1018 1624 1056 1654 et
1074 1618 1176 1655 infra
1195 1631 1236 1669 Ρ.
1256 1620 1338 1659 333
1366 1619 1392 1658 8
1421 1614 1530 1669 παροέ
1551 1613 1595 1656 τό

130 1674 305 1725 κρατοῦν
325 1671 482 1710 videtur
503 1686 587 1710 esse
604 1679 765 1722 praeter
785 1674 1010 1724 imperium.

245 1727 299 1765 ib.
332 1742 368 1766 v.
401 1732 466 1771 11.
529 1726 690 1781 Τάρχων
719 1726 888 1785 (venitm
937 1728 1067 1767 codex
1096 1739 1264 1781 ταυτησ,
1309 1726 1380 1766 sed
1414 1734 1593 1765 extrema

131 1785 246 1822 litera
261 1798 383 1822 manu
398 1787 527 1836 prima
544 1792 755 1836 expuncta.

242 1854 282 1892 Ρ.
305 1843 386 1882 276
407 1856 446 1879 v.
467 1845 534 1883 22.
591 1840 820 1892 Βικελλίου]
849 1842 891 1878 in
923 1840 1010 1878 cod.
1041 1847 1100 1878 est
1126 1841 1344 1893 βεκελλιου.
1400 1838 1472 1878 sed
1499 1837 1590 1877 vide

131 1898 234 1934 infra
255 1896 306 1934 ad
323 1902 369 1948 p.v
379 1898 463 1939 350
495 1898 560 1938 18.

244 1952 299 1989 ib.
331 1967 370 1991 v.
398 1956 466 1994 23.
523 1956 647 1993 ταῦτα
674 1951 771 2004 πρὸς
801 1951 910 2004 ’ὑμᾶς
935 1952 1147 2003 διελθεῖν.]
1176 1950 1283 1989 unde
1313 1957 1422 2003 patet
1447 1952 1591 1989 inscri-
1648 1994 1652 1998 .

130 2010 256 2060 psisse
279 2010 398 2047 alicui·
413 2007 571 2060 Lydum
590 2009 696 2046 hunc
715 2010 909 2046 libellum.
941 2010 1017 2051 cui,
1036 2022 1117 2046 non
1133 2007 1261 2046 habeo
1281 2008 1432 2045 dicere:
1459 2015 1588 2059 putes,

132 2066 182 2103 ob
200 2078 411 2102 numerum
428 2066 637 2115 pluralem,
656 2066 742 2116 pari
760 2066 926 2101 fratrum
946 2071 1013 2101 aut
1033 2066 1258 2115 coniugum.
1300 2078 1470 2116 quorum
1489 2065 1589 2101 alter

131 2122 297 2160 fortasse
319 2123 396 2159 fuit
415 2122 576 2158 Gabriel
596 2122 817 2173 praefectus
839 2121 930 2168 ille,
962 2120 1010 2157 de
1034 2134 1112 2172 quo
1132 2121 1275 2158 Suidas
1297 2125 1324 2162 2
1355 2122 1432 2162 131
1453 2122 1503 2157 D.

243 2191 284 2229 Ρ.
302 2181 385 2220 277
401 2191 440 2215 v.
462 2180 498 2217 1.
556 2173 602 2218 δ’.
632 2174 799 2228 Σπουδή
816 2175 859 2216 δὲ
872 2175 995 2228 ἡμῖν]
1024 2178 1255 2214 lacunarum
1275 2190 1365 2214 cum
1384 2176 1501 2214 huius
1520 2189 1589 2213 ca-

130 2234 226 2284 pitis
245 2241 331 2271 tum
349 2235 600 2286 sequentium
622 2235 767 2284 partim
786 2234 1007 2271 coniectura
1027 2235 1232 2285 supplevi,
1262 2236 1406 2284 partim
1427 2247 1479 2270 ex
1499 2234 1587 2269 Pli-

130 2292 221 2338 nio,
260 2291 450 2342 Apuleio,
489 2291 654 2328 Seneca.
712 2289 1004 2342 eorundemque
1042 2291 1187 2340 verba,
1228 2288 1361 2342 quoad
1389 2290 1473 2327 eius
1501 2289 1587 2325 fieri

129 2348 282 2398 potuit,
311 2345 501 2396 vertendo
524 2347 716 2398 expressi.

243 2402 298 2440 ib.
331 2402 468 2443 v.15.
526 2399 834 2454 αντιδίσκωσιν]
873 2401 989 2439 ditari
1020 2408 1186 2454 possunt
1213 2399 1290 2438 hac
1316 2414 1412 2438 voce
1439 2401 1586 2449 lexica,

130 2460 307 2511 itemque
341 2459 534 2497 adiectivo
571 2459 702 2497 eidem
730 2460 1012 2525 praepositioni
1038 2461 1190 2505 iuncto,
1230 2454 1502 2505 ἅντιθετικός,
1534 2469 1589 2494 ex:

132 2515 256 2553 Suida
275 2517 299 2556 1
329 2518 410 2557 219
428 2518 460 2553 Β
483 2529 580 2553 voce
596 2510 942 2569 Ἀντεγκλήμασιν.·
970 2515 1039 2551 ubi
1056 2516 1154 2564 legit
1174 2515 1376 2562 Kusterus‚
1399 2513 1466 2552 καὶ
1489 2528 1588 2552 αυτ-

133 2567 410 2623 εγκλημοῖτων,
436 2588 520 2612 των
547 2569 774 2612 οἷνθετικων
804 2571 906 2622 [sic]
936 2583 1134 2618 στασεων,
1177 2569 1298 2622 idque
1322 2571 1461 2618 vertit,
1508 2572 1588 2606 cri-

133 2628 286 2664 minum
307 2641 408 2678 quae
427 2629 628 2680 litigantes·
648 2628 758 2666 sibi
742 2642 784 2664 ιη
803 2628 948 2664 iudicio
969 2629 1029 2663 ins
1030 2628 1134 2663 icem
1156 2625 1365 2671 obiiciunt,
1394 2639 1474 2663 non
1498 2639 1589 2664 me-

133 2696 222 2720 mor
245 2681 403 2733 στασεις
427 2681 679 2732 ἅντιθετικάς
706 2697 791 2722 esse
815 2682 923 2736 quod
949 2682 1124 2720 rhetotes
1147 2683 1280 2719 Latini
1298 2689 1439 2720 vocent
1461 2690 1593 2722 statas

134 2739 344 2790 qualitatis
363 2743 616 2788 assumtam,
647 2748 925 2792 opponantque
955 2740 1078 2777 statui
1101 2737 1280 2775 absoluto
1309 2734 1591 2792 (αντιλὴψει).

134 2797 210 2834 isto
235 2810 378 2848 nempe
394 2811 482 2838 ,rem
501 2799 574 2836 tibi
595 2799 790 2836 obiectam
809 2798 954 2836 iustam
973 2808 1222 2849 aequamque
1247 2794 1454 2834 contendis
1478 2810 1592 2838 esse:
