1748 3210
211 174 238 217 3
249 174 307 219 16
726 178 947 221 IOANNIS
971 180 1104 222 LYDI

689 303 1144 341 ΟΚΤΩΒΡΙΟΣ.

259 374 336 420 31.
363 373 414 416 α’.
446 379 496 417 Εἴ
510 371 721 430 βροντήσῃ,
750 377 870 418 κακὸν
886 375 1075 433 τύραννον
1092 386 1172 429 τοῖς
1189 379 1408 437 πράγμασιν
1425 386 1583 427 ἀπειλεῖ.

364 441 417 494 β’.
452 444 486 483 εἴ
501 437 720 500 βροντήσῃ,
755 443 919 498 εὖθηνιά
943 445 1015 498 μέν
1047 445 1175 498 ἔσται,
1206 449 1344 504 φθορὰ
1363 449 1504 494 δὲ’τῶν
1521 469 1618 508 χερ-

204 509 326 551 σαίων
346 511 469 560 μυῶν.
1257 510 1260 515 ’

362 573 411 628 γ’.
446 578 479 616 εἲ
503 573 724 632 βροντήσῃ,
757 576 931 626 θυέλλας
959 579 1024 620 καὶ
1055 578 1230 634 ταραχὰς
1256 581 1388 634 δηλοῖ,
1416 582 1471 622 δι’
1493 577 1546 624 ὧν
1565 584 1648 626 τάὄ

201 642 272 694 μὲν
304 638 445 697 δένδρα
472 639 748 698 φθαρήσεται·
789 635 970 699 μεγάλων
999 646 1042 687 δὲ
1074 648 1198 697 ζαλῶν
1229 645 1338 689 ἕσται
1365 653 1447 698 τοῖς
1477 657 1617 700 κοινοῖς

199 706 374 762 μήνυμα.
1565 706 1569 710 ⁴

360 773 408 815 δ’.
444 773 476 815 εἲ
507 772 706 829 βροντήσῃ
719 807 731 824 ,
765 776 802 816 οἱ
822 774 1005 826 ἐλάττους
1025 781 1103 820 τῶν
1123 777 1351 836 κρειττόνων
1371 780 1616 834 καθ-ἕξουσιν,

199 839 363 895 ὑγιεινὸν
383 841 425 881 δὲ
446 839 553 881 ἔσται
573 840 616 881 τὸ
636 846 706 882 τοῦ
725 841 839 896 ἀέρος
859 843 1106 898 κατάστημα.

360 905 403 948 ε’.
437 909 471 948 εἶ
488 905 700 963 βροντήσῃ,
726 906 882 951 πάντων
902 908 1094 961 ἐπιδόσεις
1113 915 1191 954 τῶν
1210 912 1442 968 ἇναγκαίων,
1475 915 1616 971 ἕξῃρη-
1627 921 1670 955 10

196 974 315 1026 μένου
339 970 461 1016 σίτου.
581 975 583 977 ’

356 1039 403 1090 ς’.
439 1042 473 1082 εἶ
488 1038 699 1097 βροντήσῃ,
723 1039 748 1095 ἦ
767 1041 861 1096 ὄψις
879 1044 951 1096 μὲν
973 1043 1170 1098 εὐθηνίας,
1200 1045 1350 1100 ἀμητός
1369 1047 1411 1088 δὲ
1430 1044 1615 1099 ἐλάττων,

195 1108 259 1147 καὶ
282 1107 325 1148 τὸ
349 1106 605 1163 φθινόπωρον
630 1108 740 1162 ἔγγὺς
763 1107 952 1164 ἄκαρπον.

352 1172 397 1224 ζ’.
433 1177 465 1214 εἷ
492 1172 713 1233 βροντήσῃ,
742 1174 887 1229 ὄσπρια
915 1177 986 1228 μὲν
1016 1175 1202 1231 ἄφθονα,
1237 1175 1340 1227 οἶνος
1368 1179 1411 1220 δὲ
1443 1175 1613 1221 ἐλάττων

191 1238 314 1280 ἔσται.
1120 1255 1127 1259 “
1625 1254 1666 1288 15

323 1304 375 1359 η’.
410 1307 443 1347 εἲ
459 1303 658 1362 βροντήσῃ
667 1337 680 1356 ,
715 1306 876 1359 σεισμὸν
897 1305 997 1359 μετὰ
1015 1303 1246 1360 μυκήματος
1263 1309 1562 1364 προσδοκητέον.

323 1372 380 1413 θ’.
428 1375 461 1414 εἴ
479 1371 678 1428 βροντήσῃ
687 1405 700 1423 ,
729 1373 896 1430 ὄλεθρον
914 1374 1072 1429 θηρίοις
1091 1374 1249 1415 ἀπειλεῖ.

324 1437 362 1480 ι’.
397 1443 431 1480 εἰ
448 1438 647 1495 βροντήσῃ
658 1471 671 1490 ,
705 1440 849 1495 ἀνδρὸς
870 1441 1147 1493 ἐπαινουμένου
1163 1445 1310 1483 πτῶσιν
1328 1443 1454 1494 δηλοῖ.

322 1504 387 1546 ια’.
423 1509 456 1547 εἰ
483 1506 681 1562 βροντήσῃ
695 1538 708 1558 ,
759 1507 1044 1560 ἄλληλανεμίαν
1086 1509 1267 1564 ἔπιοφελῆ
1302 1515 1389 1557 ταῖς
1425 1506 1612 1561 βοτάναις

189 1574 312 1624 δηλοῖ.
1619 1590 1665 1624 20

320 1636 386 1690 ιβ’.
420 1640 454 1679 εἴ
475 1637 698 1695 βροντήσῃ,
734 1640 899 1694 εὖθηνιά
921 1641 994 1694 μὲν
1016 1638 1145 1691 ἔσται,
1175 1641 1339 1693 σκηπτοὶ
1359 1641 1403 1681 δὲ
1421 1638 1610 1694 ἐκθλιβῆ-

188 1720 335 1745 σονται.

321 1769 382 1825 ιγ’.
418 1773 452 1812 εἴ
482 1769 703 1827 βροντήσῃ,
743 1771 846 1812 καλὰ
886 1771 936 1813 τὰ
977 1770 1306 1826 συναλλάγματα,
1349 1775 1414 1814 καὶ
1445 1772 1609 1826 εὖθηνιά

187 1838 285 1894 πρὸς
306 1838 460 1886 αὐτοῖς·
490 1837 511 1879 ὅ
533 1840 575 1880 δὲ
595 1840 655 1879 ἐπὶ
672 1842 721 1894 τῇ
737 1839 910 1897 πολιτεία
929 1839 1058 1894 βαρὺς
1075 1839 1144 1879 οὐκ
1165 1841 1226 1880 ἐπὶ
1244 1839 1360 1880 πλέον
1379 1837 1541 1892 ἰσχύσει.

272 1943 295 1976 4
315 1942 418 1984 μυῶν
446 1942 502 1984 H,
535 1944 652 1985 μυιῶν
681 1943 731 1989 C,
768 1955 821 1978 om
852 1944 958 1987 Rutg.
1005 1943 1085 1976 vide
1118 1955 1154 1987 p.
1181 1945 1248 1979 308
1279 1944 1334 1978 12.
1467 1945 1489 1978 8
1511 1945 1608 1988 τῶν]

273 1985 319 2020 τὰ
339 1988 412 2020 τῶν
434 1987 528 2021 malit
550 1988 598 2021 H.
821 1990 864 2023 10
885 1984 1045 2027 ἐπίδοσις
1070 1989 1176 2032 Rutg.
1395 1989 1439 2024 21
1466 1986 1506 2023 δὲ
1527 1999 1606 2023 σκο-

269 2031 343 2065 λιαὶ
362 2030 539 2076 βήσουται
560 2033 602 2065 C.

708 2120 1081 2155 OCTOBER.

271 2187 330 2221 31.
377 2187 408 2220 1.
440 2185 479 2219 Si
502 2189 616 2228 tonat,
646 2191 771 2227 tetrum
791 2190 971 2230 tyrannum
998 2198 1068 2222 rem
1090 2187 1258 2232 publicam
1281 2192 1519 2233 occupaturum
1540 2189 1604 2224 mi-

183 2231 323 2265 nitatur.
414 2232 448 2264 2.
483 2230 515 2264 si
543 2231 714 2274 tonuerit,
748 2232 954 2266 abundantia
984 2233 1050 2267 erit
1080 2238 1115 2266 et
1143 2232 1303 2268 interitus
1330 2234 1471 2268 murium
1493 2239 1605 2268 terre-

181 2277 314 2310 strium.
405 2276 439 2310 3.
468 2275 498 2309 si
526 2280 640 2318 tonat,
675 2277 840 2320 procellas
863 2278 1086 2322 turbinesque
1112 2278 1281 2321 declarat,
1318 2278 1440 2323 quibus
1463 2280 1604 2312 arbores

180 2325 400 2361 evertentur-3
434 2320 538 2364 idque
572 2321 638 2354 erit
667 2333 860 2364 magnarum
890 2327 1127 2366 tempestatum
1158 2322 1210 2356 rei
1239 2323 1396 2367 publicae
1429 2323 1603 2358 indicium.

178 2367 213 2400 4.
239 2366 270 2400 si
287 2365 458 2407 tonuerit,
481 2365 662 2398 inferiores
687 2365 723 2398 in
746 2367 939 2409 superiores
963 2367 1240 2410 dominabuntur,
1265 2373 1300 2401 et
1321 2367 1410 2402 aeris
1431 2372 1602 2412 tempera-

180 2411 229 2444 tio
248 2410 316 2444 erit
332 2410 513 2444 salubrior.
602 2410 635 2443 5.
660 2410 690 2443 si
708 2411 877 2454 tonuerit,
901 2412 968 2447 erit
987 2412 1227 2446 incrementum
1250 2411 1393 2446 omnium
1415 2423 1501 2456 quae
1523 2416 1604 2447 sunt

179 2457 221 2489 ad
241 2456 366 2489 victum
385 2455 596 2498 necessaria,
620 2460 763 2499 excepto
781 2457 965 2491 frumento.
1057 2458 1090 2491 6.
1109 2457 1140 2490 si
1158 2457 1320 2499 tonuerit,
1341 2457 1475 2501 species
1494 2458 1600 2490 abun—

179 2500 317 2534 dantiae
346 2501 500 2543 futurae,
535 2502 596 2534 sed
624 2500 743 2533 messis
774 2500 840 2534 erit
862 2502 970 2535 minus
991 2501 1080 2535 laeta
1103 2507 1138 2534 et
1163 2507 1338 2535 autumnus
1361 2503 1601 2545 propemodum

177 2546 290 2578 fructu
312 2556 450 2578 vacans.
540 2546 574 2579 7.
599 2545 628 2577 si
649 2545 816 2587 tonuerit,
848 2545 1016 2589 legumina
1039 2545 1177 2589 copiosa
1197 2551 1313 2587 erunt,
1344 2545 1458 2579 vinum
1475 2545 1599 2580 rarius.

178 2590 212 2622 8.
237 2589 267 2622 si
289 2594 396 2631 tonat,
418 2596 532 2623 terrae
554 2594 663 2622 motus
688 2601 760 2623 cum
778 2590 906 2633 mugitu
930 2591 1189 2634 exspectandus.
1278 2592 1311 2624 9.
1336 2590 1366 2623 si
1386 2595 1494 2634 tonat,
1515 2590 1599 2624 feris

178 2634 351 2667 interitum
374 2634 530 2668 minatur.
599 2636 653 2667 10.
676 2635 708 2668 si
726 2640 840 2677 tonat,
863 2635 1000 2678 probati
1023 2635 1089 2668 viri
1111 2634 1240 2668 ruinam
1261 2634 1423 2668 declarat.
1489 2636 1544 2668 11.
1568 2634 1599 2668 si

178 2683 291 2721 tonat,
314 2679 464 2712 declarat
480 2679 696 2712 mutationem
714 2679 842 2712 variam
862 2684 1039 2713 ventorum
1058 2680 1172 2712 herbis
1194 2679 1320 2713 utilem.
1413 2680 1467 2713 12.
1490 2678 1520 2712 si
1543 2686 1595 2712 to-

179 2723 310 2766 nuerit,
345 2723 549 2757 abundantia
579 2723 668 2763 erit3
702 2723 851 2757 vortices
878 2724 970 2767 ignei
1002 2724 1213 2758 delabentur.
1306 2725 1360 2760 13.
1383 2723 1414 2758 si
1435 2723 1596 2765 tonuerit,

177 2769 377 2802 commercia
397 2769 544 2803 iucunda
575 2774 611 2803 et
636 2767 776 2814 insuper
798 2769 1017 2804 abundantia.
1063 2769 1253 2804 dominator
1275 2769 1328 2803 rei
1356 2767 1512 2815 publicae
1532 2767 1594 2801 im—
