1748 3210
568 163 643 207 DE
676 161 949 207 MENSIBUS
980 159 1059 206 IV.
1307 160 1309 162 ’
1437 158 1531 206 111

97 281 244 336 offerat
264 278 332 322 διὰ
352 274 521 333 τάχους,
566 275 622 328 ὧς
639 277 742 332 μηδὲ
762 276 966 333 ἓπιφλὲξαι
986 292 1026 318 τι
1045 277 1126 317 τῶν
1148 271 1412 332 ἂραιοτὲρων,
1447 272 1469 316 ὃ
1491 274 1536 317 δὲ

93 347 340 406 βραδύτερος
362 346 495 396 ἱκανὸς
513 346 586 400 μὲν
607 347 823 400 ἓπιχρῶσαι
844 343 898 394 ὡς
922 343 1001 386 ἀπὸ
1025 341 1220 398 αἰθάλης,
1264 345 1330 384 καὶ
1353 346 1535 385 κακῶσαι

95 418 143 460 δέ
158 433 245 459 τινα
266 421 346 458 τῶν
363 412 663 466 ὑποπεσόντων,
695 417 857 466 βολβῶν
878 414 945 454 καὶ
966 415 1089 467 συκῆς
1111 413 1177 454 καὶ
1198 409 1336 469 φώκης
1356 413 1422 452 καὶ
1442 408 1536 453 {ml-

84 502 173 540 ,νης
192 482 391 538 μενόντων
418 483 630 536 ἀβλαβῶν,
677 478 733 531 ὥς
761 482 828 522 καὶ
858 487 947 530 ταῖς
978 482 1116 537 δοραῖς
1143 480 1535 538 περιδιφθεροῦσθαι

62 551 210 609 ὀλόγος
231 552 325 602 τοὺς
345 551 478 600 ἱστοὺς
497 554 577 592 τῶν
598 553 696 591 νεῶν
714 548 780 590 διὰ
800 547 895 598 τοὺς
915 546 1144 604 κεραυνούς.

227 621 305 665 97.
374 619 412 660 οἱ
439 623 518 661 τῶν
536 616 734 675 Ἑβραίων
762 614 886 671 λόγιοι
915 616 984 659 τὸν
1012 619 1102 674 περὶ
1129 613 1388 674 προγνώσεως
1417 612 1535 672 λόγον
1555 632 1593 668 p.
1620 621 1685 657 128

94 691 186 746 διχῇ
206 689 426 742 τέμνουσιν,
461 688 516 736 εἷς
534 691 678 740 σημεῖα
693 685 759 726 καὶ
780 685 940 740 τέρατα,
974 676 1042 726 καὶ
1065 692 1210 740 σημεῖα
1226 686 1300 739 μὲν
1319 683 1416 727 εἶναι
1433 683 1535 738 βού-

93 761 230 799 λονται
259 756 310 798 τὰ
343 756 386 812 ἐν
413 752 627 810 μετεώροις
657 751 945 806 συνιστάμενα,
993 754 1141 809 τέρατα
1163 753 1275 795 δὲτὰ
1300 755 1363 795 ἐπὶ
1389 758 1461 808 γῆς
1482 751 1538 802 ὥς

93 824 206 879 παρὰ
230 823 351 881 φύσιν
372 820 614 880 φαινόμενα,
643 819 779 863 ὁποῖον
801 821 920 862 ἐκεῖνο
943 819 989 862 τὸ
1013 821 1076 862 ἐπὶ
1099 825 1173 876 τῆς
1194 821 1440 875 καλουμένης
1456 825 1536 863 τῶν

41 891 289 950 1οἙβραίων
311 889 447 942 ἐξόδου
475 887 770 947 ἀναφερόμενον
796 890 884 945 περὶ
903 889 1117 938 Μωῦσέως
1137 889 1282 931 αὐτοῦ·
1310 887 1407 931 “zai
1436 888 1536 932 εἶδεν

94 960 156 1003 ὅτι
178 959 204 1015 ἦ
220 958 346 1014 βάτος
364 960 527 1010 καίεται,
563 956 589 1013 ἦ
608 959 650 999 δὲ
664 955 791 1011 βάτος
810 957 856 998 οὐ
875 956 1140 1000 κατεκαιέτο.”
1211 958 1278 998 καὶ
1298 955 1417 998 πάλιν
1436 956 1535 1014 “ὲ’ρ-
1585 987 1588 989 -

93 1041 190 1085 ριψε
210 1030 397 1081 Μωϋσῆς
423 1026 496 1081 τὴν
527 1025 680 1084 ῥάβδον
702 1027 764 1067 ἐπὶ
784 1024 857 1079 τὴν
878 1029 974 1080 γῆν,
1009 1027 1075 1066 καὶ
1096 1025 1244 1080 ἐγένετο
1267 1024 1396 1081 ὅφις.”
1467 1027 1536 1067 καὶ

91 1095 212 1138 πάλιν
229 1094 452 1150 ί(εἰσήνεγκε
479 1097 668 1148 Meae-'0579
690 1093 764 1148 τὴν
792 1099 910 1149 χεῖρα
942 1095 997 1142 εἷς
1023 1093 1092 1135 τὸν
1118 1091 1265 1134 κόλπον
1287 1093 1432 1145 αὐτοῦ,
1468 1095 1551 1135 καὶ·

92 1165 239 1220 ἐγένετο
267 1161 292 1218 ἦ
310 1165 398 1219 χεὶρ
427 1163 552 1205 αὐτοῦ
583 1160 675 1204 ὥσεὶ
694 1159 830 1215 >gabr-'²
902 1159 984 1203 εἶτα
1007 1156 1129 1211 αὖθις
1145 1159 1241 1202 ι(καὶ
1269 1159 1373 1203 εἶπεν
1394 1159 1414 1202 ὃ
1437 1161 1536 1211 θεὸς

39 1243 82 1280 15
93 1232 194 1290 πρὸς
213 1234 421 1286 Μωϋσῆν·
457 1228 570 1286 λήψῃ
593 1229 671 1271 ἀπὸ
694 1233 766 1271 τοῦ
786 1228 934 1279 ὕδατος
954 1233 1026 1270 τοῦ
1045 1234 1229 1282 ποταμοῦ
1249 1230 1310 1271 ἐπὶ
1331 1229 1376 1271 τὸ
1399 1228 1535 1286 ξηρόν,

92 1303 159 1343 καὶ
178 1300 289 1342 ἔσται
314 1297 450 1352 aspa?
522 1297 608 1340 εἶτα
626 1295 784 1350 ὑποβάς
808 1294 906 1338 κκαὶ
938 1294 1017 1338 εἶπε
1042 1295 1177 1353 κύριος
1198 1297 1299 1353 πρὸς
1320 1299 1536 1351 ΙΙΙωῢσῆν·

91 1368 160 1411 ἐὰν
182 1366 335 1423 λαλήσῃ
359 1365 515 1423 Φαραὼ
537 1366 637 1422 πρὸς
655 1363 763 1418 ὑμᾶς
781 1364 902 1419 λέγων
917 1362 1025 1406 ςδότε
1047 1371 1207 1418 σημεῖον
1227 1364 1252 1418 ἢ
1271 1365 1412 1421 τέρας,’
1435 1363 1534 1418 λάβε

90 1436 164 1491 τὴν
185 1434 338 1493 ῥάβδον
355 1451 428 1476 σου
450 1435 515 1476 καὶ
535 1434 656 1490 ῥῖψον
673 1434 735 1474 ἐπὶ
763 1436 835 1486 τῆς
854 1437 927 1486 γῆς
936 1464 949 1483 ,
985 1434 1051 1473 καὶ
1069 1431 1178 1474 ἔσται
1202 1431 1397 1489 δράκιυν.”
1466 1435 1535 1475 καὶ

93 1504 141 1546 οὗ
162 1508 289 1546 ταῦτα
305 1500 451 1557 μόνον,
500 1501 591 1543 ἀλλ’
618 1500 673 1542 ἔτι
695 1501 811 1556 τέρας
833 1499 930 1541 ἄλλο
953 1498 1230 1556 φοβερώτερον
1251 1499 1276 1555 ἡ
1299 1504 1372 1543 τοῦ
1390 1501 1537 1551 παντὸς

37 1572 318 1627 ΞοΑἲγυπτιόυ
346 1569 494 1619 ὕδατος
521 1571 576 1619 εἷς
603 1566 757 1624 λύθρον
784 1566 1014 1621 μεταβολή,
1059 1570 1125 1608 καὶ
1151 1572 1230 1610 τῶν
1251 1567 1469 1623 βατράχων
1489 1569 1535 1611 τὸ

91 1643 274 1695 πλῆθος,
315 1639 383 1680 καὶ
415 1639 454 1680 οἱ
486 1635 685 1693 λεγόμενοι
716 1642 895 1686 σκνῖπες,
931 1637 996 1677 καὶ
1029 1635 1067 1676 οἳ
1091 1633 1274 1689 μύωπες,
1319 1636 1389 1685 οὓς
1421 1637 1535 1679 αὐτοὶ

181 1801 214 1881 ἓ
227 1798 288 1880 ung
307 1797 439 1879 {aigne
461 1810 513 1832 om
527 1799 555 1832 P
650 1799 693 1832 10
715 1794 864 1841 μωσέως
887 1795 929 1841 Ρ,
953 1800 990 1831 et
1012 1797 1063 1831 sic
1085 1797 1224 1832 deinde.
1319 1799 1360 1833 11
1386 1796 1535 1843 ἔρριψε]

217 1858 260 1880 xo
289 1870 298 1880 .
394 1869 403 1879 .

92 1992 193 2027 datur
214 2002 289 2025 cum
307 1988 484 2024 celeritate
502 1988 678 2030 defertur,
709 1991 748 2021 ut
767 1986 852 2021 nihil
880 1998 996 2021 eorum
1026 1998 1115 2031 quae
1138 1987 1272 2023 rariora
1296 1992 1376 2022 sunt
1393 1988 1533 2030 adurat;

91 2037 217 2072 lentius
235 2041 349 2070 autem
368 2036 418 2068 ita
441 2039 672 2077 comparatum
695 2038 770 2075 est,
794 2038 833 2065 ut
853 2032 1085 2066 contaminare
1108 2034 1236 2077 possit,
1273 2040 1312 2068 ut
1332 2035 1373 2068 fit
1396 2046 1416 2067 a
1439 2034 1532 2067 fulli-

92 2084 173 2127 gine
187 2108 196 2126 ‚
219 2087 256 2116 et
276 2081 414 2115 laedere
432 2078 593 2112 nonnulla
612 2089 728 2110 eorum
751 2088 840 2121 quae
861 2078 893 2110 ei
912 2077 1069 2111 subiecta
1088 2084 1189 2122 sunt,
1224 2079 1335 2113 bulbis
1355 2085 1391 2113 et
1411 2080 1477 2113 fico
1497 2084 1534 2112 et

91 2127 200 2162 vitulo
217 2127 348 2160 marino
372 2132 475 2169 atque
493 2122 628 2166 hyaena
650 2123 864 2156 manentibus
887 2123 1045 2167 integris,
1066 2128 1104 2156 ut
1124 2130 1160 2157 et
1178 2135 1294 2158 eorum
1311 2124 1459 2169 pellibus
1477 2124 1534 2158 in-

91 2173 172 2207 duci
193 2173 311 2206 dicant
332 2171 436 2204 malos
459 2169 595 2203 navium
618 2174 762 2213 propter
781 2167 934 2201 fulmina.

182 2219 240 2253 97.
286 2217 524 2250 Hebraeorum
553 2214 646 2248 docti
672 2214 847 2257 praesagii
870 2213 1039 2247 rationem
1059 2213 1221 2248 bifariam
1241 2215 1473 2259 distribuunt,
1495 2215 1533 2249 in

94 2265 222 2307 σημεῖα
246 2267 282 2296 et
302 2259 437 2304 τέρατα
462 2260 511 2303 (i.
543 2272 575 2293 e.
607 2259 767 2304 prodigia
790 2265 827 2292 et
849 2259 998 2303 signa);
1033 2264 1069 2292 et
1097 2263 1227 2302 σημεῖα
1249 2273 1327 2295 esse
1349 2261 1468 2294 volunt
1490 2273 1533 2295 ea

92 2320 182 2354 quae
203 2308 241 2341 in
263 2308 343 2341 aete
366 2306 539 2348 existunt,
575 2305 711 2345 τέρατα
738 2316 821 2338 vero
852 2316 893 2337 ea
919 2316 1007 2348 quae
1041 2305 1077 2338 in
1099 2309 1195 2339 terra
1220 2311 1381 2350 tanquam
1411 2311 1533 2341 contra

91 2359 246 2388 naturam
270 2358 449 2398 apparent,
471 2350 571 2395 quale
592 2350 674 2384 illud
696 2351 787 2394 quod
805 2350 840 2383 in
859 2350 1096 2383 Hebraeorum
1119 2351 1256 2395 Exodo,
1284 2363 1373 2396 quae
1392 2351 1531 2395 dicitur,

91 2400 136 2434 de
158 2399 283 2442 Moyse
304 2399 382 2443 ipso
398 2398 569 2431 refertur:
594 2393 613 2406 ‘³
624 2403 660 2430 et
687 2395 829 2429 videbat
857 2397 948 2439 quod
976 2397 1082 2429 rubus
1110 2397 1249 2430 arderet
1272 2403 1308 2430 et
1333 2398 1439 2430 rubus
1462 2409 1531 2430 non

91 2439 387 2478 combureretur.”
432 2448 468 2476 et
484 2452 602 2475 rursus
622 2438 795 2486 “proiecit
817 2441 959 2483 Moyses
980 2441 1111 2484 virgam
1135 2441 1172 2475 in
1194 2447 1342 2486 terram,
1374 2448 1411 2476 et
1428 2454 1533 2476 versa

94 2495 149 2523 est
170 2489 207 2523 in
229 2485 440 2522 colubrum.'’
483 2493 519 2522 et
547 2498 665 2521 rursus
697 2484 813 2520 “misit
829 2487 971 2529 Moyses
993 2497 1126 2520 manum
1154 2487 1190 2520 in
1214 2487 1324 2521 sinum
1345 2499 1461 2530 suum,
1496 2492 1533 2521 et

93 2535 187 2568 facta
216 2539 271 2568 est
298 2545 415 2568 manns
447 2534 522 2567 eius
550 2533 660 2566 instar
691 2529 819 2566 nivis.''
865 2532 990 2565 deinde
1022 2543 1139 2566 rursus
1168 2529 1354 2577 “dixitque
1376 2534 1461 2579 deus
1487 2534 1533 2568 ad

93 2578 263 2622 Moysen:
287 2590 382 2612 sume
401 2590 522 2623 aquam
541 2578 690 2612 fluminis
710 2579 763 2620 (et
783 2578 921 2611 effunde
940 2579 1030 2619 eam)
1050 2588 1155 2621 super
1174 2578 1303 2612 aridam
1317 2605 1326 2621 ,
1359 2583 1396 2612 et
1413 2584 1532 2612 verte-

93 2631 151 2658 tur
173 2625 209 2658 in
229 2622 462 2667 sanguinem.'’
507 2631 578 2658 tum
603 2624 776 2668 aliquanto
798 2623 944 2656 inferius
975 2620 1154 2667 “dixitque
1176 2623 1332 2657 dominus
1358 2624 1401 2658 ad
1427 2623 1532 2667 Moy-

95 2681 176 2704 sen:
207 2680 281 2702 cum
302 2669 430 2703 dixerit
456 2670 556 2704 vobis
575 2669 711 2703 Pharao
725 2696 734 2713 ,
766 2669 939 2702 ostendite
965 2668 1099 2712 signum
1122 2668 1179 2702 vel
1198 2668 1416 2714 miraculum,
1450 2670 1533 2704 tolle

95 2715 229 2759 virgam
248 2721 340 2748 tuam
361 2719 397 2748 et
414 2715 544 2758 proiice
562 2726 636 2748 eam
657 2716 693 2748 in
710 2721 854 2757 terram,
882 2720 917 2747 et
934 2720 1092 2747 vertetur
1107 2713 1145 2746 in
1164 2711 1375 2748 colubrum-'⁹
1419 2727 1533 2759 neque

95 2760 183 2794 haec
199 2759 318 2802 solum,
338 2760 401 2793 sed
418 2760 520 2793 etiam
537 2761 732 2794 miraculum
750 2759 841 2794 aliud
858 2759 1060 2802 terribilius,
1084 2759 1192 2793 omnis
1210 2760 1404 2804 Aegyptiae
1422 2771 1532 2805 aquae

96 2805 133 2838 in
154 2816 310 2839 cruorem
329 2805 521 2849 conversio,
544 2812 580 2840 et
595 2817 754 2840 ranarum
771 2805 965 2849 multitudo,
990 2810 1026 2839 et
1046 2807 1189 2846 σκνῖπες
1215 2806 1375 2850 (culices)
1398 2806 1457 2850 qui
1475 2806 1530 2840 di-
