1748 3210
446 173 522 217 DE
547 170 994 216 MAGISTRATIBUS
1020 172 1066 214 Ρ.
1090 173 1148 215 R.·
1178 171 1281 215 LIB.
1311 173 1366 215 I.v
1523 172 1617 218 135

164 299 259 330 ΰυν·
278 286 356 328 *gui
379 286 458 344 γὰρ
481 290 555 330 τοῦ
576 288 712 330 πεδίου
736 284 935 343 γενόμενοι
957 287 1030 337 τὰς
1050 285 1290 344 προαγωγὰς
1309 290 1388 328 τῶν
1412 284 1618 343 ἀρχόντων

159 355 348 409 Ῥωμαῖοι
374 357 602 407 ἐπετέλουν,
629 356 700 414 ἐφ’
729 350 778 399 οὗ
798 363 882 407 τοῖς
904 354 1101 406 τοιούτοις
1119 356 1347 398 ἐστέλλοντο
1366 352 1614 410 ὑποδήμασι.

163 425 318 466 τουτονὶ
334 423 405 466 τὸν
423 423 634 481 κάμπαγον
658 422 854 469 Θούσκων
872 426 1062 482 γενέσθαι
1083 424 1129 468 τὸ
1147 426 1241 482 πρὶν
1258 421 1279 468 ὅ
1298 424 1482 475 Λέπιδος
1497 424 1538 466 ἐν
1556 427 1615 483 ‘ug‘

158 493 252 550 ’περὶ
275 492 409 549 ἱερέων
431 495 545 551 φησί.

128 567 153 603 6
305 561 380 606 18.
445 561 636 620 Πρόοδος
667 561 712 605 δὲ
738 566 824 612 τοῖς
851 562 1074 619 πατρικίοις
1100 561 1143 604 ἔκ
1171 561 1296 613 ποδὸς
1314 561 1388 616 μὲν
1413 559 1615 609 οὐδέποτε,

161 627 258 671 ἀλλ’
291 630 385 672 οὐδὲ
415 629 556 686 ἱππική
604 631 742 687 (κοινὴ
772 630 851 688 γὰρ
883 629 1065 683 ἐδόκει),
1108 629 1284 685 ὀχήμασι
1314 631 1357 672 δὲ
1393 626 1617 683 ἐπισήμοις,

159 697 230 755 ἐφ’
263 695 428 754 ὑψηλοῦ
455 691 526 754 τῆς
554 700 761 757 καθέδρας
790 697 1184 756 ἀναστρωννέμενοι,
1210 697 1416 755 τεσσάρων
1439 695 1618 752 ἡμιόνων

159 764 356 810 ἑλκόντων
385 767 431 810 τὸ
463 768 620 823 ὄχημα,
655 769 698 811 ἐκ
715 772 872 822 χαλκοῦ
890 768 1116 824 Κορινθίου
1139 770 1194 817 εἷς
1214 770 1374 821 πλῆθος
1399 765 1616 821 σχημάτων

159 837 228 876 καὶ
250 834 386 878 τύπων
409 835 695 894 ἂρχαιοφανιῦν
719 836 1078 891 διαγεγλυμμένων.
1147 835 1240 877 οὐδὲ
1259 835 1338 891 γὰρ
1357 836 1505 884 ἵππους
1525 835 1615 887 ἐξῆν

107 910 152 944 10
162 901 374 955 ὗποζεῦξαι
404 910 462 962 τῷ
490 903 685 960 ὀχήματι,
716 906 750 947 εἴ
770 903 827 959 μή
850 921 892 960 γε
915 902 1055 959 μόνοις
1081 910 1166 953 τοῖς
1191 906 1422 956 βασιλεῦσι·
1458 907 1617 959 θριαμ-

157 972 253 1026 βικὴ
285 973 363 1029 γὰρ
391 971 418 1026 ἡ
452 973 555 1027 μετὰ
578 978 658 1015 τῶν
677 975 812 1014 *ἵππων
835 974 876 1014 ἐν
899 971 1072 1028 ὀχήματι
1093 970 1280 1028 πρόοδος.
1347 970 1618 1028 βουριχάλλια

157 1041 213 1082 δὲ·
234 1040 308 1091 τὰς
339 1039 500 1095 ἁμάξας
521 1043 564 1084 ἐκ
587 1045 666 1083 τῶν
687 1046 798 1096 βοῶν
818 1040 1007 1084 ἐκάλουν·
1038 1035 1094 1084 ὧν
1119 1040 1212 1083 ἄνευ
1223 1071 1237 1092 ,
1268 1041 1350 1082 ἐπεὶ
1371 1039 1428 1095 μὴ
1450 1041 1618 1097 φορτίον

155 1109 350 1159 ἐπέκειτο,
382 1108 563 1164 ἡμιόνοις
584 1111 787 1152 ἐπέστευον
811 1110 881 1153 τὸν
906 1109 1036 1166 ζυγόν.

298 1177 372 1222 19.
443 1181 567 1228 Τίτος
593 1177 744 1229 Τάτιος
772 1181 959 1233 Σαβίνων
980 1175 1222 1234 ἡγούμενος,
1250 1175 1309 1226 ὥς
1325 1174 1459 1234 ἔφθην
1479 1172 1616 1225 εἷπιόν,

102 1248 146 1285 15
156 1248 380 1302 συναφθεὶς
396 1253 480 1297 τοῖς
491 1246 703 1301 Ῥωμαίοις
724 1246 851 1298 οὕτως
868 1247 1020 1302 ἥνωσεν
1040 1246 1165 1302 ἄμφω
1186 1244 1238 1288 τὰ
1257 1244 1377 1300 ἔθνη,
1401 1243 1455 1294 ὡς
1471 1245 1614 1300 μηκέτι

154 1311 228 1356 δῦο
249 1316 346 1366 μίαν
365 1316 408 1356 δὲ
427 1316 493 1355 καὶ
510 1312 637 1368 μόνην
657 1315 937 1371 ἀναφέρεσθαι
955 1315 1028 1369 τὴν
1042 1313 1252 1368 Ῥωμαίων
1267 1314 1483 1355 πολιτειάνζ
1551 1311 1614 1354 ὅτι

155 1381 200 1423 δὲ
232 1383 358 1432 Τίτος
388 1381 539 1432 Τάτιος
571 1383 644 1437 τὴν
678 1385 950 1440 προσηγορίαν
973 1384 1119 1432 ἐκεῖνος
1142 1380 1264 1436 εἶχεν,
1297 1380 1615 1438 ὑποκοριστικῶς

153 1451 339 1492 τίτουλον
365 1450 444 1492 ἀπὸ
478 1455 550 1493 τοῦ
583 1448 746 1507 πρώτου
783 1453 911 1494 Τίτου
939 1451 1016 1505 τὴν·
1042 1451 1286 1508 προγραφὴν
1313 1455 1386 1504 τῆς
1420 1450 1619 1505 εὐγενείας,

154 1516 368 1570 ἐκάλεσαν,
403 1520 470 1560 καὶ
496 1520 644 1568 Τίτους
662 1518 758 1569 τοὺς
779 1520 822 1561 ἐκ
845 1518 1052 1576 προγόνων
1076 1519 1262 1573 εὐγενεῖς,
1288 1518 1346 1568 ὥς
1371 1536 1470 1575 φησι
1498 1519 1612 1574 Πέρ-

98 1593 242 1637 2οσιος
263 1585 284 1629 ὃ
303 1585 513 1641 Ῥωμαῖος.
582 1592 750 1630 τοιαῦτα
769 1588 843 1642 μέν
860 1605 950 1630 τινα
968 1589 1059 1644 περὶ
1079 1591 1159 1628 τῶν
1179 1585 1432 1641 ἀξιωμάτων.

289 1655 368 1700 20.
435 1654 586 1710 Πάσης
609 1657 652 1698 δὲ
671 1660 790 1711 τιμῆς
807 1655 970 1714 πρώτην
990 1657 1207 1711 ἐλογίζοντο
1228 1655 1264 1698 οἳ
1285 1651 1527 1709 τῆςῬώμης
1548 1654 1614 1696 εὖ,

153 1723 344 1781 πατρίδια
373 1724 446 1779 τὴν
475 1724 554 1767 ἀπὸ
586 1729 664 1767 τῶν
692 1723 956 1783 χαρισμάτων
989 1725 1214 1782 εὖφηιιιάν,
1248 1725 1316 1766 καὶ
1346 1722 1428 1766 ὅσω
1455 1723 1616 1773 πλείους

242 1833 266 1867 7
288 1832 357 1877 leg.
378 1830 757 1876 ἅναστρωννυμὲνοιςε
780 1835 934 1868 refertur
954 1832 1043 1867 enim
1066 1834 1111 1867 ad
1131 1828 1326 1876 ὀχήμασιν.
1346 1832 1392 1866 F.
1494 1831 1516 1866 9
1540 1842 1613 1865 ma-

242 1877 302 1912 lim
323 1878 639 1924 διαγεγλυμμένον.
795 1882 838 1916 16
864 1892 908 1915 an
929 1876 1236 1924 αναφαίνεσθαιῖ
1387 1878 1430 1913 1ε9
1454 1888 1490 1912 v,
1511 1877 1614 1912 Pers.

244 1925 322 1960 Sat.
349 1927 368 1960 1
395 1927 438 1960 19
456 1930 492 1959 et
508 1927 567 1961 20.
593 1927 638 1960 F.

151 2015 243 2050 enim
274 2015 534 2061 magistratuum
562 2017 751 2050 electiones
784 2016 931 2049 Romani
958 2018 1196 2060 pangebant,
1229 2015 1287 2049 nbi
1319 2014 1515 2049 huiusmodi
1542 2014 1613 2048 cal-

152 2073 234 2096 ceos
258 2064 442 2106 gerebant.
489 2062 580 2095 hunc
603 2072 804 2106 campagum
829 2061 1057 2094 Thuscorum
1072 2068 1174 2095 antea
1195 2062 1306 2094 fuisse
1329 2060 1379 2095 ait
1398 2060 1554 2105 Lepidus
1577 2061 1614 2094 in

153 2107 244 2142 libro
267 2107 313 2141 de
335 2106 589 2141 sacerdotibus.

247 2153 304 2187 18.
350 2153 546 2186 Prodibant
572 2158 687 2186 autem
712 2151 853 2196 patricii
879 2152 1028 2198 pedibus
1053 2152 1191 2206 quidem
1218 2162 1412 2196 nunquam3
1445 2156 1482 2186 at
1500 2137 1614 2197 neque

152 2209 243 2252 equo
275 2198 442 2243 (vulgare
464 2198 595 2243 quippe
616 2198 850 2242 videbatur),
887 2200 949 2232 sed
975 2209 1078 2232 curru
1108 2197 1262 2242 insigni
1291 2197 1387 2231 cuius
1418 2198 1489 2232 alta
1510 2200 1612 2232 sedes

153 2244 320 2286 instrata,
346 2249 511 2289 quattuor
534 2243 633 2278 mulis
656 2243 876 2278 trahentibus
901 2256 1037 2278 currum
1060 2256 1103 2278 ex
1121 2256 1203 2278 aere
1226 2243 1431 2287 Corinthio‚
1455 2244 1612 2289 plurimis

151 2289 274 2334 figuris
308 2289 587 2334 imaginibusque
618 2289 772 2334 antiquis
799 2289 982 2336 insculptis
1014 2296 1184 2324 ornatum.
1232 2301 1345 2333 neque
1379 2290 1471 2324 enim
1503 2302 1612 2343 equos

151 2335 271 2370 currui
305 2335 452 2380 iungere
483 2335 640 2380 cuiquam
671 2335 740 2370 nisi
772 2335 855 2370 solis
883 2337 1026 2381 regibus
1057 2336 1202 2370 licebat:
1235 2335 1452 2380 triumphalis
1482 2336 1613 2380 quippe

149 2393 228 2416 cum
249 2381 348 2427 equis
372 2383 410 2416 in
433 2393 536 2416 curru
557 2381 729 2416 incessus.
776 2382 979 2417 burichallia
1011 2388 1125 2416 autem
1153 2381 1312 2415 vehicula
1335 2393 1356 2414 a
1376 2381 1526 2415 bovibus
1547 2394 1612 2415 vo-

149 2428 294 2470 cabant3
319 2439 465 2473 quorum
486 2427 524 2462 in
544 2427 679 2472 vicem,
706 2439 782 2462 cum
805 2440 890 2463 onus
916 2428 1113 2474 impositum
1137 2439 1206 2461 non
1229 2431 1344 2471 esset,
1370 2427 1469 2461 mulis
1495 2427 1612 2472 iugum

148 2473 347 2509 tradebant.

245 2519 300 2555 19.
348 2520 453 2554 Titus
475 2519 603 2554 Tatius
627 2519 836 2554 Sabinorum
858 2531 940 2563 rex,
970 2519 1129 2562 iunctus
1160 2524 1202 2552 ut
1218 2529 1325 2563 supra
1342 2518 1510 2562 diximus,
1536 2519 1610 2552 Ro-

151 2564 284 2609 manis,
310 2565 363 2600 ita
386 2565 479 2600 inter
501 2578 541 2600 se
563 2567 681 2599 ambos
707 2567 852 2610 populos
882 2566 1081 2609 coniunxit,
1115 2571 1154 2598 ut
1180 2576 1247 2598 non
1273 2564 1416 2609 amplius
1439 2565 1529 2598 duae
1548 2565 1612 2599 sed

151 2621 222 2644 una
247 2591 390 2656 ssslaque
414 2613 647 2646 Romanorum
668 2623 726 2645 res
752 2611 891 2656 publica
914 2611 1183 2665 appellarentur.
1231 2610 1290 2654 qui
1315 2621 1391 2643 cum
1411 2611 1516 2644 Titus
1536 2610 1609 2644 Ta—

152 2655 223 2690 tius
250 2662 456 2702 vocaretur,
489 2657 694 2692 diminutive
717 2657 854 2692 titulum
878 2670 898 2692 a
922 2657 1032 2702 primo
1056 2657 1141 2690 Tito
1165 2656 1424 2700 inscriptionem
1447 2655 1612 2690 nobilita-

152 2701 222 2745 tis,
251 2707 289 2736 et
315 2703 420 2738 Titos
446 2685 558 2739 ’nobili
589 2704 702 2749 stirpe
728 2704 866 2748 genitos
894 2704 1077 2747 dixerunt,
1105 2708 1144 2736 ut
1171 2702 1221 2736 ait
1250 2702 1395 2736 Persius
1421 2703 1611 2738 Romanus.

153 2747 241 2782 haec
265 2748 310 2782 de
331 2748 456 2783 titulis.

246 2795 306 2829 20.
353 2795 490 2836 Quovis
513 2799 628 2832 autem
658 2797 791 2830 honore
820 2795 983 2830 maiorem
1011 2795 1186 2829 ducebant
1212 2792 1359 2827 Romani
1385 2792 1523 2838 patricii
1546 2794 1611 2827 bo-

156 2850 235 2875 nam
257 2841 383 2877 famma
404 2841 639 2879 munificentia
660 2847 815 2889 partam3
844 2847 881 2877 et
902 2853 970 2888 quo
996 2841 1113 2888 plures
1138 2840 1325 2875 familiares
1348 2839 1545 2884 habebant,
1570 2851 1611 2874 eo
