1748 3210
123 482 159 516 1>-
181 474 225 510 73

116 1487 138 1521 p
143 1501 151 1509 .

176 1478 220 1512 79

249 218 313 265 70
762 218 981 262 IOANNIS
1009 218 1142 261 LYDI

380 330 456 374 31.
520 333 570 385 τῇ
588 330 663 385 πρὸ
686 328 885 385 τεσσάρων
901 332 1032 370 νωνῶν
1049 329 1244 385 Μαρτίων
1270 327 1410 383 ι’ίνεμον
1429 327 1647 387 βιαιότερον

246 394 300 445 ὥς
323 396 460 438 ἐπίπαν
483 403 588 438 πνεῖν
602 397 774 451 προλέγει
796 395 816 436 ὃ
832 394 1017 444 Εὔδοξος.

380 465 456 507 32.
521 468 570 518 τῇ
600 462 675 518 πρὸ
709 466 826 518 τριῶν
851 466 983 503 νωνῶν
1013 461 1210 517 Μαρτίων
1238 457 1258 501 ὅ
1281 464 1402 510 πλοῦς
1419 465 1489 515 τῆς
1504 461 1648 512 Ἴσιδος

244 530 472 579 ἓπετελεΐτο,
507 529 550 570 ὃν
577 529 632 570 ἔτι
659 530 724 570 καὶ
751 533 820 570 νῦν
847 532 1043 577 τελοῦντες
1065 531 1226 569 καλοῦσι
1248 528 1493 583 πλοιαφέσια.
1557 527 1582 581 ἦ
1605 529 1648 569 δὲ

236 591 332 644 Ἶσις
349 600 397 651 τῇ
410 597 638 649 Αἰγυπτίων
655 599 767 650 φωνῇ
786 595 935 636 παλαιὰ
955 596 1193 648 σημαίνεται,
1227 594 1421 635 τουτέστιν
1440 592 1466 648 ἦ
1486 593 1679 648 σελήνη·5

245 664 307 703 καὶ
329 660 601 717 προσηκόντως
621 662 741 715 αὐτὴν
763 666 925 717 τιμῶσιν
945 660 1193 715 ἐναρχόμενοι
1209 663 1287 701 τῶν
1307 662 1531 702 θαλαττίων
1547 659 1648 701 ὁδῶν

245 728 311 769 διὰ
342 728 386 769 τὸ
419 727 560 781 αὐτήν,
589 726 642 777 ὥς
676 729 874 782 ἐλέγομεν,
907 732 956 783 τῇ
988 727 1102 783 φύσει
1136 724 1399 768 τῶνῦδάτων
1429 725 1649 782 ἐφεστάναι.

244 796 343 850 φασὶ
375 795 417 835 δὲ
442 793 588 848 ταύτην
612 796 677 836 καὶ
705 793 835 849 ὑγείας
861 792 955 836 εἶναι
994 793 1194 850 δότειραν,
1232 791 1414 848 καθάπερ
1448 791 1558 846 ἡμεῖς
1583 793 1650 834 τὸν

236 859 478 914 Ἀσκληπιόν.
544 861 686 903 ταύτὸν
719 862 758 902 δ’
798 861 846 903 ἂν
879 861 957 915 εἴη·
988 859 1116 916 ὥσπερ
1147 860 1223 915 γὰρ
1249 857 1359 912 ἡμεῖς
1382 858 1452 900 τὸν
1468 857 1578 912 ἥλιον
1597 861 1651 908 εἷς

240 927 309 968 τὸν
323 927 553 980 Ἀσκληπιὸν
572 927 838 981 λαμβάνοντες
860 927 960 980 μετὰ
983 927 1054 978 τὰς
1079 928 1220 968 ἐκείνου
1251 925 1406 978 δυσμὰς
1426 930 1496 979 τῆς
1513 925 1650 975 νυκτὸς

240 993 512 1047 ἐπιγινομένης,
548 994 672 1036 αἴτιον
686 994 804 1035 αὐτὸν
825 999 894 1035 τοῦ
911 993 1034 1034 ὕπνου
1058 995 1122 1035 καὶ
1141 992 1278 1041 νυκτὸς
1297 994 1362 1033 καὶ
1382 990 1650 1042 ἀναπαύσεως,

240 1059 365 1100 αἴτιον
386 1062 449 1101 καὶ
472 1062 620 1116 ὁοτῆρα
642 1065 712 1114 τῆς
728 1059 856 1115 ὑγείας
875 1059 1128 1113 μυθεύουσιν.
1204 1057 1224 1100 ὅ
1246 1059 1288 1099 δὲ
1308 1059 1540 1114 Χαιρωνεὺς
1556 1053 1652 1099 Ἶσιν

237 1126 309 1178 μὲν
338 1125 407 1178 τὴν
437 1131 508 1180 γῆν
536 1125 630 1168 εἶναι
659 1126 843 1180 βούλεται
868 1129 932 1168 καὶ
951 1126 1103 1181 ’Όσιριν
1129 1125 1198 1166 τὸν
1217 1128 1374 1175 Νεῖλον,
1411 1128 1588 1181 Τυφῶνα
1610 1125 1652 1167 δὲ

239 1191 310 1244 τὴν
330 1192 556 1242 θάλατταν,
592 1195 646 1243 εἷς
665 1193 712 1244 ἢν
734 1192 755 1234 ὃ
776 1197 919 1241 Νεῖλος
938 1194 1135 1245 ἐμπίπτων
1157 1192 1394 1247 ἀφανίζεται.

374 1258 448 1300 33.
515 1259 585 1311 τὴν
613 1258 747 1312 Τύχην
767 1259 803 1299 οἱ
818 1258 999 1312 Ἕλληνες
1021 1257 1218 1313 γράφουσι
1239 1255 1543 1311 βουπρόσωπον·
1576 1256 1649 1311 ἐγὼ

240 1322 280 1363 d'
304 1321 412 1375 οἶμαι
433 1324 504 1376 τὴν
521 1323 646 1379 ὖγριὶν
666 1323 762 1366 εἶναι
784 1325 932 1375 οὐσίαν,
957 1323 1051 1365 ὅθεν
1068 1325 1133 1365 καὶ
1155 1323 1302 1364 ἀκουάν
1315 1323 1436 1376 αὐτὴν
1445 1320 1653 1376 Ῥωμαίοις

237 1387 332 1438 ἔθος
353 1394 482 1431 καλεῖν
512 1390 588 1431 ἀπὸ
621 1396 691 1444 τῆς
722 1390 900 1445 ἰσότητος
928 1390 991 1445 (τό
1023 1391 1063 1431 δ’
1087 1390 1194 1445 ὕδωρ
1224 1387 1450 1445 ὁμοιομερές
1473 1391 1537 1430 καὶ
1568 1389 1653 1430 ἴσον

238 1455 308 1508 τὴν
340 1455 501 1511 φύσιν)·
535 1459 601 1498 καὶ
627 1462 757 1507 καλῶς
789 1457 915 1499 ἀκουὰ
948 1457 1046 1513 πρὸς
1075 1457 1203 1498 αὐτῶν
1231 1454 1457 1508 ὠνόμασται
1465 1486 1478 1506 ,
1521 1455 1652 1509 ἐπειδὴ

236 1522 308 1574 τὴν
337 1522 497 1576 ῗσότητα
518 1523 604 1577 ἤτοι
635 1523 905 1581 ὅμοιομέρειαν
935 1523 1011 1565 ἀπὸ
1042 1527 1113 1565 τοῦ
1138 1522 1264 1564 ἄκουιὶ
1294 1522 1394 1564 κατὰ
1415 1522 1652 1578 παραγωγὴν

237 1588 497 1631 ἐπικαλοῦσιν.

371 1653 446 1698 34.
514 1656 574 1696 ἐπὶ
607 1656 828 1710 Ταρκυνίου
856 1656 1036 1711 Πρίσκου
1069 1659 1140 1698 τοῦ
1167 1653 1283 1711 ῥηγὸς
1307 1652 1526 1707 Ἀμάλθεια
1559 1653 1652 1695 τοῦ-

236 1718 339 1774 νομά
360 1738 418 1771 τις
434 1721 530 1776 γυνὴ
554 1717 643 1775 ἧκεν
668 1720 722 1771 ὡς
742 1721 882 1774 αὐτόν,
914 1723 1171 1778 ἐπιφερομένη
1195 1726 1296 1776 τρεῖς
1319 1722 1484 1774 βίβλους
1506 1721 1651 1778 (χρησ-

325 1847 369 1881 10
389 1845 500 1891 μετὰ]
522 1843 545 1891 ἢ
566 1845 657 1889 μετὰ
679 1848 721 1883 Ρ.
891 1849 932 1883 12
954 1853 1033 1893 post
1057 1845 1179 1892 ’ὑγείας
1201 1849 1274 1881 fere
1296 1847 1381 1880 haec
1404 1846 1573 1881 excidisse
1594 1846 1650 1880 vi-

323 1894 447 1926 dentur
475 1893 666 1926 Roethero:
710 1889 827 1933 οὕτως
855 1890 984 1927 ἐκεῖνοι
1013 1892 1080 1938 τὴν
1109 1888 1210 1932 Ἶσιν,
1241 1891 1352 1925 οἱονεὶ
1391 1889 1457 1934 τὴν
1488 1890 1650 1935 σελήνην,

323 1936 445 1970 αἰτίαν
466 1936 526 1971 καὶ
546 1935 712 1981 δότειραν
735 1938 800 1982 τῆς
822 1934 956 1982 ὑγείας.
1115 1938 1154 1974 15
1181 1933 1448 1982 βοοπρόσωπον
1470 1935 1516 1970 V.

323 2046 380 2080 31.
426 2046 468 2081 A.
485 2048 519 2082 d.
538 2046 559 2082 4
571 2049 689 2082 Nonas
705 2048 849 2083 Martias
862 2052 998 2084 ventum
1017 2048 1303 2084 vehementiorem
1319 2051 1358 2081 ut
1373 2044 1549 2092 plurimum
1564 2044 1651 2079 flare

234 2091 402 2136 praedicit
419 2091 596 2126 Eudoxus.

322 2136 389 2170 32.
424 2136 466 2170 A.
491 2138 526 2170 d.
551 2138 573 2171 3
600 2137 717 2171 Nonas
739 2137 882 2173 Martias
909 2138 1010 2172 Isidis
1034 2138 1205 2182 navigium
1227 2137 1412 2180 agebatur,
1437 2135 1527 2178 quod
1549 2133 1651 2167 etiam

234 2191 322 2213 nunc
343 2186 482 2223 agentes
509 2181 727 2224 πλοιαφέσια
750 2188 886 2216 vocant.
932 2183 997 2216 Isis
1030 2188 1141 2216 autem
1162 2181 1406 2226 Aegyptiorum
1426 2179 1541 2222 lingua
1560 2178 1651 2211 idem

234 2225 325 2267 quod
343 2225 482 2268 antiqua
499 2225 600 2268 valet,
618 2227 652 2259 id
676 2232 728 2260 est
745 2227 842 2269 luna;
866 2232 901 2260 et
916 2227 1036 2260 merito
1059 2239 1132 2261 eam
1150 2227 1262 2261 colunt
1278 2224 1509 2269 ingredientes
1526 2222 1652 2255 itinera

234 2269 374 2311 marina,
392 2275 574 2313 propterea
591 2272 682 2315 quod
698 2271 766 2314 illa,
786 2278 823 2304 ut
840 2272 995 2314 diximus,
1015 2283 1177 2315 aquarum
1195 2276 1334 2304 naturae
1352 2273 1500 2313 praeest.
1533 2266 1651 2300 dicunt

235 2319 347 2347 autem
370 2314 455 2347 hanc
475 2315 575 2348 etiam
600 2316 755 2349 sanitatis
781 2327 856 2349 esse
879 2322 1069 2358 auctorem,
1097 2315 1372 2360 quemadmodum
1402 2323 1463 2346 nos
1486 2310 1649 2345 Aescula-

233 2357 339 2402 pium.
376 2358 464 2392 idem
485 2365 595 2392 autem
615 2361 678 2392 hoc
697 2361 770 2393 fere
790 2360 910 2393 fuerit:
930 2366 968 2394 ut
985 2362 1072 2393 enim
1091 2372 1151 2394 nos
1170 2359 1274 2393 solem
1291 2358 1327 2391 in
1339 2355 1572 2399 Aesculapium
1586 2366 1647 2406 ρο-

232 2402 400 2445 cipientes
424 2408 502 2447 post
521 2403 609 2437 illius
632 2415 797 2447 occasum,
821 2415 894 2438 cum
915 2417 981 2438 nox
1005 2405 1176 2447 oboritur,
1200 2408 1370 2437 auctorem
1393 2411 1467 2434 enm
1489 2410 1597 2433 somm
1615 2402 1652 2432 et

232 2448 342 2480 noctis
366 2453 402 2481 et
421 2448 557 2492 quietiS,
580 2454 751 2482 auctorem
772 2454 874 2492 atque
896 2451 1090 2482 effectorem
1110 2448 1284 2489 sanitatis,
1310 2447 1374 2489 [sic
1392 2445 1442 2478 illi
1458 2445 1523 2487 —-]
1548 2444 1631 2477 fabu

232 2491 356 2525 lantur.
389 2493 535 2536 scriptor
552 2498 662 2526 autem
681 2493 930 2527 Chaeronensis
950 2493 1181 2535 (Plutarchus)
1200 2492 1324 2525 Isidem
1341 2496 1467 2523 terram
1484 2499 1560 2522 esse
1578 2486 1651 2520 vult

232 2540 269 2569 et
279 2536 408 2580 Osirin,
433 2537 557 2579 Nilum,
576 2538 779 2581 Typhonem
794 2544 906 2571 autem
915 2549 1018 2578 mare,
1035 2538 1070 2571 in
1081 2538 1170 2581 quod
1185 2536 1336 2569 incidens
1349 2534 1447 2568 Nilus
1461 2531 1648 2566 evanescit.

321 2581 377 2615 33.
423 2582 608 2615 Fortunam
627 2583 752 2616 Graeci
776 2582 920 2626 pingunt
942 2583 1069 2616 bovina
1092 2581 1200 2616 facie:
1223 2592 1286 2623 ego
1305 2590 1388 2613 vero
1412 2577 1567 2612 existimo
1585 2576 1649 2608 hu-

234 2624 357 2658 midam
381 2637 456 2660 esse
474 2627 716 2670 substantiam,
740 2628 829 2660 unde
853 2627 954 2660 etiam
978 2638 1098 2670 aquam
1120 2637 1192 2659 eam
1216 2624 1358 2658 Romani
1380 2633 1505 2656 vocare
1527 2620 1650 2662 solent,

233 2671 277 2702 ab
299 2671 471 2714 aequitate
494 2671 598 2715 (aqua
617 2675 730 2705 antem
753 2671 948 2715 aequalibus
971 2671 1125 2715 partibus
1152 2674 1285 2703 constat
1307 2673 1343 2702 et
1374 2678 1483 2711 aequa
1507 2670 1560 2718 est
1587 2675 1647 2697 na-

234 2715 338 2755 tura),
358 2720 393 2748 et
414 2716 502 2748 bene
520 2726 608 2759 aqua
627 2716 670 2749 ab
687 2716 730 2749 iis
751 2716 922 2750 nominata
940 2721 1004 2759 est,
1026 2726 1099 2750 cum
1117 2714 1322 2759 aequitatem
1339 2712 1395 2746 vel
1413 2709 1649 2755 aequalitatem

235 2760 379 2799 partium
400 2761 443 2793 ab
463 2771 551 2802 aqua
569 2771 611 2794 ex
630 2760 843 2794 derivatione
860 2764 997 2794 vocent.
1595 2796 1604 2805 ·

319 2803 375 2837 34.
420 2804 600 2848 Regnante
624 2805 813 2851 Tarquinio
846 2805 964 2839 Prisco
987 2804 1106 2839 mulier
1126 2804 1290 2849 quaedam
1316 2799 1492 2837 Amalthea
1517 2807 1650 2833 nomme

1662 938 1704 972 10

1664 1264 1706 1300 15

1660 1599 1706 1634 20
