1748 3210
292 213 415 244 xxxn
680 201 822 245 HASII
845 201 918 243 DE
943 200 1144 244 IOANNE
1173 200 1324 244 LYDO

239 325 247 333 ⁸
292 329 457 369 emenda
483 327 549 370 τὸν
583 327 747 383 σελήνης
765 328 876 372 οἷκον
893 327 1117 378 ἐπιλέξαιτο.
1170 330 1243 367 lin.
1261 328 1289 370 4
1307 335 1345 368 et
1365 328 1391 372 5
1409 324 1505 370 ὥστε
1523 323 1604 369 ἆπδ
1623 327 1697 368 τοῦ

208 927 264 968 23

165 1206 202 1240 p.
214 1204 267 1230 ιιι

146 2523 180 2557 p.
201 2523 267 2547 Lm

291 402 336 446 ⁶3
368 396 434 437 καὶ
466 396 640 438 ἐνταῦθα
671 394 747 448 τήν
775 394 973 448 ἐφήμερον
1012 392 1088 436 ἀπὸ
1123 397 1193 447 τῆς
1224 397 1454 448 σεληνιακῆς
1482 393 1698 446 νουμηνίας

290 462 389 503 κατά
405 459 500 511 τούς
521 460 772 514 σεληνιακοΰς
789 465 916 514 μῆνας
938 458 1159 514 λειψόμεθα
1180 463 1260 502 τῶν
1277 463 1452 515 βροντῶν
1471 459 1696 510 ἔπίσκεψινε

291 528 456 566 emenda
484 525 579 570 ὥστε
606 526 685 569 cino*
711 531 783 569 τοῦ
806 528 994 581 καρκίνον
1023 528 1090 568 καὶ
1113 527 1289 569 ἐνταῦθα
1305 525 1380 579 τήν
1396 525 1594 579 ἐφήμερον
1617 520 1696 566 vimi

290 598 360 647 τῆς
379 597 608 646 σεληνιακῆς
626 595 841 646 νουμηνίας
858 590 1197 646 διακοσμήσαντες,
1223 591 1322 634 κατὰ
1339 590 1434 640 τούς
1446 588 1699 644 σεληνιακοιῖς

289 665 421 714 μῆνας
444 659 656 713 ληψόμεθα
679 664 760 700 τῶν
785 661 960 713 βροντῶν
984 658 1058 712 τήν
1077 660 1298 710 ἐπίσκεψιν.
1350 671 1423 696 nec
1438 659 1590 697 saniora
1606 663 1696 695 sunt

289 741 389 779 quae
415 735 650 779 sequuntur:
697 733 740 764 nt
768 725 984 777 ephemeris
1008 727 1100 775 illa,
1146 723 1476 778 quemadmodum
1507 730 1566 762 est
1591 721 1696 774 apud

287 795 536 844 Rutgersium
546 822 556 842 ,
584 805 663 830 non
682 799 762 830 tam
781 806 872 830 vera
887 791 990 844 Lydi
1005 805 1078 829 nec
1095 805 1279 843 germana
1300 803 1419 844 quam
1434 790 1567 830 vitiata
1583 801 1697 841 pror-

289 872 354 898 sus
371 867 410 897 et
427 859 641 897 adulterina
657 871 740 896 esse
755 860 892 896 merito
910 860 959 896 sit
977 858 1163 909 putanda.

398 926 556 963 Tertius
587 931 715 962 autem
750 924 799 962 ad
831 924 1070 975 vulgandum
1097 923 1201 976 Lydi
1238 922 1388 977 aliquid
1414 937 1456 962 se
1490 919 1698 972 applicavit

289 993 497 1029 acerrimus
520 989 754 1028 ineditorum
772 992 958 1028 librorum
974 992 1243 1041 investigator,
1280 992 1362 1028 Leo
1380 989 1547 1028 Allatius
1563 985 1697 1035 Chius,

290 1071 380 1095 cum
396 1056 612 1095 Alexandri
625 1071 685 1096 vn
699 1057 924 1108 pontificatu
938 1056 1216 1095 bibliothecam
1232 1058 1458 1095 Vaticanam
1475 1053 1698 1093 custodi-ret.

289 1124 323 1162 is
343 1125 588 1162 et‘maiorem
610 1125 803 1175 epitomen
820 1124 909 1161 libri
928 1122 977 1160 de
995 1124 1194 1162 Mensibus
1217 1124 1259 1160 in
1287 1122 1372 1162 cod.
1387 1123 1596 1160 Barberino
1619 1121 1699 1162 177
1715 1169 1718 1172 y

290 1190 388 1243 (vid.
409 1204 524 1241 supra
546 1205 586 1241 p.
605 1189 752 1240 xxxvl)
772 1191 814 1227 in
829 1191 1008 1227 manibus
1027 1189 1179 1227 videtur
1195 1188 1399 1237 habuisse3
1433 1196 1471 1226 et
1491 1194 1699 1239 postquam

288 1255 566 1294 bibliothecam
579 1257 795 1293 Palatinam
819 1255 1079 1306 Heidelberga
1104 1257 1147 1291 in
1173 1256 1311 1292 urbem
1335 1256 1418 1306 ipse
1437 1253 1700 1299 transtulerat,

288 1324 478 1359 minorem
500 1335 520 1358 a
541 1321 715 1359 Planude
736 1323 877 1358 factam
893 1322 934 1357 in
954 1320 1014 1358 cd.
1031 1322 1208 1357 Palatino
1230 1319 1335 1368 1413
1373 1333 1445 1357 nec
1463 1320 1592 1356 minus
1615 1317 1700 1368 pri-

286 1401 397 1425 mum
414 1395 452 1424 et
466 1388 623 1425 tertium
639 1388 900 1436 fragmentum
916 1388 1006 1423 libri
1024 1386 1072 1423 de
1091 1387 1258 1423 Ostentis
1269 1414 1282 1433 ,
1309 1386 1495 1423 nimirum
1513 1382 1701 1435 epheme-

287 1453 414 1491 ridem
439 1451 586 1503 Nigidii
612 1452 742 1502 Figuli
760 1453 801 1488 in
820 1453 996 1489 Palatino
1014 1454 1116 1499 312,
1145 1450 1416 1490 kalendarium
1438 1451 1499 1489 cl.
1518 1450 1640 1488 Tusci
1657 1449 1701 1487 in

286 1520 497 1557 Barberino
527 1522 620 1560 177.
689 1531 787 1570 quae
817 1530 867 1554 an
894 1518 1024 1555 omnia
1053 1516 1167 1554 edere
1192 1518 1380 1565 voluerit,
1415 1529 1495 1554 non
1527 1521 1700 1553 constat:

286 1587 475 1623 maiorem
502 1585 698 1634 epitomen
726 1584 817 1620 libri
843 1582 891 1620 de
913 1583 1111 1621 Mensibus
1143 1584 1314 1621 voluisse
1334 1582 1481 1620 indicat
1503 1581 1702 1620 indiculus

287 1652 525 1702 Συμμίκτων
552 1650 654 1698 eius,
689 1650 736 1687 ab
757 1649 913 1687 Andrea
930 1649 1167 1687 Peschiullio
1184 1651 1330 1687 Romae
1349 1651 1475 1697 1668,
1511 1648 1557 1696 4,
1595 1648 1700 1686 foras

288 1716 414 1764 datus,
436 1729 459 1753 a
475 1716 727 1767 Fabricioque
747 1730 902 1754 recusus
919 1717 1020 1753 Bibl.
1041 1717 1106 1753 Gr.
1124 1717 1204 1754 vol.
1226 1715 1277 1756 14
1294 1729 1335 1766 p.
1354 1717 1375 1755 1
1387 1715 1522 1763 —213
1549 1714 1618 1752 ubi
1635 1714 1701 1751 in-

286 1789 346 1820 ter
376 1796 421 1820 ea
449 1783 586 1834 quibus
613 1783 757 1820 librum
774 1790 954 1835 quartum
973 1783 1275 1834 Symmictorum
1291 1782 1498 1818 terminare
1516 1785 1702 1818 statuerat

287 1850 476 1897 Allatius‚
523 1850 765 1900 reperiuntur
798 1863 838 1901 p.
864 1854 889 1891 6
915 1863 980 1887 no.
1003 1849 1056 1891 46
1089 1845 1168 1886 “ex
1191 1849 1340 1886 Ioanne
1364 1846 1703 1897 Philadelphiensc‘

288 1922 481 1965 excerpta,
509 1916 585 1952 inc.
616 1911 767 1967 Ὀρθῶς
792 1915 868 1969 ἄρα
891 1916 932 1956 οἱ
956 1914 1003 1956 ταὶ
1028 1912 1179 1967 μυθικὰ
1198 1913 1264 1955 τὸν
1282 1909 1436 1967 Κρόνον
1453 1911 1546 1961 τούς
1560 1912 1703 1954 ἑαυτοῦ

286 1979 482 2027 παῖδας·”
512 1981 617 2032 quod
640 1996 723 2020 esse
741 1984 894 2020 initium
913 1983 1069 2020 maioris
1087 1983 1192 2019 illius
1213 1983 1404 2033 epitomae
1421 1994 1462 2032 p.
1481 1993 1611 2018 xxxvl
1629 1977 1702 2016 de·-

287 2048 597 2085 monstravimus.
635 2046 705 2085 sed
714 2049 856 2085 Allatio
869 2061 904 2085 a.
919 2050 1022 2090 1669
1036 2055 1124 2099 post
1134 2048 1434 2086 laboriosissime
1445 2053 1570 2084 actam
1579 2047 1701 2084 vitam

289 2115 502 2161 exstincto,
538 2126 668 2151 rursus
697 2126 822 2151 crassa
848 2113 1041 2165 quaedam
1063 2116 1267 2152 Vaticanae
1294 2111 1552 2151 bibliothecae
1576 2113 1701 2152 offusa

286 2180 414 2229 ‚caligo
436 2186 513 2227 est,
542 2178 648 2230 quod
664 2180 730 2231 qui
749 2179 785 2215 ei
804 2181 982 2228 proxime
1000 2188 1283 2229 successerunt,
1312 2176 1496 2218 siminus
1516 2193 1540 2217 a
1557 2179 1701 2218 doctri·-

288 2257 362 2292 na,
392 2251 493 2282 certe
515 2245 562 2281 ab
580 2244 768 2282 industria
785 2245 867 2281 eius
890 2246 1057 2283 multum
1077 2248 1254 2294 aberant3
1291 2260 1364 2284 nec
1383 2247 1452 2284 illa
1467 2247 1510 2282 in
1527 2251 1612 2283 octo
1626 2257 1702 2295 po-

290 2311 467 2348 steriores
483 2311 784 2362 Symmictorum
801 2313 918 2350 libros
936 2313 1137 2350 referenda
1157 2313 1207 2351 ad
1225 2314 1303 2355 175
1323 2320 1404 2350 tam
1422 2313 1568 2349 Graeca
1582 2323 1701 2362 quam

289 2378 428 2414 Latina
449 2379 654 2428 opuscula,
685 2390 849 2429 quorum
864 2380 1048 2431 pleraque
1066 2393 1115 2416 ne
1132 2377 1248 2416 hodie
1267 2377 1425 2430 quidem
1441 2378 1571 2414 lucem
1587 2375 1701 2413 vide-

291 2451 380 2481 runt
394 2457 467 2481 nec
486 2457 659 2496 unquam
676 2443 862 2482 videbunt
873 2474 883 2493 ‚
913 2452 998 2482 tum
1016 2452 1106 2483 sunt
1123 2459 1143 2483 e
1161 2447 1389 2483 scriniorum
1404 2444 1572 2481 tenebris
1587 2443 1634 2480 ab
1655 2455 1701 2480 eo

292 2517 413 2547 eruta.
468 2512 564 2548 item
590 2512 845 2549 instrumento
876 2512 1044 2550 literario
1072 2514 1154 2550 eius
1178 2510 1444 2562 inchoatisque
1462 2515 1702 2548 commenta-

291 2578 369 2624 riis,
399 2578 467 2628 qui
490 2584 598 2615 erant
613 2590 756 2628 magno
775 2591 936 2615 numero
948 2607 958 2626 ,
986 2579 1128 2616 infesta
1145 2576 1330 2628 posthaec
1344 2578 1499 2614 fortuna
1511 2576 1598 2623 fuit,
1625 2575 1701 2611 nisi

291 2645 324 2680 si
349 2656 445 2694 quos
465 2645 606 2681 literati
625 2646 698 2681 viri
719 2645 767 2681 ab
786 2646 942 2682 interitu
960 2643 1271 2692 vindicaverunt,
1310 2644 1415 2681 velut
1435 2639 1699 2693 apographum

291 2711 482 2759 epitomae
504 2709 701 2761 Lydianae
720 2711 767 2747 ab
785 2725 830 2748 eo
850 2712 1016 2759 sactum3
1056 2709 1162 2763 quod
1190 2717 1229 2747 et
1247 2709 1345 2748 vidit
1358 2711 1502 2748 Romae
1519 2707 1700 2746 Nicolaus

292 2775 446 2827 Schow,
475 2784 512 2815 et
533 2777 583 2814 ad
606 2775 816 2817 editionem
833 2779 921 2816 libri
941 2778 989 2816 de
1007 2779 1207 2817 Mensibus
1228 2784 1328 2816 recte
1349 2775 1538 2814 adhibuit.
