1748 3210
271 219 334 264 68
783 221 1002 265 IOANNIS
1034 222 1166 266 LYDI

270 347 331 372 ον.
367 329 456 372 ου’-δέ
495 332 569 386 γὰρ
594 330 641 372 ἄν
676 347 733 380 τις
767 331 859 387 εὕρῃ
887 332 1022 387 κυρίαν
1050 335 1150 374 θεοῦ
1179 335 1441 391 προσηγορίαν
1474 336 1574 378 κατὰ
1604 335 1671 378 τὸν

272 397 600 453 Ἀπολλόδωρον,
636 397 726 438 ἀλλ’
748 398 836 439 οὐδὲ
859 396 1012 453 φύσεως
1031 398 1251 455 γνώρισμα,
1277 402 1355 442 ἐπεὶ
1375 405 1444 443 νῦν
1463 405 1534 455 μὲν
1552 403 1671 458 ἄρρε-

278 482 348 513 νας
366 469 434 505 νῖν
455 465 496 504 δὲ
515 465 677 516 θηλείας
695 464 766 512 τὰς
791 464 896 513 ι’ὁέας
921 464 1139 519 εἰσάγουσιν
1160 466 1197 506 οἳ
1221 469 1544 522 φιλοσοφοῦντες·
1578 469 1668 510 ἀλλ’

274 533 316 572 ἐκ
349 535 424 571 τῶν
454 526 772 581 ἀποτελεσμάτων
804 530 1015 583 ὀνομασίας
1054 532 1186 580 αὐτοῖς
1219 531 1373 582 ἔθεντο,
1406 533 1572 590 ἄρρενας
1600 537 1671 588 μὲν

273 597 393 645 θεοὺς
423 595 699 651 δημιουργικὰς
731 595 936 650 δυνάμεις,
965 600 1128 652 θηλείας
1160 598 1203 639 δὲ
1231 597 1304 647 τὰς
1329 597 1540 653 ζωογόνους
1563 600 1703 650 ἐστί-5

274 680 415 718 γοντες.

405 729 479 772 28.
548 726 640 783 ὅρος
668 726 743 783 γάρ
772 721 853 771 ἐστὶ
883 733 1005 771 κακοῦ
1032 730 1102 772 οὐκ
1127 729 1241 772 οὖσιά
1267 732 1374 781 ζῶσα
1402 732 1467 772 καὶ
1484 729 1674 785 ε’μψυχος,

274 795 375 836 ἀλλὰ
398 793 574 841 διάθεσις
595 795 635 834 ἓν
655 800 767 850 ψυχῇ
784 797 964 846 ἐναντίως
986 797 1129 850 ἔχουσα
1154 796 1252 852 πρὸς
1274 797 1414 854 ἀρετὴν
1437 797 1503 839 διὰ
1520 797 1591 851 τὴν
1605 802 1674 839 τοῦ

273 866 395 909 καλοςῦ
415 859 638 903 ἀπόπτωσιν
653 868 736 910 ταῖς
756 861 970 918 ῥᾳθυμίαις
989 863 1242 918 ἔγγινομὲνην.

146 943 182 977 p.
207 932 252 970 76
410 928 484 970 29.
551 925 652 967 κατὰ
681 929 721 968 δὲ
742 929 817 981 τὴν
841 928 998 984 πρώτην
1024 935 1092 970 τοῦ
1112 930 1299 985 Μαρτίου
1320 927 1580 985 μηνόςἭραν
1596 929 1674 971 ἔτί·
1685 941 1727 974 10

272 1011 371 1049 μων,
406 994 517 1034 οἱονεὶ
538 993 608 1045 τὴν
622 992 797 1047 σελήνην,
816 996 880 1036 διὰ
905 996 974 1049 τὴν
993 997 1217 1048 νεομηνιάν·
1245 994 1426 1049 ἐκήρυττε
1449 997 1491 1038 δὲ
1509 995 1530 1036 ὃ
1555 996 1677 1051 ἱερεὺς

270 1065 413 1116 χρῆναι
435 1059 588 1113 γλυκέσι
611 1057 763 1112 πόμασί
779 1077 818 1102 τε
848 1064 912 1103 καὶ
938 1063 1072 1111 σιτίοις
1089 1066 1268 1117 χρῆσθαι
1286 1061 1461 1111 ἅπαντας
1479 1062 1578 1117 πρὸς
1597 1079 1675 1117 φυ-

274 1127 395 1180 λακὴν
412 1124 540 1179 ὑγείας
551 1157 563 1175 ,
592 1126 739 1167 ἐκίνουν
765 1128 807 1167 δὲ
824 1128 873 1168 τὰ
896 1127 998 1168 ὅπλα
1014 1127 1198 1180 Ῥωμαῖοι
1218 1129 1278 1168 ἐπὶ
1299 1133 1355 1184 τῷ
1375 1133 1446 1169 τοῦ
1455 1128 1587 1183 Ἄρεος
1607 1145 1677 1169 πε·
1720 1162 1723 1165 ,

274 1195 344 1248 ὁίἰιο
365 1192 390 1244 ἢ
407 1193 562 1243 τεμένει.
620 1191 755 1246 Ἄρεος
775 1194 816 1233 δὲ
838 1192 858 1234 ὅ
880 1193 1050 1246 κύαμος,
1083 1195 1190 1249 παρὰ
1210 1194 1253 1234 τὸ
1271 1193 1374 1235 κύειν
1396 1192 1515 1247 αἷμα,
1550 1193 1678 1249 ἔχριόν

272 1276 312 1299 τε
330 1258 400 1306 τὰς
419 1255 597 1308 ἀλλήλων
617 1255 729 1310 ὄψεις
746 1259 830 1299 ἀντὶ
854 1261 1018 1312 αἵματος
1034 1260 1077 1300 τὸ
1091 1266 1240 1314 χρῖσμα
1255 1263 1326 1300 τοῦ
1345 1258 1497 1312 κυάμου
1517 1258 1676 1313 λαμβά-
1689 1267 1730 1301 15

270 1341 412 1372 νοντες,
445 1321 567 1377 ταύτῃ
589 1338 628 1376 γε
654 1324 721 1364 τὸν
735 1324 852 1379 ’Άρεα
869 1324 1163 1380 θεραπεύοντες.
1229 1324 1490 1381 διαφερόντως
1509 1327 1551 1367 ds*
1569 1327 1678 1381 παρὰ

270 1390 362 1438 τοὺς
381 1389 523 1437 ἄλλους
539 1390 713 1443 καρποὺς
738 1392 909 1447 διεγείρει
931 1392 980 1432 τὰ
1002 1387 1167 1444 σώματα
1189 1391 1287 1446 πρὸς
1313 1393 1521 1434 συνουσίαν
1543 1390 1678 1433 ἐσθιό-

270 1473 408 1509 μενος,
444 1457 508 1514 καὶ
536 1453 659 1511 ταύτῃ
690 1458 871 1499 καθέλκει
899 1458 970 1507 τὰς
999 1458 1135 1511 ψυχὰς
1166 1458 1228 1498 ε’πὶ
1254 1458 1324 1511 τὴν
1356 1458 1514 1512 γένεσιν.
1579 1456 1600 1499 ὅ
1635 1459 1678 1499 δὲ

265 1521 524 1578 “Ηρακλείὸ“ης
553 1524 672 1575 φησὶν
702 1521 755 1572 ὥς
787 1523 827 1564 εἶ’
850 1540 909 1573 τις
936 1524 1003 1565 τὸν
1028 1523 1180 1577 κύαμον
1201 1524 1242 1564 ἓν
1262 1527 1354 1579 κενῇ
1371 1523 1478 1580 θήκῃ
1496 1524 1678 1577 ἐμβαλών

269 1587 491 1642 ἀποκρύψει
518 1591 567 1642 τῇ
598 1587 731 1645 κόπρῳ
760 1590 821 1630 ε’πὶ
849 1589 1133 1646 τετταράκοντα
1155 1589 1286 1639 πάσας
1315 1589 1474 1646 ἡμέρας,
1509 1593 1564 1639 εἷς
1583 1589 1731 1643 &wareo

269 1652 486 1709 ἀνθρώπου
513 1656 807 1709 σεσαρκωμὲνου
836 1656 1109 1709 μεταβαλόντα
1132 1657 1199 1697 τὸν
1232 1655 1383 1709 κύαμον
1409 1654 1584 1712 εὑρήσει,
1612 1659 1678 1697 καὶ

267 1720 337 1762 διὰ
360 1724 474 1761 τοῦτο
506 1719 572 1759 τὸν
603 1722 765 1774 ποιητὴν
795 1721 916 1777 φάναι
940 1721 1053 1764 αἶσόν
1069 1740 1134 1765 τοι
1147 1721 1324 1775 κυάμους
1343 1739 1383 1764 τε
1401 1729 1537 1778 φαγεῖν
1554 1739 1679 1778 κεφα-

270 1785 343 1836 λάς
363 1803 402 1828 τε
426 1784 610 1839 τοκήων.”
677 1789 866 1842 Διογένης
896 1789 941 1830 δέ
964 1805 1083 1845 φησιν
1114 1788 1191 1830 ἀπὸ
1224 1793 1293 1843 τῆς
1325 1787 1446 1842 αὐτῆς
1469 1787 1679 1843 σηπεδόνος

356 1900 403 1935 23
425 1896 539 1943 αὐτῆς
560 1901 626 1935 add
646 1901 838 1937 Roetherus
863 1915 882 1937 e
899 1903 1070 1949 Porphyr.
1089 1905 1133 1939 de
1156 1903 1229 1938 vita
1246 1904 1462 1948 Pythagorae
1480 1902 1538 1940 44.

267 2000 437 2042 lationem,
456 2003 494 2032 ut
511 1999 611 2033 docet
625 2000 859 2045 Apollodorus,
878 2013 994 2036 verum
1011 2014 1121 2047 neque
1139 2005 1278 2036 naturae
1295 2002 1586 2048 significationem,
1604 2013 1678 2036 cum

266 2046 365 2079 modo
386 2043 585 2077 masculinas
603 2046 701 2078 modo
720 2046 897 2080 femininas
916 2048 1070 2081 notiones
1087 2048 1304 2081 introducant
1324 2042 1536 2092 philosophi:
1555 2048 1618 2081 sed
1635 2059 1678 2081 ex

267 2089 445 2123 effectibus
468 2088 603 2122 nomina
623 2089 665 2122 iis
690 2089 896 2133 indiderunt,
917 2096 1075 2135 tanquam
1094 2091 1257 2126 masculos
1280 2093 1362 2126 deos
1382 2092 1474 2126 vires
1494 2091 1678 2126 creatrices

267 2145 297 2167 s.
317 2133 470 2177 opifices,
488 2133 650 2167 femineas
668 2140 779 2168 autem
795 2135 978 2178 genitrices
998 2137 1264 2170 introducentem

357 2178 416 2210 28.
459 2177 558 2210 Finis
579 2178 667 2211 enim
691 2184 744 2212 est
762 2179 840 2212 mali
862 2191 929 2212 non
947 2182 1096 2214 essentia
1117 2181 1198 2215 viva
1217 2186 1318 2224 atque
1337 2179 1500 2222 animalis,
1517 2180 1580 2214 sed
1597 2191 1679 2214 con-

266 2220 399 2298 είῑίἷιιτὶο
420 2219 456 2298 ig
474 2221 583 2255 animo
606 2223 776 2257 contraria
795 2224 915 2257 virtuti
935 2231 1077 2269 propter
1099 2225 1181 2260 boni
1205 2225 1465 2259 deminutionem
1481 2235 1568 2268 quae
1586 2225 1628 2258 fit
1642 2224 1680 2258 in

267 2276 311 2299 vo
326 2270 434 2310 uptam
459 2275 511 2298 us.

354 2311 412 2344 29.
458 2309 571 2343 Primo
589 2315 700 2345 autem
717 2311 834 2346 Martii
850 2312 974 2346 mensis
993 2313 1049 2347 die
1066 2314 1227 2348 Iunonem
1245 2313 1412 2356 colebant,
1431 2316 1590 2357 tanquam
1606 2313 1674 2346 Lu—
1704 2343 1710 2346 .

267 2365 366 2397 nam,
389 2359 530 2398 propter
553 2355 780 2390 interlunium.
836 2357 994 2390 edicebat
1024 2363 1135 2392 autem
1158 2359 1317 2392 sacerdos
1344 2362 1502 2401 oportere
1523 2357 1679 2390 dulcibus

265 2398 404 2443 potibus
425 2410 464 2432 ac
487 2398 573 2432 cibis
601 2400 650 2432 uti
675 2411 789 2433 omnes
813 2402 857 2434 ad
880 2403 1038 2436 tuendam
1060 2404 1251 2436 sanitatem.
1297 2402 1478 2434 movebant
1498 2406 1680 2444 praeterea

267 2454 362 2477 arma
378 2443 520 2476 Romani
537 2443 572 2476 in
589 2455 707 2488 campo
724 2444 779 2478 vel
796 2444 870 2478 luco
891 2446 1025 2479 Martis.
1050 2447 1172 2481 Martis
1189 2450 1300 2479 autem
1316 2447 1398 2479 faba
1415 2450 1478 2488 est,
1496 2451 1680 2490 propterea

267 2488 359 2532 quod
382 2487 545 2530 sanguine
565 2499 754 2531 praegnans
779 2494 851 2530 est3
878 2495 914 2522 et
934 2493 1107 2534 ungebant
1122 2492 1213 2524 inter
1228 2501 1267 2522 se
1284 2490 1402 2530 facies,
1426 2501 1487 2533 pro
1512 2489 1678 2533 sanguine

265 2535 472 2575 unguentum
489 2532 590 2565 fabae
605 2539 787 2575 sumentes,
809 2534 956 2567 colentes
977 2535 1132 2578 equidem
1150 2536 1214 2568 hoc
1236 2535 1333 2568 modo
1351 2534 1508 2567 Martem.
1554 2534 1678 2568 eximie

266 2581 380 2610 autem
403 2587 486 2619 prae
508 2576 631 2610 ceteris
654 2577 841 2619 fructibus,
865 2589 937 2611 cum
959 2584 1070 2622 estur,
1095 2590 1238 2624 corpora
1259 2581 1302 2612 ad
1326 2578 1538 2612 concubitum
1555 2579 1677 2613 incitat

266 2624 370 2664 atque
393 2620 443 2654 ita
463 2620 589 2654 animas
613 2622 656 2655 ad
680 2621 932 2665 generationem
955 2623 1071 2657 allicit.
1117 2622 1316 2658 Heraclides
1336 2628 1446 2657 autem
1469 2623 1529 2666 ait,
1549 2624 1579 2657 si
1597 2623 1674 2667 quis

266 2666 381 2698 fabam
411 2664 447 2697 in
469 2676 607 2700 vacuam
639 2665 757 2700 cistam
778 2666 935 2700 iniectam
959 2668 1146 2702 obtexisset
1167 2675 1319 2702 stercore
1340 2667 1563 2711 quadraginta
1582 2672 1674 2701 totos

265 2709 352 2751 dies,
372 2709 408 2742 in
431 2709 553 2743 faciem
574 2710 716 2743 hominis
739 2722 840 2744 carne
863 2711 990 2754 oppleti
1008 2712 1211 2747 immutatam
1229 2723 1304 2746 eum
1322 2717 1532 2756 reperturum
1549 2713 1673 2755 fabam,

265 2758 368 2795 atque
386 2754 472 2786 hanc
490 2755 533 2787 ob
551 2765 684 2789 causam
701 2756 833 2799 poetam
856 2755 970 2789 dicere
992 2753 1162 2801 “perinde
1179 2769 1262 2790 sane
1279 2757 1368 2790 fabis
1387 2755 1482 2790 vesci
1499 2761 1535 2790 et
1551 2756 1672 2800 capiti·

264 2797 327 2830 bus
347 2795 560 2842 parentum.''
603 2799 775 2844 Diogenes
791 2805 902 2835 autem
921 2800 971 2835 ait
987 2812 1030 2836 ex
1047 2803 1162 2837 eadem
1180 2802 1360 2847 putredine
1378 2806 1414 2836 et
1429 2801 1594 2836 hominem
1611 2812 1671 2836 ex-
