1748 3210
208 198 304 246 208
721 198 944 243 IoiNms
979 183 1116 244 LYm'

206 309 328 354 τόπου
345 309 390 353 τὸ
408 310 543 353 λοιπὸν
559 307 816 365 σχολάζοντος
831 310 923 360 τοὺς
939 309 1170 366 λεγομένους
1183 311 1482 371 ἓκσκεπταρῖους
1495 313 1631 369 (οἱονεὶ

205 377 423 428 ὖποὸἕκτας
440 382 512 420 τοῦ
531 379 658 430 σίτου)
682 384 891 432 κατασχεῖν
909 377 954 420 τὸ
973 379 1157 435 σκρινίον,
1190 383 1267 421 τῶν
1283 379 1403 422 πάλαι
1421 382 1632 435 θαυμαζο-

205 446 333 500 μένων
355 445 669 500 ἀφανισθέντων.

343 509 417 555 14.
483 513 654 553 Πολλῶν
685 511 727 553 δὲ
761 511 828 552 καὶ
854 509 951 569 ὑπὲρ
979 509 1155 567 ἀριθμὸν
1178 514 1257 554 τῶν
1287 510 1531 561 ἕξολωλότων
1558 517 1631 567 τῆς

206 576 330 621 πάλαι
356 576 591 631 σεμνότητος
619 576 924 634 γνωρισμάτων,
958 581 1023 620 καὶ
1045 577 1197 635 χάρτην
1221 579 1397 620 ἀπαιτεῖν
1413 579 1451 620 οἳ
1469 584 1539 633 τῆς
1557 578 1661 621 ‘coi-5

203 650 302 696 ξεως
330 642 566 697 ὖπομὲνουσι
593 645 687 694 τοὺς
713 643 977 701 πράττοντας,
1006 646 1051 687 τὸ
1080 647 1172 702 πρὶν
1198 644 1342 694 εἰωθὸς
1359 645 1416 699 μὴ
1435 644 1556 698 μόνον
1573 646 1630 700 μὴ

204 709 397 760 τοιούτοις
418 713 616 768 γλίσχροις
637 713 814 767 ἐγείρειν,
849 712 941 753 ἀλλ’
967 712 1023 754 ἔτι
1043 715 1108 753 καὶ
1127 712 1220 762 τοὺς
1239 710 1395 753 πάντων
1417 711 1632 754 διειδεστά-

206 795 302 828 τους
326 777 480 833 χάρτας
503 779 564 819 ἐπὶ
591 785 673 828 τοῖς
698 779 980 835 πραττομένοις
1001 778 1306 828 ἀναλίσκεσθαι,
1341 777 1542 833 ἀναλόγως
1561 779 1634 832 ἒμ-

205 843 432 901 πρεπόντων
461 851 543 895 τοῖς
567 845 698 888 κύτεσι
729 850 808 887 τῶν
828 846 1024 901 γραφέων.
1091 845 1135 888 τὸ
1159 846 1201 887 δὲ
1220 845 1356 886 λοιπὸν
1371 843 1553 901 ἑκάτερον
1569 845 1634 887 ἔκ-

202 910 359 962 ποδών,
389 913 456 953 καὶ
486 912 638 965 χαλκὸν
667 910 795 967 κάρτα
827 913 985 968 μέτριον
1013 914 1078 953 καὶ
1099 913 1262 969 αἰσχρὸν
1279 910 1576 967 εἶσπράττουσιν
1593 913 1686 961 ἔξω

204 979 419 1035 ἄκερμιάς,
453 981 519 1020 καὶ
539 977 686 1034 χόρτον
714 979 799 1021 ἀντὶ
821 977 973 1035 χάρτου
995 977 1203 1034 γράμμασι
1228 977 1396 1034 φαύλοις
1417 980 1482 1019 καὶ
1502 979 1635 1020 πενίαν

204 1045 360 1097 ὄζουσιν
388 1047 600 1088 ἒκὸιόοῦσι.
667 1051 794 1088 ταῦτα
819 1044 948 1087 πάντα
973 1044 1234 1101 παραπόλωλε
1253 1047 1316 1087 καὶ
1334 1043 1635 1101 ἀνυπόστροφον

204 1112 385 1166 ἀπῆλθεν
403 1110 495 1154 ὅὸὸν
515 1117 570 1168 τῷ
591 1129 632 1154 τε
650 1112 708 1166 μὴ
729 1111 825 1154 εἶναι
844 1111 1058 1167 πράγματα
1078 1119 1159 1161 τοῖς
1178 1110 1365 1165 ’ὑπηκόοις
1381 1113 1492 1170 πενία
1510 1128 1635 1153 κατα-

205 1180 504 1235 φθειρομένοις,
538 1182 596 1234 τῷ
626 1195 666 1220 τε
695 1178 746 1220 τὰ
776 1179 895 1231 τυχὸν
926 1180 988 1219 ἐπὶ
1008 1178 1053 1219 τὸ
1079 1177 1329 1234 ὁικαστήριον
1348 1177 1544 1234 φερόμενα
1565 1182 1635 1220 νῦν

202 1247 275 1299 μέν
300 1246 456 1302 ἀπειρία
478 1248 558 1286 τῶν
587 1246 627 1286 ἐν
655 1244 763 1300 αὐτῷ
793 1242 1026 1294 τελούντων,
1053 1248 1123 1285 νῦν
1140 1245 1182 1285 δὲ
1200 1251 1472 1300 σφετερισμοῒς
1494 1245 1686 1286 vemt-1⁵

202 1328 306 1367 ρων,
344 1309 398 1360 ὥς
425 1311 535 1364 ἔτυχε
565 1310 639 1361 τὰς
668 1309 781 1365 ἡνίας
805 1315 884 1353 τῶν
905 1309 1071 1366 πρώτων
1089 1314 1214 1363 τιμῶν
1235 1309 1542 1366 παιδαριώὸεσιν
1559 1311 1635 1352 αὗ-

204 1379 390 1428 θαὸειάις
416 1376 774 1435 ἀναρριπτούντων.
841 1382 1016 1421 τοσαῦτα
1044 1378 1117 1433 μὲν
1138 1378 1226 1434 περὶ
1245 1381 1325 1419 τῶν
1347 1377 1388 1422 ἓν
1407 1374 1635 1434 γράμμασιν

205 1446 325 1488 ἐθῶν.

345 1511 419 1556 15.
485 1514 657 1567 Πλῆθος
676 1514 718 1555 δὲ
737 1513 1006 1568 ὃουκηναρίων
1033 1510 1218 1568 ὖποῦργει
1237 1515 1294 1569 τῷ
1312 1515 1389 1554 τῶν
1409 1527 1636 1568 πριμισκρι-

202 1580 295 1621 νίων
311 1577 484 1633 βήματι,
514 1587 600 1629 ταῖς
621 1581 662 1629 ἐξ
685 1578 876 1636 ἀγράφων
894 1578 1145 1635 προστάξεων
1166 1577 1418 1634 διαγνώσεσιν
1428 1610 1441 1629 ,
1470 1578 1519 1628 ἃς
1541 1577 1690 1620 iud-20

202 1650 297 1688 λουν
323 1643 493 1696 ζευκτάς,
530 1648 907 1701 ἔξυπηρετουμὲνων,
941 1650 1118 1702 πρᾶγμα,
1145 1646 1245 1698 μετὰ
1263 1646 1333 1699 τὴν
1351 1647 1393 1688 ἐκ
1413 1649 1491 1687 τῶν
1507 1662 1636 1701 πρατ-

201 1713 375 1766 τομένων
396 1711 555 1768 ἄπειρον
573 1717 652 1754 τῶν
669 1716 818 1768 κερδῶν
837 1711 1053 1768 εἰσαγωγήν
1061 1744 1073 1763 ,
1109 1715 1291 1766 πλείστην
1319 1712 1444 1768 ῥοπὴν
1473 1710 1637 1767 χρημά-

202 1796 282 1822 των
299 1784 525 1836 περιποιοῦν
545 1784 602 1837 τῷ
618 1784 690 1821 τοῦ
707 1782 995 1836 πριμισκρινιόυ
1016 1780 1290 1836 φροντίσματι.
1357 1778 1434 1820 ἀπὸ
1461 1779 1533 1831 μὲν
1559 1778 1635 1834 γὰρ

290 1873 314 1907 4
337 1869 376 1906 δὲ
399 1867 518 1906 ὄντων
539 1871 630 1907 uoci?
791 1874 813 1907 6
833 1871 951 1916 μόνον
972 1873 1025 1917 F,
1047 1871 1176 1915 μόνοις
1197 1873 1239 1906 C.
1395 1872 1418 1908 7
1441 1870 1638 1916 &ynete-siv?

292 1919 334 1952 11
358 1917 466 1962 πενίᾳ
484 1917 527 1951 C.
641 1920 685 1953 12
705 1915 870 1951 ἐκδίδωσι
891 1918 935 1951 C.
1047 1919 1091 1952 17
1113 1922 1210 1962 patet
1233 1916 1361 1960 aliquid
1383 1917 1565 1951 excidisse.
1589 1919 1636 1953 F.

292 1961 496 1996 sententiam
514 1962 708 2007 expleveris
729 1975 748 1996 e
771 1974 802 1996 c.
825 1964 847 1997 9
866 1968 955 1996 extr.
1090 1962 1133 1996 21
1157 1959 1513 2005 ἐξυπηρετούμενονῖ

201 2043 348 2074 vacante
376 2040 500 2073 deinde
527 2039 622 2083 loco,
657 2039 717 2083 qui
738 2040 926 2084 exceptarii
947 2043 1113 2074 vocantur
1144 2039 1202 2082 (id
1222 2043 1272 2073 est
1292 2039 1452 2073 frumenti
1472 2042 1636 2084 excepto-

200 2087 300 2128 res),
324 2085 485 2118 scrinium
504 2085 767 2129 occupaverint,
791 2085 911 2119 deletis
931 2096 1019 2128 quae
1039 2085 1117 2118 olim
1140 2084 1177 2118 in
1199 2085 1422 2119 admiratione
1441 2085 1589 2118 fuerant.

294 2129 348 2162 14.
394 2129 502 2162 Multa
533 2135 645 2162 autem
676 2135 711 2163 et
741 2131 916 2163 innumera
947 2130 1080 2174 antiqui
1111 2129 1301 2174 splendoris
1325 2134 1539 2163 monumenta
1561 2140 1636 2163 cum

199 2172 397 2207 interierint
417 2173 568 2207 chartam
593 2174 693 2207 etiam
717 2186 739 2208 a
763 2174 976 2218 litigantibus
1000 2180 1120 2219 petere
1144 2174 1309 2208 officiales
1333 2174 1521 2218 sustinent,
1543 2173 1637 2207 soliti

201 2224 305 2253 antea
335 2230 403 2251 non
423 2223 554 2251 tantum
583 2230 650 2251 non
677 2230 817 2263 surgere
841 2221 884 2252 ob
908 2219 1053 2253 minutas
1088 2219 1252 2253 eiusmodi
1280 2231 1358 2264 res,
1392 2230 1510 2253 verum
1532 2218 1636 2252 etiam

204 2263 351 2298 omniurn
371 2262 595 2296 lucidissimas
619 2264 754 2297 chartas
787 2263 899 2297 causis
923 2265 1105 2307 adhibere,
1138 2269 1346 2308 congruente
1370 2265 1635 2298 membranarum

204 2320 279 2342 cum
301 2307 520 2341 scribentium
544 2308 668 2342 nitore.
717 2309 807 2352 quod
834 2314 1011 2353 utrumque
1035 2314 1156 2354 postea
1178 2309 1334 2350 evanuit3
1366 2320 1493 2352 aesque
1515 2308 1634 2342 admo-

202 2354 283 2388 dum
305 2353 471 2386 modicum
488 2358 523 2386 et
544 2358 662 2397 turpe,
686 2353 832 2387 mendici
855 2353 965 2397 velut,
991 2355 1146 2397 exigunt,
1172 2357 1207 2386 et
1228 2351 1360 2396 χόρτον
1383 2354 1547 2396 (fenum)
1570 2363 1634 2396 pro

202 2398 324 2432 charta
353 2397 478 2431 vilibus
503 2409 542 2432 ac
565 2404 800 2443 paupertatem
834 2398 1065 2432 redolentibus
1094 2398 1205 2432 literis
1235 2399 1351 2431 edunt.
1410 2397 1494 2431 haec
1523 2397 1636 2431 omnia

201 2454 272 2477 una
291 2442 468 2487 perierunt
483 2442 642 2487 viamque
659 2443 905 2477 irremeabilem
922 2444 1055 2487 abiere,
1080 2448 1150 2477 tum
1168 2442 1248 2487 quia
1267 2443 1344 2475 lites
1365 2442 1498 2475 civibus
1516 2441 1635 2486 inopia

201 2488 391 2532 deperditis
423 2487 533 2521 nullae
563 2492 659 2531 sunt,
696 2493 764 2522 tum
795 2488 894 2532 quia,
927 2500 1016 2532 quae
1048 2489 1138 2522 forte
1162 2489 1205 2521 ad
1226 2487 1388 2521 iudicium
1421 2487 1632 2529 deferuntur,

202 2544 293 2566 nunc
315 2532 453 2567 inscitia
474 2532 510 2567 in
537 2545 577 2566 eo
602 2533 858 2578 apparentium,
888 2544 976 2567 nunc
999 2532 1277 2577 usurpationibus
1301 2532 1486 2575 iuniorum,
1510 2530 1634 2576 puerili

202 2577 401 2621 arrogantia
424 2577 607 2622 primorum
639 2578 803 2612 honorum
824 2579 974 2612 habenas
996 2583 1126 2612 temere
1148 2577 1351 2621 agitantium
1374 2600 1385 2611 .
1400 2600 1410 2611 .
1424 2600 1436 2610 .
1480 2576 1566 2610 haec
1589 2576 1634 2610 de

202 2622 446 2656 consuetudine
469 2623 512 2656 ad
533 2622 669 2656 chartas
687 2628 878 2668 spectante.

294 2667 349 2702 15.
395 2667 540 2711 Magnus
562 2672 673 2702 autem
696 2667 954 2702 ducenariorum
972 2677 1130 2700 numerus
1151 2665 1454 2711 primiscriniorum
1471 2663 1633 2698 tribunali

202 2713 410 2756 apparebat,
446 2712 505 2756 qui
529 2724 666 2758 operam
689 2714 815 2748 dabant
844 2713 879 2746 in
902 2711 1154 2755 cognitionibus
1179 2724 1197 2743 e
1226 2711 1432 2745 iussionibus
1456 2721 1523 2743 non
1545 2708 1633 2742 scri-

202 2755 291 2799 ptis,
316 2768 400 2800 quas
422 2755 567 2798 ζευκτοῖς
588 2758 768 2800 dicebant3
792 2769 879 2803 quae
900 2768 955 2791 res
978 2762 1057 2800 post
1074 2756 1266 2791 immensam
1291 2767 1311 2790 a
1335 2755 1446 2789 causis
1465 2754 1634 2787 lucrorum

201 2800 414 2837 affluentiam
447 2802 623 2838 maximam
653 2803 821 2850 pecuniae
844 2803 911 2838 vim
934 2800 1238 2848 primiscriniorum
1259 2799 1391 2836 muneri
1416 2797 1632 2834 conciliabat.
