1748 3210
358 198 433 241 DE
468 196 915 241 MAGISTRATIBUS
947 197 995 240 P.
1029 196 1082 239 R.
1118 195 1223 239 LIB.
1257 195 1332 239 111.
1482 197 1579 243 257

122 329 206 372 γει,
238 311 302 355 {ni
322 311 392 355 τὸν
407 310 593 363 Εὔξεινον
616 311 655 354 οἳ
682 315 755 366 τῆς
783 315 942 369 τρυφῆς
967 308 1160 367 ὑπηρέται
1187 310 1419 367 ἐτρέποντο,
1452 309 1511 365 μὴ
1529 314 1581 368 τῇ

123 379 308 438 θαλάττῃ
330 379 496 435 ι’χθύος,
531 380 589 436 μὴ
610 386 694 432 τοῖς
711 379 844 437 ὄρεσιν
863 379 889 435 ἢ
910 386 992 431 τοῖς
1012 378 1174 422 ἄλσεσιν
1190 379 1327 437 ὀρνέου
1346 394 1580 435 συγχωρου-

121 450 257 506 μένου,
291 450 349 504 μὴ
373 447 554 500 Φάσιδος
575 448 672 492 ὅλου
696 455 785 499 ταῖς
803 449 986 503 εὐωχίαις
1011 449 1291 505 ἀποχρῶντος,
1330 445 1384 498 ὥς
1404 447 1581 504 ἀφίστα-

122 522 226 563 σθαι
244 518 341 569 τοὺς
359 519 519 569 κτένας,
553 517 611 573 μὴ
631 521 681 574 τῇ
701 516 806 560 κατὰ
837 515 959 575 φύσιν
987 518 1031 559 ἐκ
1061 515 1186 559 τόπου
1211 518 1266 569 εἷς
1293 514 1416 559 τόπον
1442 514 1583 571 πτήσει

89 586 486 637 ἕκαταπιστείοντας
506 584 686 638 ἑαυτούς,
714 585 809 628 ἀλλ’
833 587 889 635 εἷς
910 586 1023 642 ἀέρα,
1049 591 1133 635 τοῖς
1149 583 1362 642 ὀστράκοις
1379 582 1473 627 ὧσεὶ
1487 584 1581 627 πτέ-

121 658 212 714 ρυξι
226 655 474 713 χρωμένους,
501 657 630 698 δοκεῖν
650 655 837 697 ἐκκλίνειν
855 654 928 709 τὴν
947 656 1237 696 Καππαδοκῶν
1257 653 1502 711 ἀδηφαγίαν.

259 724 338 769 63.
399 723 489 766 Ὅτι
519 724 565 766 δὲ
593 723 716 779 τυχὸν
755 722 898 773 ἔλοπος
928 727 1002 765 τοῦ
1033 721 1179 776 ἰχθύος
1209 720 1348 778 μνήμη
1379 725 1582 779 παρῆλθε,

121 793 212 850 περὶ
244 791 369 835 αὖτοῦ
398 793 451 835 τὰ
481 792 714 848 γνωσθέντα
734 808 805 846 μοι
825 789 1135 848 παραθήσομαι.
1205 789 1327 845 ἰχθύς
1348 792 1454 833 ἐστιν
1476 788 1584 832 ᾶπα-

122 859 215 913 λός,
249 858 438 917 διαυγής,
467 859 560 903 ὡσεὶ
581 861 735 916 πηκτὴν
755 862 823 903 καὶ
845 857 1134 917 κρυσταλλώδη
1159 858 1254 901 ἀλλ’
1279 857 1326 901 οὗ
1346 859 1496 914 ναστὴν
1516 860 1584 901 καὶ

66 939 112 975 10
123 927 247 984 ἰνώδη
270 932 400 972 δοκῶν
418 929 518 983 ἔχειν
535 929 608 983 τὴν
630 927 784 986 σάρκα,
821 925 1014 980 ζωοτόκος
1037 928 1112 980 μὲν
1131 928 1199 968 καὶ
1218 925 1474 983 μηρυκισμόν
1494 944 1585 970 τινα

120 995 292 1053 ἀνάγων.
339 997 490 1054 πέφυκε
515 998 559 1039 δὲ
578 1003 663 1046 τοῖς
681 995 882 1050 εὐτυχέσιν
901 997 1162 1052 ἐνδιατρίβειν
1180 994 1338 1045 τόποις·
1373 995 1472 1038 ὅθεν
1488 995 1583 1050 μετ’

120 1065 256 1114 αςῧλιῦν
276 1068 344 1108 καὶ
367 1063 586 1120 κυμβάλων
607 1072 692 1115 τοῖς
701 1063 914 1118 Ῥωμαίοις
933 1066 1196 1121 παρετίθετο,
1229 1065 1288 1114 ὥς
1313 1081 1437 1121 φησιν
1453 1062 1584 1119 Ἀθή-

119 1150 244 1184 ναιος.
311 1135 352 1176 ἓν
381 1134 424 1176 δὲ
454 1137 512 1192 τῷ
538 1131 738 1187 νήχεσθαι
760 1133 894 1176 σκέπει
916 1134 1011 1183 τοὺς
1029 1132 1382 1190 ὄφθαλμοὺᾳταΐς
1398 1149 1583 1190 παραπε-

119 1203 309 1259 φυκυίαις
343 1201 452 1260 αὐτῷ
487 1201 662 1258 πτέρυξι.
731 1202 798 1243 καὶ
827 1199 953 1243 ἔλοπα
980 1202 1054 1255 μὲν
1078 1201 1204 1245 αὐτὸν
1219 1201 1498 1258 Ἀριστοτέλης
1516 1203 1585 1244 καὶ

65 1278 109 1315 15
119 1269 265 1320 πάντες
296 1269 335 1311 οἳ
367 1270 533 1327 φυσικοὶ
562 1273 752 1320 καλοῦσι,
787 1271 855 1312 καὶ
874 1267 1168 1327 Ἀριστοφάνης
1189 1263 1233 1311 δὲ
1257 1267 1278 1311 ὅ
1298 1269 1520 1323 Βυζάντιος
1542 1270 1583 1311 ἒν

119 1342 171 1396 τῇ
197 1339 368 1395 ἐπιτομῇ
392 1342 472 1380 τῶν
496 1339 538 1380 ἐν
561 1337 700 1392 ἰχθύσι
720 1342 921 1394 φυσικῶν,
958 1338 997 1382 οἱ.
1021 1339 1065 1380 δὲ
1083 1336 1275 1392 Ῥωμαῖοι
1295 1336 1583 1395 ἅκυιπήνσερα,

120 1406 180 1449 δι’
201 1405 250 1457 ἃς
269 1406 383 1449 αὐτοὶ
402 1404 652 1464 γεγράφασιν
672 1408 815 1457 αἰτίας.
862 1404 1090 1463 Κορνήλιος
1111 1407 1258 1457 Νέπως
1281 1408 1348 1448 καὶ
1370 1407 1584 1464 Λαβέριος

119 1473 144 1516 ὃ
169 1473 360 1529 ποιητής,
389 1474 516 1532 ἄμφω
538 1473 751 1530 Ῥωμαῖοι,
782 1477 908 1532 φασὶν
928 1473 1128 1518 Ὀπτάτον
1154 1475 1243 1519 τινὰ
1268 1473 1494 1532 ναύκληρον
1510 1479 1584 1518 τοῦ

117 1544 371 1600 Καρπαθίου
403 1542 576 1595 στόλου,
621 1545 766 1586 οῗκεΐον
798 1545 1008 1586 Κλαυδίου
1041 1545 1263 1597 βασιλέως,
1301 1542 1506 1599 ἐνεγκόντα
1539 1545 1583 1586 ἐκ

63 1615 192 1667 Ξοτῆς
218 1610 330 1655 κάτω
360 1609 577 1668 θαλάσσης
610 1610 757 1663 ἔλοπας
792 1611 871 1655 ἀνὰ
892 1612 1016 1667 μέσον
1038 1616 1111 1668 τῆς
1131 1611 1346 1668 Ὀστησιῖας
1370 1613 1437 1656 καὶ
1457 1614 1582 1667 Καμ-

206 1766 232 1802 9
281 1774 349 1800 ωσι
391 1775 526 1810 πικτην
566 1766 610 1800 C.
843 1765 887 1800 10
923 1763 1059 1809 εἰνοόδη
1098 1765 1142 1801 C.
1371 1765 1497 1800 δοκεῖν
1534 1767 1579 1802 C.

207 1812 254 1847 17
282 1809 420 1852 Νέπως
449 1812 501 1855 F,
533 1808 575 1845 δὲ
604 1810 686 1852 πῶς
712 1811 755 1846 C.
803 1810 944 1857 Lydu8‚
981 1824 1000 1846 e
1029 1811 1136 1846 Plinii
1166 1811 1242 1846 loco
1277 1812 1350 1855 (H.
1379 1811 1428 1847 N.
1453 1813 1475 1847 9
1511 1814 1580 1857 17)

206 1857 315 1902 haec,
358 1862 399 1892 ut
427 1856 588 1900 videtur,
626 1857 768 1891 fallente
806 1857 972 1892 memoria
1004 1862 1150 1903 petens,
1191 1859 1235 1892 de
1267 1857 1431 1891 Cornelio
1461 1858 1580 1893 Labe-

206 1902 351 1948 rioque,
374 1907 455 1937 ante
478 1902 617 1937 Claudii
639 1903 871 1948 principatum
895 1902 1098 1947 exstinctis,
1121 1903 1224 1948 plane
1245 1903 1358 1947 aliud,
1384 1905 1427 1938 de
1447 1905 1580 1948 optato

205 1948 300 2002 idem
325 1949 403 1982 fere
431 1954 537 1993 atque
570 1948 703 1982 Plinius
735 1948 889 1992 rettulit,
927 1955 1057 1982 mutato
1092 1955 1209 1984 tamen
1243 1949 1390 1997 piscium
1421 1950 1582 1992 nomine3

205 2006 254 2078 {no
279 2004 322 2027 eo
356 1993 465 2073 eniig·
481 1993 574 2028 scari
595 1999 696 2039 sunt,
730 2005 800 2028 nou
822 1994 1058 2040 acipenseres.
1093 1995 1140 2029 F.
1326 1996 1369 2030 19
1394 1995 1511 2030 οἰκίον
1535 1996 1579 2031 C.
1621 1992 1625 1996 ’

277 2050 399 2074 ανανα

117 2174 295 2210 Euxinum
314 2185 355 2209 se
371 2174 530 2210 luxuriae
547 2174 699 2209 ministri
721 2178 980 2219 converterunt,
1004 2187 1074 2210 non
1091 2176 1180 2211 mari
1202 2175 1344 2222 piscem,
1365 2188 1435 2212 non
1452 2178 1578 2213 monti-

117 2221 185 2255 δας
209 2220 356 2254 silvisve
377 2232 477 2255 avem
499 2221 730 2255 concedentes
743 2247 753 2266 ,
782 2225 858 2256 toto
881 2221 1034 2256 Phaside
1053 2222 1164 2268 epulis
1188 2222 1280 2257 haud
1297 2223 1518 2268 sufficiente,
1542 2229 1581 2259 ut

118 2266 284 2311 refugere
305 2266 463 2311 pectines
477 2293 488 2311 ,
511 2278 580 2300 non
598 2266 747 2301 naturali
768 2279 788 2302 e
809 2267 885 2302 loco
907 2267 944 2302 in
966 2267 1077 2302 locum
1099 2268 1231 2303 volatui
1249 2281 1327 2303 sese
1351 2270 1579 2314 confidentes,

118 2312 184 2347 sed
206 2323 273 2358 per
293 2313 428 2357 aerem,
451 2311 598 2350 ostracis
621 2312 732 2347 veluti
751 2312 816 2348 alis
839 2318 992 2359 utentes,
1019 2314 1153 2349 evitare
1170 2315 1419 2361 Cappadocum
1440 2316 1580 2351 voraci-

117 2362 227 2394 tatem
243 2357 459 2393 viderentur.

210 2404 269 2438 63.
319 2405 425 2445 Quod
446 2415 531 2440 vero
553 2404 770 2451 acipenseris
791 2403 899 2451 piscis
921 2406 1015 2439 forte
1037 2405 1167 2440 mentio
1189 2405 1332 2450 incidit,
1364 2406 1408 2440 de
1432 2418 1473 2440 eo
1496 2405 1581 2440 mihi

120 2449 261 2495 cognita
291 2462 496 2496 proponam.
550 2451 658 2497 piscis
687 2456 742 2486 est
766 2450 899 2495 mollis,
930 2451 1143 2496 pellucidus,
1181 2457 1221 2486 ut
1255 2451 1357 2496 quasi
1385 2451 1511 2496 glaciei
1544 2456 1582 2486 et

119 2494 284 2540 crystallo
311 2495 456 2531 similem
491 2509 606 2543 neque
633 2498 776 2532 densam
804 2502 839 2531 et
870 2508 1053 2532 nervosam
1084 2509 1223 2532 carnem
1245 2497 1377 2532 habere
1398 2498 1581 2540 videatur3

118 2539 299 2586 viviparus
326 2541 436 2586 idem,
473 2547 510 2577 et
536 2544 787 2589 quodammodo
814 2543 977 2578 ruminat.
1033 2542 1124 2578 solet
1156 2547 1269 2578 autem
1300 2543 1460 2578 felicibus
1492 2543 1580 2578 locis

119 2586 313 2630 immorari3
343 2589 435 2623 unde
458 2600 533 2623 cum
554 2590 652 2624 tibiis
676 2588 915 2634 cymbalisque
936 2589 1030 2633 apud
1051 2589 1227 2624 Romanos
1247 2590 1506 2634 apponebatur,
1542 2594 1580 2624 ut

119 2631 172 2666 ait
202 2632 414 2668 Athenaeus.
461 2639 586 2670 natans
615 2640 730 2671 autem
757 2634 1055 2670 succrescentibus
1086 2635 1100 2669 i
1126 2635 1157 2670 si
1181 2635 1297 2681 pinnis
1328 2636 1446 2670 oculos
1476 2635 1578 2681 tegit.

120 2681 158 2713 et
190 2677 324 2723 elopem
350 2679 490 2724 quidem
517 2693 594 2716 eum
625 2680 833 2716 Aristoteles
864 2691 1051 2726 omnesque
1076 2649 1217 2728 physici
1238 2686 1387 2727 vocant,
1422 2694 1489 2716 nec
1510 2693 1581 2716 non

117 2723 371 2770 Aristophanes
401 2726 595 2770 Byzantius
624 2727 661 2762 in
695 2727 846 2782 epitome
869 2727 915 2761 de
939 2726 1086 2772 piscium
1109 2727 1398 2774 proprietatibus:
1433 2727 1582 2763 Romani

118 2780 206 2804 vero
229 2770 511 2818 aquipenserem,
540 2775 584 2808 ob
608 2785 695 2819 quas
718 2773 788 2820 1ρεί
808 2773 988 2808 tradidere
1010 2784 1146 2809 causas.
1193 2773 1377 2809 Cornelius
1399 2774 1523 2820 Nepos
1546 2778 1581 2811 et

119 2815 292 2869 Laberius
323 2820 446 2862 poeta,
481 2820 580 2854 ambo
611 2820 781 2865 Romani,
819 2819 918 2854 aiunt
944 2819 1112 2874 Optatum
1142 2821 1334 2866 quendam,
1368 2820 1583 2866 Carpathiae

119 2860 242 2949 einins
265 2862 480 2909 nauclerum,
504 2864 643 2903 Claudii
663 2865 886 2914 imperatoris
906 2865 1128 2912 familiarem,
1150 2866 1270 2914 elopes
1297 2879 1341 2902 ex
1362 2867 1476 2903 infero
1496 2867 1583 2903 mari

198 2925 324 2951 oannes
355 2915 485 2962 hydas.
1254 2916 1306 2956 17
