1748 3210
615 166 693 209 DE
725 164 1004 210 MENSIBUS
1036 163 1117 210 lv.
1530 164 1595 211 83

272 278 351 327 47.
419 276 446 335 ἦ
470 279 514 322 δὲ
535 281 724 335 Μίλητος
743 279 790 323 τὸ
811 280 905 338 πρὶν
925 278 1100 322 ἐκαλεῖτο
1112 277 1378 337 Ἀνακτοριά.

271 347 352 395 48.
415 347 680 403 ’.Αμάλθειαν
698 349 743 390 δὲ
761 346 1039 406 τροφὸνΔιός,
1056 347 1130 404 τὴν
1141 349 1239 401 [τοῦ]
1254 347 1339 402 ἅμα
1350 347 1416 390 καὶ
1428 344 1597 404 ἀθρόως
1616 364 1655 400 p.
1677 354 1724 391 95

135 417 204 460 καὶ
234 415 291 460 {vi
312 415 451 476 χρόνῳ
475 418 527 460 τὰ
557 416 653 460 ὄντα
681 420 739 475 τῷ
758 416 832 458 Διὶ
859 415 1086 468 αὔξουσαν·
1119 416 1263 460 ἅλθειν
1282 417 1360 474 γὰρ
1382 415 1430 460 τὸ
1450 416 1597 468 αὔξειν.

135 480 305 544 Κράτης
329 487 374 529 δὲ
395 486 475 529 ἀπὸ
498 490 570 529 τοῦ
592 485 777 536 διαίνειν,
802 486 984 528 τουτέστι
1006 486 1185 537 πιαίνειν,
1217 485 1293 541 τὴν
1312 490 1387 541 γῆν
1403 484 1595 539 βούλεται

96 565 122 603 5
136 553 418 610 ὀνομασθῆναι
446 555 518 598 τὸν
542 555 628 596 Διά
651 553 722 597 τὸν
752 555 809 603 εἰς
834 551 967 596 πάντα
991 553 1202 610 διήκοντα·
1235 552 1510 604 Ποσειδώνιος
1524 555 1596 597 τὸν

133 623 220 666 Δία
238 623 308 667 τὸν
328 622 460 666 πάντα
480 625 719 673 διοικοῦντα,
753 619 999 678 Χρύσιππος
1024 623 1070 666 δὲ
1095 622 1166 665 διὰ
1191 622 1238 666 τὸ
1267 621 1318 664 δι’
1349 622 1472 666 αὐτὸν
1495 621 1595 665 εἶναι

130 691 184 735 τὰ
214 690 359 735 πάντα.
393 691 509 734 ἄλλοι
535 691 606 734 τὸν
623 690 708 732 Διά
732 689 951 744 βούλονται
979 690 1262 746 ὀνομασθῆναι
1292 690 1370 734 ἀπὸ
1398 694 1470 734 τοῦ
1498 693 1594 743 δεῖν,

130 761 313 804 τουτέστι
331 758 536 814 δεσμεύειν
555 760 622 802 καὶ
645 759 835 813 συνέχειν,
870 759 916 802 τὸ
935 757 1101 813 σύμπαν
1120 758 1342 814 αἰσθητόν·
1373 759 1489 802 ἄλλοι
1513 759 1594 802 ἀπὸ

131 833 205 872 τοῦ
231 830 312 884 ζῆν.
346 829 449 880 τινὲς
467 829 512 871 δὲ
530 828 634 871 κατὰ
655 827 725 871 τὸν
745 825 919 884 ἡρωϊκὸν
935 828 1003 869 καὶ
1021 827 1212 885 μεριστὸν
1228 826 1348 883 λόγον
1365 834 1471 886 τρεῖς
1489 828 1597 879 Δίας

77 905 123 942 10
136 895 232 940 εἶναι
247 896 476 952 βούλονται,
511 897 580 940 ἵνα
599 896 674 952 μὲν
686 896 887 954 Αἵθὲρος,
922 895 993 938 τὸν
1012 897 1058 939 δὲ
1076 897 1211 953 ἕτερον
1233 897 1274 938 ἓν
1298 895 1513 956 Ἀρκαδιά
1529 914 1596 940 τε-

124 969 295 1021 χθῆναι,
322 967 364 1018 ἐξ
384 961 432 1009 οὗ
459 966 584 1024 φασὶν
597 965 806 1020 ’Λθηνᾶν,
822 966 958 1022 τρίτον
977 965 1023 1007 δὲ
1041 964 1112 1007 τὸν
1131 966 1292 1023 Κρῆτα.
1328 965 1365 1007 οἱ
1392 965 1436 1007 δὲ
1456 966 1595 1007 Φοίνι-

128 1052 195 1086 κες
223 1035 394 1088 βασιλέα
427 1035 552 1092 φασὶν
587 1033 710 1077 αὐτὸν
740 1034 930 1089 γενέσθαι
958 1031 1237 1085 δικαιότατον,
1265 1031 1368 1076 ὥστε
1395 1033 1469 1088 τὴν
1503 1035 1595 1091 περὶ

126 1101 254 1145 αὗτοῦ
273 1102 397 1154 δόξαν
412 1104 617 1160 κρείττονα
638 1102 829 1158 γενέσθαι
853 1106 926 1144 τοῦ
939 1100 1107 1159 χρόνου.
1141 1100 1269 1159 ταύτῃ
1290 1100 1451 1159 Κρόνον
1470 1103 1592 1156 ε’κβα-
1616 1115 1653 1149 p·
1676 1105 1725 1141 96

127 1173 207 1213 λεῖν
234 1176 308 1226 τῆς
338 1173 550 1226 βασιλείας
576 1171 752 1227 λέγεται,
789 1170 906 1213 οἱονεὶ
933 1171 1004 1213 τὸν
1025 1169 1188 1228 χρόνον,
1223 1171 1291 1213 καὶ
1313 1171 1387 1225 τὴν
1404 1172 1446 1222 ἐξ
1469 1170 1594 1214 αὐτοῦ

72 1247 116 1284 15
128 1238 261 1295 λήθην
279 1238 530 1297 ὖπερβαλεῖν.
566 1238 587 1282 ὅ
611 1241 655 1282 δὲ
671 1240 841 1294 Μηλίοις
858 1236 936 1281 ὕπὸ
952 1238 1217 1293 ’Λμαλθειάς
1235 1238 1358 1281 αὐτὸν
1377 1243 1595 1296 τραφῆναι,

125 1306 211 1351 οἷον
238 1309 281 1350 ἐκ
307 1313 381 1363 τῆς
401 1306 622 1363 δυνάμεως,
657 1308 860 1351 τουτέστιν
884 1308 928 1349 ἐκ
946 1312 1020 1362 τῆς
1038 1307 1280 1361 ἇμαλακίας.
1316 1305 1338 1349 ὃ
1362 1308 1407 1349 δὲ
1423 1306 1595 1365 Κράτης

122 1377 197 1420 τὸν
217 1375 378 1434 Κρόνον
405 1375 506 1435 φησὶ
535 1377 720 1427 Σικελίας
748 1377 815 1418 καὶ
838 1375 1011 1426 Ἰταλίας
1038 1376 1106 1418 καὶ
1135 1380 1208 1418 τοῦ
1235 1376 1422 1419 πλείστου
1442 1377 1594 1433 μέρους

122 1450 198 1502 τῆς
218 1444 388 1500 Λιβύης
415 1449 656 1500 βασιλεῦσαι
688 1444 876 1499 ἀπηνῶς,
910 1444 981 1487 τὸν
1010 1445 1054 1486 δὲ
1082 1443 1228 1487 τούτου
1251 1444 1340 1486 υἱὸν
1369 1445 1592 1487 ἐπιθέσθαι

122 1518 181 1573 τῷ
200 1515 335 1571 πατρί,
371 1516 438 1556 καὶ
458 1514 580 1556 αὐτὸν
601 1514 675 1568 μὲν
700 1515 756 1563 εἷς
779 1512 947 1567 ἔσχατον
973 1510 1116 1555 ἐλάσαι
1134 1517 1208 1568 τῆς
1228 1512 1395 1563 δύσεως,
1429 1511 1593 1569 ἡμερώ-

66 1589 227 1626 mmm
261 1583 307 1624 δὲ
330 1586 403 1637 τῆς
428 1582 636 1637 βασιλείας
657 1581 950 1639 ἀντιλαβέσθαι
975 1582 1043 1622 καὶ
1063 1581 1132 1623 διὰ
1151 1586 1270 1624 τοῦτο
1289 1586 1514 1635 τιμηθῆναι
1537 1579 1592 1632 ὡς

120 1649 234 1694 θεόν.
262 1650 559 1709 ’Ἐρατοσθένης
579 1667 622 1706 γε
650 1650 732 1705 μὴν
750 1649 822 1692 τὸν
840 1650 926 1691 Διά
947 1650 990 1692 ἓν
1013 1654 1064 1706 τῇ
1087 1648 1234 1707 Κρήτῃ
1255 1653 1451 1705 τεχθῆναι
1472 1651 1589 1705 λέγει,

120 1718 309 1765 κάκεῖθεν
328 1719 397 1762 διὰ
414 1720 483 1763 τὸν
501 1718 665 1777 Κρόνου
686 1716 818 1778 φόβον
835 1722 1124 1775 μετενεχθῆναι
1144 1721 1200 1769 εἷς
1215 1716 1369 1770 Νάξον.
1398 1718 1591 1774 Εὔμηλος

211 1815 483 1854 summoue
516 1813 560 1849 Ρ.
746 1815 769 1850 9
801 1815 878 1858 ζεῖν
910 1814 958 1849 V.
1145 1813 1190 1849 14
1211 1812 1281 1848 τοῦ
1305 1810 1444 1856 χρόνον
1467 1812 1588 1857 vulgo.

211 1861 257 1896 16
279 1859 543 1905 ἀμαλακιστίας
563 1860 777 1896 Roetherus.
963 1860 1007 1895 18
1033 1857 1239 1896 ἐπιθέσθαι
1260 1859 1482 1895 Roetherus=
1505 1859 1587 1894 libri

208 1907 424 1943 πείθεσθαι.
561 1907 609 1941 20
631 1905 694 1941 καὶ
715 1903 835 1942 αὐτὸν
855 1902 919 1941 διὰ
937 1905 983 1942 Ρ.

208 1985 270 2022 47.
316 1985 461 2022 Miletus
481 1988 586 2021 antea
605 1986 800 2020 vocabatur
821 1984 1025 2020 Anactoria.

208 2032 270 2068 48.
317 2032 534 2067 Amaltheam
559 2032 731 2067 nutricem
753 2030 850 2065 Iovis
873 2031 1052 2066 vocabant
1066 2033 1232 2077 tanquam
1253 2041 1351 2075 eam,
1374 2041 1465 2076 quae
1485 2029 1586 2065 simul

119 2080 169 2119 el:>
184 2077 293 2113 semel
324 2082 362 2113 et
391 2089 461 2112 uno
491 2079 684 2122 eodemque
715 2082 874 2123 tempore
905 2088 949 2111 ea
978 2087 1068 2122 quae
1097 2080 1179 2111 sunt
1199 2077 1278 2111 Iovi
1299 2083 1425 2122 auget:
1452 2072 1588 2111 ἄλθειν

119 2123 213 2159 enim
231 2135 363 2171 augere
381 2127 450 2158 est.
497 2124 623 2158 Crates
641 2126 756 2158 autem
774 2136 795 2158 a
812 2121 1107 2169 pinguefaciendo
1126 2126 1258 2157 terram
1279 2122 1356 2157 vult
1375 2122 1590 2157 nominatum

118 2169 262 2215 Iovem,
294 2181 372 2205 eum
395 2169 458 2215 qui
479 2181 545 2216 per
567 2169 682 2204 omnia
703 2169 877 2215 pertinet:
910 2168 1122 2203 Posidonius
1143 2168 1218 2202 Δία
1239 2173 1404 2214 tanquam
1428 2180 1506 2203 eum
1526 2167 1588 2214 qui

119 2215 288 2251 universa
310 2216 547 2259 administren
568 2215 790 2262 Chrysippus
811 2227 897 2250 vero
918 2220 1110 2261 propterea
1130 2215 1222 2259 quod
1248 2211 1300 2249 δι’
1319 2226 1386 2260 per
1407 2226 1485 2249 eum
1505 2218 1588 2248 sunt

119 2260 301 2296 universa.
357 2261 417 2296 alii
455 2262 532 2296 Δία
572 2261 697 2296 volunt
733 2261 945 2296 nominatum
975 2272 998 2296 a
1031 2260 1273 2305 coniungendo
1306 2265 1343 2294 et
1375 2260 1587 2295 continendo

120 2306 237 2342 omnia
267 2318 358 2354 quae
389 2308 550 2343 sensibus
579 2307 739 2342 subiecta
759 2312 861 2350 sunt3
887 2307 946 2341 alii
967 2318 989 2342 a
1010 2306 1179 2341 vivendo.
1223 2305 1379 2341 nonnulli
1402 2311 1518 2340 autem
1542 2316 1587 2340 ex

117 2351 263 2388 heroica
294 2360 332 2388 et
360 2353 549 2399 separabili
581 2354 742 2389 doctrina
769 2357 844 2388 tres
876 2353 982 2388 Ioves
1014 2364 1092 2387 esse
1117 2351 1256 2395 volunt,
1292 2363 1398 2386 unum
1419 2351 1586 2386 Aetheris

116 2397 248 2444 fllium,
273 2398 418 2434 alterum
439 2399 478 2434 in
495 2400 647 2435 Arcadia
670 2405 804 2444 natum,
829 2411 874 2434 ex
897 2411 966 2446 quo
988 2398 1186 2433 Minervam
1209 2398 1331 2432 dicunt
1351 2401 1584 2443 procreatam,

117 2443 260 2479 tertium
280 2445 500 2482 Cretensem.
544 2445 743 2480 Phoenices
766 2450 882 2480 autem
906 2457 1026 2491 regem
1050 2444 1172 2478 dicunt
1199 2454 1276 2478 eum
1299 2443 1410 2478 fuisse
1427 2442 1584 2477 iustissi-

116 2500 228 2536 mum,
254 2495 294 2525 ut
323 2491 398 2526 eius
420 2493 515 2527 fama
534 2491 757 2538 superaverit
778 2497 930 2538 tempus.
974 2491 1127 2536 ideoque
1153 2490 1343 2523 Saturnum
1366 2488 1514 2523 eiecisse
1537 2500 1583 2523 ex

116 2546 227 2581 reguo
256 2537 408 2583 (licitur,
445 2537 546 2585 quasi
577 2550 622 2573 ex
653 2543 835 2584 tempore,
870 2542 908 2572 et
929 2549 1005 2572 eam
1027 2547 1118 2582 quae
1139 2535 1222 2570 inde
1240 2534 1352 2569 oritur
1369 2534 1582 2569 oblivionem

117 2592 318 2628 superasse.
363 2582 491 2619 Melias
512 2585 556 2620 ab
579 2583 762 2619 Amalthea
785 2595 862 2619 eum
880 2583 1049 2618 nutritum
1067 2581 1136 2626 ait,
1163 2586 1328 2626 tanquam
1346 2592 1368 2615 a
1385 2580 1441 2625 vi,
1462 2580 1501 2615 id
1525 2585 1582 2615 est

117 2638 142 2661 a
168 2627 312 2663 duritie.
358 2629 484 2665 crates
517 2635 633 2666 autem
664 2632 853 2666 Saturnum
881 2629 970 2664 dicit
996 2629 1038 2668 in,
1061 2627 1185 2662 Sicilia
1213 2632 1250 2661 et
1268 2625 1372 2661 Italia
1392 2631 1430 2661 et
1448 2625 1581 2661 maiore

118 2672 259 2717 Libyae
285 2678 387 2728 parte
415 2687 583 2720 regnasse
613 2675 827 2721 crudeliter,
864 2675 940 2710 eius
974 2678 1090 2710 autem
1116 2673 1225 2708 filium
1247 2672 1422 2707 invasisse
1445 2677 1580 2718 patrem

119 2729 268 2764 eumque
287 2730 326 2753 in
346 2725 519 2756 exn-emas
542 2722 734 2758 occidentis
756 2727 877 2769 partes
901 2721 1095 2767 expulisse,
1119 2718 1296 2754 lenissime
1320 2723 1436 2753 autem
1453 2723 1578 2766 capes-

119 2763 248 2799 sivisse
265 2775 410 2810 regnum
426 2767 578 2814 ideoque
600 2767 730 2804 cultum
753 2780 832 2803 esse
855 2771 895 2802 ut
918 2768 1034 2802 deum.
1080 2764 1337 2800 Eratosthenes
1354 2776 1440 2799 vero
1458 2764 1579 2799 Iovem

119 2809 159 2845 in
184 2810 294 2847 Creta
319 2815 438 2849 uatum
463 2813 534 2860 ait,
564 2814 719 2862 indeque
748 2816 794 2851 ob
825 2812 972 2850 Saturni
993 2816 1121 2848 metum
1143 2810 1347 2848 translatum
1368 2811 1406 2846 in
1425 2810 1577 2847 Naxum.
