1748 3210
237 176 335 223 264²
751 177 971 220 IOANNIS
1005 176 1138 219 LYDI

232 306 291 334 σει
311 288 522 347 ἀδιακρίτῳ
543 286 743 337 σκοτῶσας
751 319 764 339 ,
798 285 987 341 ἀλλήλαις
1006 286 1078 336 τὰς
1097 288 1303 342 λεγομένας
1322 283 1561 343 ἐπινεμῆσεις
1579 287 1653 343 ἐμ-

230 359 372 412 μίξας,
407 355 462 406 ὥς
481 356 675 410 μηδέποτε
698 354 819 410 πέρας
841 354 949 411 αὐτῷ
972 353 1154 408 γενέσθαι
1178 360 1248 408 τῆς
1268 356 1391 411 ἀρχῆς
1398 387 1412 407 ,
1444 357 1548 410 μηδέ
1563 373 1654 398 τινα

230 429 309 467 τῶν
329 423 407 465 ἀπὸ
424 429 494 476 τῆς
508 425 656 474 βουλῆς
672 420 697 474 ἢ
716 419 817 469 ὅλως
835 426 905 463 τοῦ
927 422 1080 465 δικαίου
1100 426 1383 477 περιαγροῢντα
1399 427 1549 477 τολμᾶν
1565 423 1651 464 ἐπι-

231 492 429 544 λαβέσθαι
463 493 533 541 τῆς
568 487 806 540 διοικήσεως.
872 486 1070 543 ἐπεκούρει
1100 490 1142 530 δὲ
1173 487 1280 541 ὅμως
1306 495 1387 538 τοῖς
1414 487 1601 543 ὑπηκόοις
1628 488 1651 530 ὃ

231 556 417 610 βασιλεὺς
438 554 541 596 καθ’
567 554 660 597 ὅσον
683 552 911 610 ἀνθρώποις
933 553 1112 597 δυνατόν.
1179 555 1301 609 (70)
1337 554 1375 596 οἳ
1398 556 1440 597 δὲ
1456 553 1684 610 ὑποτελεΐςὸ

232 624 277 666 τὸ
307 621 442 664 λοιπὸν
467 621 539 663 οὐκ
565 621 686 676 οὔσης
715 622 848 671 αὐτοῖς
876 622 967 663 οὐδὲ
995 622 1210 678 ἀφεθείσης
1238 622 1463 678 περιουσίας
1489 622 1556 663 διὰ
1582 622 1655 671 τὰς

232 689 409 737 συνωνᾶς
439 690 504 730 καὶ
533 688 744 745 ἀγγαρίους
771 690 836 730 καὶ
866 689 959 738 τοὺς
982 690 1023 738 ἐξ
1050 689 1180 732 αὐτῶν
1205 686 1368 739 πόνους,
1401 691 1593 743 γυναικῶν
1612 705 1655 730 τε

232 757 304 798 σὺν
321 756 536 808 ἐπιμαζίοις
554 756 741 811 βρέφεσιν
760 755 1078 812 ἆχθοφορουσῶν
1095 758 1161 798 καὶ
1179 757 1487 809 ὃιακομιζουσῶν
1504 754 1554 795 τὰ
1573 754 1654 809 εἴδη

232 824 275 864 ἐκ
305 823 509 876 μεσογείου
540 827 698 879 μακρᾶς
729 824 790 863 ἐπὶ
819 822 1033 865 θάλασσαν
1059 823 1231 877 ἀνηλεεῖς
1255 824 1320 864 καὶ
1340 821 1488 878 ἄταφοι
1509 821 1571 862 ἐπὶ
1587 824 1660 874 τῆς

232 888 460 945 ὁδοιπορίας
481 888 673 940 θάνατοι,
707 894 785 931 τῶν
801 906 841 930 τε
857 890 949 938 τοὺς
968 889 1146 943 δασμοὺς
1165 890 1441 945 πραττομένων
1462 885 1657 943 πολυτρό-
1670 894 1712 929 10

232 972 332 1005 πους
359 957 425 997 καὶ
450 954 776 1010 πολυσημάντους
796 986 807 996 .
894 955 1155 1010 κηνσουάλια,
1191 954 1436 1012 ὅλογραφικά
1445 986 1459 1006 ,
1491 957 1660 1008 βουλευ-

232 1022 345 1073 τικά,
381 1020 600 1076 ὃμόδουλα,
636 1021 836 1076 ὃμόκηνσα
846 1052 860 1073 ,
894 1022 1094 1079 ἄφαντικά
1105 1054 1118 1073 ,
1152 1022 1525 1078 ἐγκαταλελειμμένα
1538 1051 1552 1072 ,
1584 1037 1660 1062 πο-

231 1087 362 1130 λιτικά
372 1120 384 1140 ,
429 1087 627 1143 ταμιακά,
674 1087 895 1130 δεπουτάτα
907 1120 921 1141 ,
967 1089 1158 1145 ῥεκολάτα
1169 1120 1181 1140 ,
1227 1089 1402 1145 ρἐουσα
1415 1119 1428 1140 ‚
1478 1104 1661 1143 κεραστι-

234 1155 381 1209 σμούς,
415 1154 559 1211 ῥοπάς,
593 1159 856 1210 παραλλα.α,
894 1153 1062 1205 τόπους,
1105 1154 1339 1208 ἐνδοματικά
1348 1186 1362 1206 ,
1399 1152 1660 1210 μητατορικᾶ,

234 1224 300 1264 καὶ
319 1221 419 1274 μετὰ
439 1221 510 1275 τὴν
529 1219 678 1263 τούτων
701 1251 756 1262 ...
782 1225 1001 1277 ελληφορον
1021 1221 1231 1274 ἀπαίτησιν
1241 1252 1254 1272 ,
1287 1223 1348 1263 ἐπὶ
1372 1225 1443 1263 τοῦ
1461 1222 1656 1274 νομίσμα·
1671 1226 1713 1262 15

233 1304 302 1337 τος
324 1287 455 1329 ἄλλων
475 1289 627 1344 μυρίων
654 1287 784 1343 ὥσπερ
809 1288 851 1337 ἐξ
873 1286 1000 1344 ὕδρας
1025 1287 1291 1342 ἀνισταμένων
1312 1292 1441 1329 κακῶν
1459 1293 1542 1336 τοῖς
1561 1285 1660 1329 ὕπο-

233 1355 381 1397 τελὲσιν
405 1353 505 1412 ὑπὲρ
536 1355 825 1411 ἀνωμεριτικων
853 1371 998 1404 σουσος
1020 1357 1174 1396 παιδων
1296 1370 1416 1407 ιμων,
1449 1370 1662 1407 κομιτατηη

233 1423 342 1474 σίων,
375 1422 639 1478 μονοπτὲρων,
672 1439 842 1475 μονα...
864 1422 1159 1475 ἀπηλλημὲνων,
1185 1419 1456 1478 λευκοχρῦσων
1475 1437 1664 1476 ...περας

234 1505 307 1538 τας
342 1490 381 1531 ἐν
503 1491 568 1531 καὶ
681 1487 1011 1546 ὗπερμαχούντων
1042 1489 1116 1538 τὰς
1148 1489 1249 1530 κατὰ
1368 1488 1665 1544 προνοουμένων

235 1556 550 1612 λαφυραγωγοῦς
577 1554 759 1612 ἁρπαγάς
767 1587 779 1606 ,
812 1557 905 1608 βίας
923 1573 963 1597 τε
980 1557 1045 1596 καὶ
1063 1556 1225 1612 φθορὰς
1241 1559 1318 1597 τῶν
1335 1554 1661 1610 παραπορευομέ-
1672 1558 1717 1592 20

234 1638 313 1664 νων
333 1623 398 1663 διὰ
418 1628 496 1664 τῶν
517 1624 713 1678 ἐπαρχιῶν
731 1621 1057 1678 στρατευμάτων,
1089 1622 1166 1664 ὅσα
1185 1622 1287 1664 κατὰ
1305 1622 1349 1663 τὸ
1371 1622 1581 1676 ἀναγκαῖον
1601 1622 1663 1662 ἐπὶ

234 1688 328 1738 τοὺς
354 1689 548 1742 πολέμους
578 1687 706 1743 ὁρμᾶν
735 1691 965 1741 συμβαίνει,
996 1689 1057 1730 διὸ
1087 1690 1332 1745 κουφοτέραν
1354 1687 1426 1742 τὴν
1448 1687 1664 1744 ἐπιδρομὴν

233 1759 313 1796 τῶν
331 1754 551 1812 βαρβάρων
568 1759 639 1809 τῆς
655 1756 882 1804 ἐπιστασίας
898 1761 976 1797 τῶν
996 1757 1145 1798 οἰκείων
1163 1756 1208 1798 τὸ
1226 1754 1399 1809 ὑπήκοον
1419 1753 1548 1811 ἑαυτῷ
1566 1758 1663 1796 συλ-

235 1824 439 1877 λογίζεται.
508 1822 575 1863 διὰ
591 1821 739 1871 ταύτας
753 1823 883 1864 τοίνυν
902 1822 974 1872 τὰς
991 1824 1141 1874 αἰτίας,
1173 1826 1325 1876 μᾶλλον
1342 1823 1386 1863 δὲ
1404 1819 1662 1878 περιστάσεις,

323 1949 347 1984 3
367 1949 656 1992 περιαλγοῦντα7
678 1960 721 1983 an
743 1948 1029 1992 nsocsoyoz‘aevtot?
1126 1948 1149 1983 4
1169 1943 1268 1991 ὅμως
1287 1948 1366 1986 τοῖς
1387 1948 1439 1991 F,
1465 1943 1598 1989 ὁμοίως
1620 1946 1663 1979 C.

323 1996 366 2029 11
390 1994 593 2028 tributorum
616 1995 771 2037 nomina,
796 1993 958 2046 quoniam
977 1993 1044 2027 alia
1065 2004 1134 2028 non
1155 1993 1326 2046 intelligo,
1353 1992 1419 2026 alia
1442 1991 1568 2026 Latina
1586 1995 1666 2024 sunt

323 2043 385 2073 aut
401 2040 606 2085 depravata,
630 2039 667 2074 in
685 2039 844 2073 versione
863 2049 972 2072 omis1.
997 2039 1043 2073 F.
1195 2037 1242 2072 24
1264 2037 1390 2081 αρτίας
1408 2037 1451 2071 C.

234 2147 353 2192 sione,
387 2159 471 2193 quas
501 2148 706 2183 indictiones
732 2152 859 2183 vocant
887 2148 979 2182 inter
1006 2160 1045 2182 se
1074 2148 1239 2191 miscens,
1261 2147 1472 2190 involverat,
1498 2155 1665 2190 nunquam

233 2199 274 2227 ut
291 2194 391 2227 finem
411 2194 484 2226 eins
504 2194 723 2237 magistratus
746 2195 911 2238 haberet,
933 2205 1045 2238 neque
1063 2195 1239 2238 quisquam
1258 2205 1277 2227 e
1295 2198 1432 2235 senatu,
1457 2197 1516 2225 aut
1532 2189 1667 2224 omnino

235 2238 293 2271 cui
318 2238 413 2271 cordi
437 2244 530 2271 esset
551 2239 703 2281 iustitia,
734 2239 910 2283 suscipere
942 2239 1268 2272 administrationem
1292 2239 1443 2271 auderet.
1489 2246 1666 2270 succurre-

235 2283 297 2316 bat
325 2281 541 2316 nihilominus
573 2283 737 2316 subiectis
762 2284 949 2328 imperator
983 2288 1143 2327 quantum
1175 2285 1217 2317 ab
1247 2283 1384 2317 homine
1412 2280 1489 2315 fieri
1517 2284 1665 2324 poterat.

237 2328 332 2370 (70)
363 2327 541 2361 collatores
573 2339 655 2360 vero
686 2339 759 2361 cum
789 2338 891 2372 porro
915 2339 1026 2372 neque
1050 2329 1229 2362 facultates
1256 2340 1366 2372 neque
1389 2337 1446 2360 eas
1469 2323 1667 2369 acquirendi

238 2371 372 2416 copiam
390 2372 557 2406 haberent
579 2374 623 2405 ob
647 2373 877 2416 coemptiones
903 2378 939 2406 et
961 2373 1120 2417 angarios
1140 2378 1243 2416 atque
1266 2373 1347 2406 inde
1369 2375 1547 2404 nascentes
1569 2368 1666 2402 labo-

238 2427 316 2460 res,
342 2417 535 2461 mulierum,
560 2417 763 2450 lactantibus
781 2429 855 2451 cum
877 2417 1064 2452 infantibus
1089 2429 1196 2452 onera
1213 2417 1391 2450 ferentium
1404 2441 1413 2458 ‚
1436 2416 1513 2448 dum
1535 2413 1668 2458 species

239 2460 458 2506 longinquum
481 2463 525 2495 ad
544 2472 636 2495 mare
661 2466 815 2505 portant,
849 2462 1106 2496 immiserabiles
1125 2468 1161 2496 et
1177 2462 1352 2506 sepultura
1372 2465 1526 2494 carentes
1549 2459 1585 2492 in
1607 2457 1667 2492 iti-

238 2516 321 2539 nere
343 2507 477 2548 obitus3
502 2511 537 2541 et
554 2507 684 2540 tributa
704 2506 910 2549 exigentium
930 2507 1131 2552 multiplices
1149 2506 1392 2550 multorumque
1410 2503 1579 2539 nominum
1593 2525 1668 2536 ....

239 2552 285 2584 ad
304 2559 446 2594 quorum
470 2574 480 2584 .
495 2575 504 2584 .
517 2575 527 2584 .
539 2574 549 2585 .
569 2550 778 2584 exactionem
797 2551 864 2584 alia
881 2552 1057 2586 innumera
1078 2552 1164 2586 mala
1181 2552 1406 2592 accedebant,
1431 2561 1451 2583 e
1469 2548 1668 2582 numismate

241 2595 406 2629 subiectis
429 2595 535 2630 veluti
557 2607 598 2630 ex
621 2596 732 2638 hydra
753 2596 930 2629 nascentia
954 2620 964 2630 .
978 2621 987 2630 .
1002 2620 1033 2630 ..
1057 2602 1127 2630 tum
1150 2597 1193 2630 ob
1217 2600 1521 2640 propugnatorum,
1544 2591 1668 2637 quibus

240 2639 518 2685 prospiciebant,
540 2640 773 2685 praedantium
791 2640 946 2684 rapinas,
968 2641 1106 2685 vimque
1127 2645 1163 2674 et
1185 2641 1420 2686 populationes
1440 2649 1504 2684 per
1525 2637 1666 2682 provin-

241 2685 312 2718 cias
347 2685 416 2718 iter
445 2686 640 2719 facientium
673 2684 902 2728 exercituum,
934 2695 1020 2728 quos
1053 2685 1155 2719 obvia
1182 2686 1388 2719 necessitate
1407 2684 1448 2717 ‘in
1469 2683 1584 2716 hostes
1615 2681 1667 2714 ire

241 2729 431 2773 contingit3
464 2740 562 2775 quam
593 2732 636 2764 ob
664 2741 736 2763 rem
769 2729 932 2763 leviorem
965 2730 1032 2764 sibi
1061 2731 1282 2765 barbarorum
1314 2728 1540 2764 incursionem
1564 2736 1665 2771 quam

241 2784 380 2809 suorum
402 2786 527 2810 moram
549 2774 698 2810 subiecti
716 2779 892 2821 reputant=
929 2775 991 2810 has
1017 2773 1125 2820 igitur
1146 2777 1189 2811 ob
1211 2787 1333 2812 causae
1355 2786 1417 2810 seu
1438 2771 1555 2819 potius
1572 2770 1665 2805 ,cala-
