<?xml version="1.0" encoding="UTF-8"?>
<!DOCTYPE html PUBLIC "-//W3C//DTD XHTML 1.0 Transitional//EN"
    "http://www.w3.org/TR/xhtml1/DTD/xhtml1-transitional.dtd">
<html xmlns="http://www.w3.org/1999/xhtml" xml:lang="en" lang="en">
 <head>
  <title>
</title>
<meta http-equiv="Content-Type" content="text/html;charset=utf-8" />
  <meta name='ocr-system' content='tesseract 3.04.00' />
  <meta name='ocr-capabilities' content='ocr_page ocr_carea ocr_par ocr_line ocrx_word'/>
</head>
<body>
  <div class='ocr_page' id='page_1' title='image "./corpusscriptorum27niebuoft/corpusscriptorum27niebuoft_0253.png"; bbox 0 0 1748 3210; ppageno 0'>
   <div class='ocr_carea' id='block_1_1' title="bbox 394 170 1595 217">
    <p class='ocr_par' dir='ltr' id='par_1_1' title="bbox 394 170 1595 217">
     <span class='ocr_line' id='line_1_1' title="bbox 394 170 1595 217; baseline 0.002 -2"><span class='ocrx_word' id='word_1_1' title='bbox 394 171 470 215; x_wconf 94' lang='lat' dir='ltr'><em>DE</em></span> <span class='ocrx_word' id='word_1_2' title='bbox 503 171 948 216; x_wconf 85' lang='lat' dir='ltr'><strong>MAGISTRATIBUS</strong></span> <span class='ocrx_word' id='word_1_3' title='bbox 975 172 1022 215; x_wconf 92' lang='lat' dir='ltr'><em>P.</em></span> <span class='ocrx_word' id='word_1_4' title='bbox 1050 171 1103 214; x_wconf 90' lang='lat' dir='ltr'><em>R.</em></span> <span class='ocrx_word' id='word_1_5' title='bbox 1137 170 1242 213; x_wconf 89' lang='lat' dir='ltr'><strong>LIB.</strong></span> <span class='ocrx_word' id='word_1_6' title='bbox 1271 171 1326 214; x_wconf 87' lang='lat'><em>11.</em></span> <span class='ocrx_word' id='word_1_7' title='bbox 1502 171 1595 217; x_wconf 87' lang='grc'><em>183</em></span> 
     </span>
    </p>
   </div>
   <div class='ocr_carea' id='block_1_2' title="bbox 56 283 1594 1781">
    <p class='ocr_par' dir='ltr' id='par_1_2' title="bbox 56 283 1594 1781">
     <span class='ocr_line' id='line_1_2' title="bbox 134 283 1594 343; baseline -0.001 -13"><span class='ocrx_word' id='word_1_8' title='bbox 134 285 348 341; x_wconf 68' lang='grc' dir='ltr'><em>ἑλκομένη,</em></span> <span class='ocrx_word' id='word_1_9' title='bbox 363 285 427 328; x_wconf 87' lang='grc' dir='ltr'><em>.τό</em></span> <span class='ocrx_word' id='word_1_10' title='bbox 448 286 541 343; x_wconf 80' lang='grc' dir='ltr'><em>πρὶν</em></span> <span class='ocrx_word' id='word_1_11' title='bbox 564 286 762 341; x_wconf 79' lang='grc' dir='ltr'><em>μηδέποτε</em></span> <span class='ocrx_word' id='word_1_12' title='bbox 771 318 786 338; x_wconf 87' lang='grc'><em>,</em></span> <span class='ocrx_word' id='word_1_13' title='bbox 819 283 963 342; x_wconf 76' lang='grc' dir='ltr'><em>μήτεγε</em></span> <span class='ocrx_word' id='word_1_14' title='bbox 990 283 1123 341; x_wconf 80' lang='grc' dir='ltr'><em>πάσης</em></span> <span class='ocrx_word' id='word_1_15' title='bbox 1150 289 1223 341; x_wconf 82' lang='grc' dir='ltr'><em>τῆς</em></span> <span class='ocrx_word' id='word_1_16' title='bbox 1247 289 1403 341; x_wconf 84' lang='grc' dir='ltr'><em>βουλῆς</em></span> <span class='ocrx_word' id='word_1_17' title='bbox 1422 302 1594 343; x_wconf 89' lang='grc' dir='ltr'><em>προτρε-</em></span> 
     </span>
     <span class='ocr_line' id='line_1_3' title="bbox 130 354 1594 411; baseline -0.001 -13"><span class='ocrx_word' id='word_1_18' title='bbox 130 354 284 411; x_wconf 72' lang='grc' dir='ltr'><em>χοόσης</em></span> <span class='ocrx_word' id='word_1_19' title='bbox 312 356 353 396; x_wconf 76' lang='grc' dir='ltr'><em>ἐν</em></span> <span class='ocrx_word' id='word_1_20' title='bbox 380 360 465 405; x_wconf 79' lang='grc' dir='ltr'><em>τοῖς</em></span> <span class='ocrx_word' id='word_1_21' title='bbox 493 355 718 410; x_wconf 74' lang='grc' dir='ltr'><em>λεγομένοις</em></span> <span class='ocrx_word' id='word_1_22' title='bbox 743 357 967 407; x_wconf 89' lang='grc' dir='ltr'><em>σιλεντιόις,</em></span> <span class='ocrx_word' id='word_1_23' title='bbox 1016 355 1080 397; x_wconf 76' lang='grc' dir='ltr'><em>ἐπὶ</em></span> <span class='ocrx_word' id='word_1_24' title='bbox 1111 358 1184 410; x_wconf 85' lang='grc' dir='ltr'><em>τῆς</em></span> <span class='ocrx_word' id='word_1_25' title='bbox 1215 354 1341 408; x_wconf 73' lang='grc' dir='ltr'><em>αὐλῆς</em></span> <span class='ocrx_word' id='word_1_26' title='bbox 1372 355 1594 411; x_wconf 77' lang='grc' dir='ltr'><em>φαινομένη</em></span> 
     </span>
     <span class='ocr_line' id='line_1_4' title="bbox 135 422 1594 480; baseline -0.001 -13"><span class='ocrx_word' id='word_1_27' title='bbox 135 423 239 467; x_wconf 77' lang='grc' dir='ltr'><em>κατὰ</em></span> <span class='ocrx_word' id='word_1_28' title='bbox 263 422 310 465; x_wconf 85' lang='grc' dir='ltr'><em>τὸ</em></span> <span class='ocrx_word' id='word_1_29' title='bbox 343 422 524 480; x_wconf 74' lang='grc' dir='ltr'><em>πρόσθεν</em></span> <span class='ocrx_word' id='word_1_30' title='bbox 551 424 779 480; x_wconf 81' lang='grc' dir='ltr'><em>εῗρημένον,</em></span> <span class='ocrx_word' id='word_1_31' title='bbox 821 424 1029 467; x_wconf 86' lang='grc' dir='ltr'><em>τελευταία</em></span> <span class='ocrx_word' id='word_1_32' title='bbox 1051 424 1124 478; x_wconf 78' lang='grc' dir='ltr'><em>μὲν</em></span> <span class='ocrx_word' id='word_1_33' title='bbox 1146 427 1289 466; x_wconf 83' lang='grc' dir='ltr'><em>πασῶν</em></span> <span class='ocrx_word' id='word_1_34' title='bbox 1316 425 1494 466; x_wconf 79' lang='grc' dir='ltr'><em>εἰσιοῢσα</em></span> <span class='ocrx_word' id='word_1_35' title='bbox 1512 427 1594 465; x_wconf 79' lang='grc' dir='ltr'><em>τῶν</em></span> 
     </span>
     <span class='ocr_line' id='line_1_5' title="bbox 133 489 1592 550; baseline -0.001 -14"><span class='ocrx_word' id='word_1_36' title='bbox 133 491 294 550; x_wconf 71' lang='grc' dir='ltr'><em>ἀρχῶν,</em></span> <span class='ocrx_word' id='word_1_37' title='bbox 336 490 475 549; x_wconf 84' lang='grc' dir='ltr'><em>πρώτη</em></span> <span class='ocrx_word' id='word_1_38' title='bbox 511 492 554 534; x_wconf 76' lang='grc' dir='ltr'><em>δὲ</em></span> <span class='ocrx_word' id='word_1_39' title='bbox 582 496 804 549; x_wconf 78' lang='grc' dir='ltr'><em>προϊοῦσα,</em></span> <span class='ocrx_word' id='word_1_40' title='bbox 846 497 919 547; x_wconf 84' lang='grc' dir='ltr'><em>τῆς</em></span> <span class='ocrx_word' id='word_1_41' title='bbox 943 493 1144 546; x_wconf 80' lang='grc' dir='ltr'><em>βασιλέως</em></span> <span class='ocrx_word' id='word_1_42' title='bbox 1171 489 1320 542; x_wconf 78' lang='grc' dir='ltr'><em>εἰκόνος</em></span> <span class='ocrx_word' id='word_1_43' title='bbox 1346 491 1436 534; x_wconf 74' lang='grc' dir='ltr'><em>ἄντ’</em></span> <span class='ocrx_word' id='word_1_44' title='bbox 1466 490 1592 534; x_wconf 82' lang='grc' dir='ltr'><em>αὗτοῦ</em></span> 
     </span>
     <span class='ocr_line' id='line_1_6' title="bbox 91 559 1593 619; baseline 0 -17"><span class='ocrx_word' id='word_1_45' title='bbox 91 567 124 607; x_wconf 79' lang='grc'><em>’5</em></span> <span class='ocrx_word' id='word_1_46' title='bbox 133 559 480 619; x_wconf 76' lang='grc' dir='ltr'><em>παραπεμπούσης</em></span> <span class='ocrx_word' id='word_1_47' title='bbox 501 559 638 615; x_wconf 76' lang='grc' dir='ltr'><em>αὐτήν,</em></span> <span class='ocrx_word' id='word_1_48' title='bbox 670 559 786 603; x_wconf 70' lang='grc' dir='ltr'><em>ἔνθεν</em></span> <span class='ocrx_word' id='word_1_49' title='bbox 810 565 884 604; x_wconf 77' lang='grc' dir='ltr'><em>τοῦ</em></span> <span class='ocrx_word' id='word_1_50' title='bbox 914 559 1076 618; x_wconf 82' lang='grc' dir='ltr'><em>πρώτου</em></span> <span class='ocrx_word' id='word_1_51' title='bbox 1105 565 1185 604; x_wconf 81' lang='grc' dir='ltr'><em>τῶν</em></span> <span class='ocrx_word' id='word_1_52' title='bbox 1213 561 1435 617; x_wconf 85' lang='grc' dir='ltr'><em>λεγομένων</em></span> <span class='ocrx_word' id='word_1_53' title='bbox 1460 563 1593 603; x_wconf 88' lang='grc' dir='ltr'><em>σιλεν-</em></span> 
     </span>
     <span class='ocr_line' id='line_1_7' title="bbox 129 627 1592 687; baseline -0.002 -14"><span class='ocrx_word' id='word_1_54' title='bbox 129 630 296 686; x_wconf 82' lang='grc' dir='ltr'><em>τιαρίων</em></span> <span class='ocrx_word' id='word_1_55' title='bbox 317 627 638 684; x_wconf 79' lang='grc' dir='ltr'><em>(ἇμισσιονάλιος</em></span> <span class='ocrx_word' id='word_1_56' title='bbox 655 629 853 683; x_wconf 86' lang='grc' dir='ltr'><em>καλεῖται)</em></span> <span class='ocrx_word' id='word_1_57' title='bbox 887 628 930 680; x_wconf 72' lang='grc' dir='ltr'><em>ἐξ</em></span> <span class='ocrx_word' id='word_1_58' title='bbox 958 628 1134 672; x_wconf 72' lang='grc' dir='ltr'><em>ἑωθινοῦ</em></span> <span class='ocrx_word' id='word_1_59' title='bbox 1162 630 1266 687; x_wconf 80' lang='grc' dir='ltr'><em>πρὸς</em></span> <span class='ocrx_word' id='word_1_60' title='bbox 1292 634 1366 685; x_wconf 82' lang='grc' dir='ltr'><em>τῆς</em></span> <span class='ocrx_word' id='word_1_61' title='bbox 1383 628 1592 683; x_wconf 79' lang='grc' dir='ltr'><strong><em>βασιλείας</em></strong></span> 
     </span>
     <span class='ocr_line' id='line_1_8' title="bbox 129 696 1590 755; baseline 0 -15"><span class='ocrx_word' id='word_1_62' title='bbox 129 698 234 755; x_wconf 85' lang='grc' dir='ltr'><em>πρὸς</em></span> <span class='ocrx_word' id='word_1_63' title='bbox 253 697 378 752; x_wconf 71' lang='grc' dir='ltr'><em>αὐτὴν</em></span> <span class='ocrx_word' id='word_1_64' title='bbox 397 697 657 751; x_wconf 79' lang='grc' dir='ltr'><em>στελλομένου</em></span> <span class='ocrx_word' id='word_1_65' title='bbox 680 699 747 739; x_wconf 80' lang='grc' dir='ltr'><em>καὶ</em></span> <span class='ocrx_word' id='word_1_66' title='bbox 763 702 988 753; x_wconf 83' lang='grc' dir='ltr'><em>γονυπετῶς</em></span> <span class='ocrx_word' id='word_1_67' title='bbox 1013 698 1304 755; x_wconf 79' lang='grc' dir='ltr'><em>προτρέποντος</em></span> <span class='ocrx_word' id='word_1_68' title='bbox 1331 698 1395 740; x_wconf 77' lang='grc' dir='ltr'><em>ἐπὶ</em></span> <span class='ocrx_word' id='word_1_69' title='bbox 1419 697 1492 751; x_wconf 83' lang='grc' dir='ltr'><em>τὴν</em></span> <span class='ocrx_word' id='word_1_70' title='bbox 1513 696 1590 740; x_wconf 78' lang='grc' dir='ltr'><em>αὖ·</em></span> 
     </span>
     <span class='ocr_line' id='line_1_9' title="bbox 130 764 1524 823; baseline -0.001 -15"><span class='ocrx_word' id='word_1_71' title='bbox 130 767 206 821; x_wconf 86' lang='grc' dir='ltr'><em>λὴν</em></span> <span class='ocrx_word' id='word_1_72' title='bbox 220 769 459 823; x_wconf 69' lang='grc' dir='ltr'><em>παρελθεῖν·</em></span> <span class='ocrx_word' id='word_1_73' title='bbox 487 764 514 820; x_wconf 77' lang='grc' dir='ltr'><em>ἦ</em></span> <span class='ocrx_word' id='word_1_74' title='bbox 536 766 579 808; x_wconf 76' lang='grc' dir='ltr'><em>δὲ</em></span> <span class='ocrx_word' id='word_1_75' title='bbox 595 764 711 822; x_wconf 87' lang='grc' dir='ltr'><em>μόγις</em></span> <span class='ocrx_word' id='word_1_76' title='bbox 728 766 798 808; x_wconf 80' lang='grc' dir='ltr'><em>καὶ</em></span> <span class='ocrx_word' id='word_1_77' title='bbox 817 765 1044 817; x_wconf 78' lang='grc' dir='ltr'><em>ἀπαξιοῦσα</em></span> <span class='ocrx_word' id='word_1_78' title='bbox 1063 766 1134 808; x_wconf 84' lang='grc' dir='ltr'><em>τὸν</em></span> <span class='ocrx_word' id='word_1_79' title='bbox 1151 766 1330 820; x_wconf 86' lang='grc' dir='ltr'><em>σκυλμὸν</em></span> <span class='ocrx_word' id='word_1_80' title='bbox 1348 767 1524 808; x_wconf 72' lang='grc' dir='ltr'><em>ἐκινεῖτο.</em></span> 
     </span>
     <span class='ocr_line' id='line_1_10' title="bbox 271 832 1590 893; baseline -0.002 -15"><span class='ocrx_word' id='word_1_81' title='bbox 271 834 346 878; x_wconf 87' lang='grc'><em>18.</em></span> <span class='ocrx_word' id='word_1_82' title='bbox 408 832 656 876; x_wconf 68' lang='grc' dir='ltr'><em>“Υπόλοιπον</em></span> <span class='ocrx_word' id='word_1_83' title='bbox 683 835 772 890; x_wconf 81' lang='grc' dir='ltr'><em>περὶ</em></span> <span class='ocrx_word' id='word_1_84' title='bbox 801 839 874 889; x_wconf 83' lang='grc' dir='ltr'><em>τῆς</em></span> <span class='ocrx_word' id='word_1_85' title='bbox 884 833 1053 893; x_wconf 57' lang='grc' dir='ltr'><em>ὖᾶξεως</em></span> <span class='ocrx_word' id='word_1_86' title='bbox 1081 835 1185 876; x_wconf 86' lang='grc' dir='ltr'><em>κατὰ</em></span> <span class='ocrx_word' id='word_1_87' title='bbox 1210 834 1352 876; x_wconf 82' lang='grc' dir='ltr'><em>λεπτὸν</em></span> <span class='ocrx_word' id='word_1_88' title='bbox 1373 833 1590 892; x_wconf 78' lang='grc' dir='ltr'><em>ἀφηγήσα-</em></span> 
     </span>
     <span class='ocr_line' id='line_1_11' title="bbox 74 900 1590 959; baseline -0.003 -11"><span class='ocrx_word' id='word_1_89' title='bbox 74 912 121 948; x_wconf 90' lang='lat'><em>10</em></span> <span class='ocrx_word' id='word_1_90' title='bbox 132 907 249 954; x_wconf 71' lang='grc' dir='ltr'><em>σθαι,</em></span> <span class='ocrx_word' id='word_1_91' title='bbox 267 901 408 952; x_wconf 88' lang='grc' dir='ltr'><em>πόσοις</em></span> <span class='ocrx_word' id='word_1_92' title='bbox 427 919 469 944; x_wconf 87' lang='grc' dir='ltr'><em>τε</em></span> <span class='ocrx_word' id='word_1_93' title='bbox 493 904 562 945; x_wconf 87' lang='grc' dir='ltr'><em>καὶ</em></span> <span class='ocrx_word' id='word_1_94' title='bbox 582 903 711 953; x_wconf 88' lang='grc' dir='ltr'><em>ποιόις</em></span> <span class='ocrx_word' id='word_1_95' title='bbox 731 906 1058 959; x_wconf 80' lang='grc' dir='ltr'><em>συμπληροῦνται</em></span> <span class='ocrx_word' id='word_1_96' title='bbox 1079 900 1329 957; x_wconf 83' lang='grc' dir='ltr'><em>καταλόγοις,</em></span> <span class='ocrx_word' id='word_1_97' title='bbox 1366 902 1443 957; x_wconf 64' lang='grc' dir='ltr'><em>ἔθη</em></span> <span class='ocrx_word' id='word_1_98' title='bbox 1460 920 1501 944; x_wconf 88' lang='grc' dir='ltr'><em>τε</em></span> <span class='ocrx_word' id='word_1_99' title='bbox 1519 903 1590 944; x_wconf 72' lang='grc' dir='ltr'><em>καὶ</em></span> 
     </span>
     <span class='ocr_line' id='line_1_12' title="bbox 126 968 1589 1027; baseline -0.001 -13"><span class='ocrx_word' id='word_1_100' title='bbox 126 970 275 1026; x_wconf 81' lang='grc' dir='ltr'><em>νόμους</em></span> <span class='ocrx_word' id='word_1_101' title='bbox 294 968 682 1027; x_wconf 70' lang='grc' dir='ltr'><em>ἄπαριθμήσασθαι.</em></span> <span class='ocrx_word' id='word_1_102' title='bbox 749 971 963 1025; x_wconf 75' lang='grc' dir='ltr'><em>πέπεισμαι</em></span> <span class='ocrx_word' id='word_1_103' title='bbox 988 971 1066 1027; x_wconf 86' lang='grc' dir='ltr'><em>γὰρ</em></span> <span class='ocrx_word' id='word_1_104' title='bbox 1092 970 1171 1025; x_wconf 74' lang='grc' dir='ltr'><em>ἤδη</em></span> <span class='ocrx_word' id='word_1_105' title='bbox 1196 971 1301 1025; x_wconf 81' lang='grc' dir='ltr'><em>μηδὲ</em></span> <span class='ocrx_word' id='word_1_106' title='bbox 1320 969 1482 1026; x_wconf 77' lang='grc' dir='ltr'><em>μνήμην</em></span> <span class='ocrx_word' id='word_1_107' title='bbox 1499 970 1589 1013; x_wconf 82' lang='grc' dir='ltr'><em>τινὰ</em></span> 
     </span>
     <span class='ocr_line' id='line_1_13' title="bbox 116 1036 1589 1095; baseline -0.001 -13"><span class='ocrx_word' id='word_1_108' title='bbox 116 1037 330 1091; x_wconf 75' lang='grc' dir='ltr'><em>’σώζεσθαι</em></span> <span class='ocrx_word' id='word_1_109' title='bbox 350 1042 431 1081; x_wconf 76' lang='grc' dir='ltr'><em>τῶν</em></span> <span class='ocrx_word' id='word_1_110' title='bbox 452 1038 544 1095; x_wconf 72' lang='grc' dir='ltr'><em>ι’ίρτι</em></span> <span class='ocrx_word' id='word_1_111' title='bbox 573 1036 864 1090; x_wconf 78' lang='grc' dir='ltr'><em>διαπεσόντων,</em></span> <span class='ocrx_word' id='word_1_112' title='bbox 907 1038 1160 1081; x_wconf 75' lang='grc' dir='ltr'><em>ἀπαιδεύτων</em></span> <span class='ocrx_word' id='word_1_113' title='bbox 1192 1036 1259 1081; x_wconf 79' lang='grc' dir='ltr'><em>οἷα</em></span> <span class='ocrx_word' id='word_1_114' title='bbox 1288 1041 1355 1080; x_wconf 85' lang='grc' dir='ltr'><em>καὶ</em></span> <span class='ocrx_word' id='word_1_115' title='bbox 1387 1040 1589 1094; x_wconf 76' lang='grc' dir='ltr'><em>μηδεμίαν</em></span> 
     </span>
     <span class='ocr_line' id='line_1_14' title="bbox 115 1105 1588 1164; baseline -0.001 -15"><span class='ocrx_word' id='word_1_116' title='bbox 115 1114 265 1164; x_wconf 60' lang='grc' dir='ltr'><em>&gt;πεῖραν</em></span> <span class='ocrx_word' id='word_1_117' title='bbox 291 1108 549 1163; x_wconf 80' lang='grc' dir='ltr'><em>δικαστηρίου</em></span> <span class='ocrx_word' id='word_1_118' title='bbox 575 1107 883 1164; x_wconf 81' lang='grc' dir='ltr'><em>παρειληφότων</em></span> <span class='ocrx_word' id='word_1_119' title='bbox 908 1106 1229 1161; x_wconf 75' lang='grc' dir='ltr'><em>ἐπεμβαινόντων</em></span> <span class='ocrx_word' id='word_1_120' title='bbox 1250 1114 1335 1158; x_wconf 78' lang='grc' dir='ltr'><em>τοῖς</em></span> <span class='ocrx_word' id='word_1_121' title='bbox 1355 1108 1452 1150; x_wconf 74' lang='grc' dir='ltr'><em>ποτὲ</em></span> <span class='ocrx_word' id='word_1_122' title='bbox 1470 1105 1588 1163; x_wconf 80' lang='grc' dir='ltr'><em>μόγις</em></span> 
     </span>
     <span class='ocr_line' id='line_1_15' title="bbox 123 1173 1589 1233; baseline 0 -15"><span class='ocrx_word' id='word_1_123' title='bbox 123 1174 227 1232; x_wconf 84' lang='grc' dir='ltr'><em>πρὸς</em></span> <span class='ocrx_word' id='word_1_124' title='bbox 244 1179 325 1218; x_wconf 82' lang='grc' dir='ltr'><em>τῶν</em></span> <span class='ocrx_word' id='word_1_125' title='bbox 343 1173 639 1232; x_wconf 75' lang='grc' dir='ltr'><em>ἕμπειροτάτων</em></span> <span class='ocrx_word' id='word_1_126' title='bbox 658 1177 725 1217; x_wconf 87' lang='grc' dir='ltr'><em>καὶ</em></span> <span class='ocrx_word' id='word_1_127' title='bbox 744 1175 846 1233; x_wconf 83' lang='grc' dir='ltr'><em>πρὸς</em></span> <span class='ocrx_word' id='word_1_128' title='bbox 865 1181 993 1232; x_wconf 77' lang='grc' dir='ltr'><em>γῆρας</em></span> <span class='ocrx_word' id='word_1_129' title='bbox 1016 1175 1094 1230; x_wconf 74' lang='grc' dir='ltr'><em>ἤδη</em></span> <span class='ocrx_word' id='word_1_130' title='bbox 1123 1177 1370 1233; x_wconf 78' lang='grc' dir='ltr'><em>σεμνοφανὲς</em></span> <span class='ocrx_word' id='word_1_131' title='bbox 1390 1175 1589 1233; x_wconf 81' lang='grc' dir='ltr'><em>ἀφικομέ-</em></span> 
     </span>
     <span class='ocr_line' id='line_1_16' title="bbox 59 1240 1588 1300; baseline -0.001 -12"><span class='ocrx_word' id='word_1_132' title='bbox 59 1250 203 1288; x_wconf 71' lang='grc' dir='ltr'><em>’15νων</em></span> <span class='ocrx_word' id='word_1_133' title='bbox 220 1243 312 1298; x_wconf 75' lang='grc' dir='ltr'><em>μετ’</em></span> <span class='ocrx_word' id='word_1_134' title='bbox 337 1243 457 1297; x_wconf 76' lang='grc' dir='ltr'><em>εὐχῆς</em></span> <span class='ocrx_word' id='word_1_135' title='bbox 471 1243 769 1300; x_wconf 81' lang='grc' dir='ltr'><em>χειριζομένοις.</em></span> <span class='ocrx_word' id='word_1_136' title='bbox 834 1243 958 1297; x_wconf 86' lang='grc' dir='ltr'><em>νόμος</em></span> <span class='ocrx_word' id='word_1_137' title='bbox 981 1244 1059 1300; x_wconf 83' lang='grc' dir='ltr'><em>γὰρ</em></span> <span class='ocrx_word' id='word_1_138' title='bbox 1082 1240 1145 1298; x_wconf 74' lang='grc' dir='ltr'><em>ἦν,</em></span> <span class='ocrx_word' id='word_1_139' title='bbox 1181 1244 1228 1287; x_wconf 82' lang='grc' dir='ltr'><em>οὗ</em></span> <span class='ocrx_word' id='word_1_140' title='bbox 1257 1248 1391 1298; x_wconf 82' lang='grc' dir='ltr'><em>ψιλῶς</em></span> <span class='ocrx_word' id='word_1_141' title='bbox 1423 1244 1519 1286; x_wconf 67' lang='grc' dir='ltr'><em>ἀλλ’</em></span> <span class='ocrx_word' id='word_1_142' title='bbox 1545 1245 1588 1286; x_wconf 74' lang='grc' dir='ltr'><em>ἓν</em></span> 
     </span>
     <span class='ocr_line' id='line_1_17' title="bbox 120 1310 1587 1369; baseline -0.001 -15"><span class='ocrx_word' id='word_1_143' title='bbox 120 1310 346 1368; x_wconf 83' lang='grc' dir='ltr'><em>γράμμασι,</em></span> <span class='ocrx_word' id='word_1_144' title='bbox 374 1313 516 1365; x_wconf 75' lang='grc' dir='ltr'><em>μηδενὶ</em></span> <span class='ocrx_word' id='word_1_145' title='bbox 533 1315 736 1361; x_wconf 72' lang='grc' dir='ltr'><em>παντελῶς</em></span> <span class='ocrx_word' id='word_1_146' title='bbox 753 1312 973 1369; x_wconf 72' lang='grc' dir='ltr'><em>ἐπιτρέπων</em></span> <span class='ocrx_word' id='word_1_147' title='bbox 993 1313 1057 1355; x_wconf 73' lang='grc' dir='ltr'><em>ἐπὶ</em></span> <span class='ocrx_word' id='word_1_148' title='bbox 1074 1312 1119 1355; x_wconf 89' lang='grc' dir='ltr'><em>τὸ</em></span> <span class='ocrx_word' id='word_1_149' title='bbox 1141 1317 1214 1355; x_wconf 75' lang='grc' dir='ltr'><em>τοῦ</em></span> <span class='ocrx_word' id='word_1_150' title='bbox 1230 1316 1394 1367; x_wconf 76' lang='grc' dir='ltr'><em>βοηθοῦ</em></span> <span class='ocrx_word' id='word_1_151' title='bbox 1414 1312 1587 1366; x_wconf 82' lang='grc' dir='ltr'><em>ἀναβαί-</em></span> 
     </span>
     <span class='ocr_line' id='line_1_18' title="bbox 122 1377 1589 1438; baseline 0 -16"><span class='ocrx_word' id='word_1_152' title='bbox 122 1397 203 1423; x_wconf 80' lang='grc' dir='ltr'><em>νειν</em></span> <span class='ocrx_word' id='word_1_153' title='bbox 221 1377 462 1438; x_wconf 85' lang='grc' dir='ltr'><em>φρόντισμα,</em></span> <span class='ocrx_word' id='word_1_154' title='bbox 483 1381 576 1435; x_wconf 80' lang='grc' dir='ltr'><em>πρὶν</em></span> <span class='ocrx_word' id='word_1_155' title='bbox 593 1379 642 1422; x_wconf 73' lang='grc' dir='ltr'><em>ἂν</em></span> <span class='ocrx_word' id='word_1_156' title='bbox 657 1381 793 1436; x_wconf 81' lang='grc' dir='ltr'><em>γένους</em></span> <span class='ocrx_word' id='word_1_157' title='bbox 809 1398 852 1424; x_wconf 84' lang='grc' dir='ltr'><em>τε</em></span> <span class='ocrx_word' id='word_1_158' title='bbox 869 1378 1099 1438; x_wconf 81' lang='grc' dir='ltr'><em>μετριότητι</em></span> <span class='ocrx_word' id='word_1_159' title='bbox 1118 1383 1184 1423; x_wconf 84' lang='grc' dir='ltr'><em>καὶ</em></span> <span class='ocrx_word' id='word_1_160' title='bbox 1202 1380 1331 1437; x_wconf 86' lang='grc' dir='ltr'><em>λόγων</em></span> <span class='ocrx_word' id='word_1_161' title='bbox 1347 1381 1589 1438; x_wconf 74' lang='grc' dir='ltr'><em>ἐλευθερίων</em></span> 
     </span>
     <span class='ocr_line' id='line_1_19' title="bbox 122 1448 1589 1505; baseline 0.001 -15"><span class='ocrx_word' id='word_1_162' title='bbox 122 1452 360 1505; x_wconf 83' lang='grc' dir='ltr'><em>παρασκευῇ</em></span> <span class='ocrx_word' id='word_1_163' title='bbox 392 1448 666 1503; x_wconf 82' lang='grc' dir='ltr'><em>κοσμούμενος</em></span> <span class='ocrx_word' id='word_1_164' title='bbox 693 1450 760 1491; x_wconf 80' lang='grc' dir='ltr'><em>καὶ</em></span> <span class='ocrx_word' id='word_1_165' title='bbox 793 1448 931 1492; x_wconf 67' lang='grc' dir='ltr'><em>ε’νατον</em></span> <span class='ocrx_word' id='word_1_166' title='bbox 960 1449 1140 1492; x_wconf 73' lang='grc' dir='ltr'><em>ἐνιαυτὸν</em></span> <span class='ocrx_word' id='word_1_167' title='bbox 1159 1451 1223 1492; x_wconf 70' lang='grc' dir='ltr'><em>ἐπὶ</em></span> <span class='ocrx_word' id='word_1_168' title='bbox 1245 1454 1317 1504; x_wconf 79' lang='grc' dir='ltr'><em>τῆς</em></span> <span class='ocrx_word' id='word_1_169' title='bbox 1337 1450 1476 1492; x_wconf 76' lang='grc' dir='ltr'><em>δέλτου</em></span> <span class='ocrx_word' id='word_1_170' title='bbox 1498 1450 1589 1491; x_wconf 78' lang='grc' dir='ltr'><em>δια-</em></span> 
     </span>
     <span class='ocr_line' id='line_1_20' title="bbox 121 1515 1588 1575; baseline 0 -17"><span class='ocrx_word' id='word_1_171' title='bbox 121 1517 303 1573; x_wconf 74' lang='grc' dir='ltr'><em>πρέψας,</em></span> <span class='ocrx_word' id='word_1_172' title='bbox 340 1515 398 1558; x_wconf 80' lang='grc' dir='ltr'><em>δι’</em></span> <span class='ocrx_word' id='word_1_173' title='bbox 431 1515 528 1571; x_wconf 86' lang='grc' dir='ltr'><em>ὅλης</em></span> <span class='ocrx_word' id='word_1_174' title='bbox 554 1534 595 1559; x_wconf 85' lang='grc' dir='ltr'><em>τε</em></span> <span class='ocrx_word' id='word_1_175' title='bbox 626 1517 762 1559; x_wconf 72' lang='grc' dir='ltr'><em>ἒλθιὺν</em></span> <span class='ocrx_word' id='word_1_176' title='bbox 788 1522 861 1571; x_wconf 87' lang='grc' dir='ltr'><em>τῆς</em></span> <span class='ocrx_word' id='word_1_177' title='bbox 890 1521 971 1560; x_wconf 77' lang='grc' dir='ltr'><em>τῶν</em></span> <span class='ocrx_word' id='word_1_178' title='bbox 999 1515 1250 1575; x_wconf 75' lang='grc' dir='ltr'><em>πραγμάτων</em></span> <span class='ocrx_word' id='word_1_179' title='bbox 1270 1519 1411 1574; x_wconf 86' lang='grc' dir='ltr'><em>πείρας</em></span> <span class='ocrx_word' id='word_1_180' title='bbox 1429 1519 1496 1560; x_wconf 80' lang='grc' dir='ltr'><em>καὶ</em></span> <span class='ocrx_word' id='word_1_181' title='bbox 1514 1516 1588 1571; x_wconf 86' lang='grc' dir='ltr'><em>τὴν</em></span> 
     </span>
     <span class='ocr_line' id='line_1_21' title="bbox 56 1582 1588 1640; baseline -0.001 -13"><span class='ocrx_word' id='word_1_182' title='bbox 56 1591 112 1627; x_wconf 72' lang='lat'><em>&#39;20</em></span> <span class='ocrx_word' id='word_1_183' title='bbox 123 1584 203 1627; x_wconf 77' lang='grc' dir='ltr'><em>ἀπὸ</em></span> <span class='ocrx_word' id='word_1_184' title='bbox 229 1588 302 1639; x_wconf 86' lang='grc' dir='ltr'><em>τῆς</em></span> <span class='ocrx_word' id='word_1_185' title='bbox 329 1582 514 1639; x_wconf 85' lang='grc' dir='ltr'><em>νεότητος</em></span> <span class='ocrx_word' id='word_1_186' title='bbox 542 1583 695 1639; x_wconf 86' lang='grc' dir='ltr'><em>τόλμαν</em></span> <span class='ocrx_word' id='word_1_187' title='bbox 729 1586 784 1635; x_wconf 80' lang='grc' dir='ltr'><em>εἷς</em></span> <span class='ocrx_word' id='word_1_188' title='bbox 811 1586 1020 1628; x_wconf 73' lang='grc' dir='ltr'><em>ἐπιείκειαν</em></span> <span class='ocrx_word' id='word_1_189' title='bbox 1041 1584 1284 1640; x_wconf 82' lang='grc' dir='ltr'><em>μεταβαλών</em></span> <span class='ocrx_word' id='word_1_190' title='bbox 1293 1618 1308 1638; x_wconf 88' lang='grc'><em>,</em></span> <span class='ocrx_word' id='word_1_191' title='bbox 1342 1590 1463 1640; x_wconf 85' lang='grc' dir='ltr'><em>τιμῆς</em></span> <span class='ocrx_word' id='word_1_192' title='bbox 1482 1583 1588 1627; x_wconf 71' lang='grc' dir='ltr'><em>οὕτω</em></span> 
     </span>
     <span class='ocr_line' id='line_1_22' title="bbox 119 1651 1588 1712; baseline -0.001 -16"><span class='ocrx_word' id='word_1_193' title='bbox 119 1657 268 1708; x_wconf 83' lang='grc' dir='ltr'><em>σεμνῆς</em></span> <span class='ocrx_word' id='word_1_194' title='bbox 285 1655 352 1695; x_wconf 85' lang='grc' dir='ltr'><em>καὶ</em></span> <span class='ocrx_word' id='word_1_195' title='bbox 372 1651 542 1708; x_wconf 78' lang='grc' dir='ltr'><em>δύναμιν</em></span> <span class='ocrx_word' id='word_1_196' title='bbox 566 1653 612 1696; x_wconf 83' lang='grc' dir='ltr'><em>οὗ</em></span> <span class='ocrx_word' id='word_1_197' title='bbox 632 1654 783 1711; x_wconf 79' lang='grc' dir='ltr'><em>μικρὰν</em></span> <span class='ocrx_word' id='word_1_198' title='bbox 805 1653 974 1709; x_wconf 76' lang='grc' dir='ltr'><em>ἐχούσης</em></span> <span class='ocrx_word' id='word_1_199' title='bbox 996 1656 1063 1696; x_wconf 81' lang='grc' dir='ltr'><em>καὶ</em></span> <span class='ocrx_word' id='word_1_200' title='bbox 1085 1654 1229 1712; x_wconf 75' lang='grc' dir='ltr'><em>κέρδος</em></span> <span class='ocrx_word' id='word_1_201' title='bbox 1248 1656 1307 1706; x_wconf 83' lang='grc' dir='ltr'><em>εἷς</em></span> <span class='ocrx_word' id='word_1_202' title='bbox 1316 1655 1473 1710; x_wconf 85' lang='grc' dir='ltr'><em>χιλίους</em></span> <span class='ocrx_word' id='word_1_203' title='bbox 1490 1652 1588 1696; x_wconf 77' lang='grc' dir='ltr'><em>ποτὲ</em></span> 
     </span>
     <span class='ocr_line' id='line_1_23' title="bbox 118 1720 1006 1781; baseline 0.002 -17"><span class='ocrx_word' id='word_1_204' title='bbox 118 1721 388 1778; x_wconf 79' lang='grc' dir='ltr'><em>συναγόμενον</em></span> <span class='ocrx_word' id='word_1_205' title='bbox 404 1726 586 1780; x_wconf 80' lang='grc' dir='ltr'><em>χρυσοῦς</em></span> <span class='ocrx_word' id='word_1_206' title='bbox 603 1720 715 1774; x_wconf 71' lang='grc' dir='ltr'><em>ἄξιος</em></span> <span class='ocrx_word' id='word_1_207' title='bbox 731 1720 830 1765; x_wconf 80' lang='grc' dir='ltr'><em>εἶναι</em></span> <span class='ocrx_word' id='word_1_208' title='bbox 850 1724 1006 1781; x_wconf 82' lang='grc' dir='ltr'><em>φανείη.</em></span> 
     </span>
    </p>
   </div>
   <div class='ocr_carea' id='block_1_3' title="bbox 207 1848 1587 1941">
    <p class='ocr_par' dir='ltr' id='par_1_3' title="bbox 207 1848 1587 1941">
     <span class='ocr_line' id='line_1_24' title="bbox 207 1848 1587 1941; baseline 0 -56"><span class='ocrx_word' id='word_1_209' title='bbox 207 1852 238 1941; x_wconf 38' lang='lat' dir='ltr'><em>&#39;lp</em></span> <span class='ocrx_word' id='word_1_210' title='bbox 253 1849 298 1930; x_wconf 43' lang='grc' dir='ltr'><em>Ξῖ,</em></span> <span class='ocrx_word' id='word_1_211' title='bbox 307 1848 358 1896; x_wconf 86' lang='grc' dir='ltr'><em>μή</em></span> <span class='ocrx_word' id='word_1_212' title='bbox 378 1861 431 1932; x_wconf 47' lang='lat' dir='ltr'><em>gf.</em></span> <span class='ocrx_word' id='word_1_213' title='bbox 471 1851 518 1887; x_wconf 75' lang='lat' dir='ltr'><em>F.</em></span> <span class='ocrx_word' id='word_1_214' title='bbox 564 1863 609 1886; x_wconf 82' lang='lat' dir='ltr'><em>an</em></span> <span class='ocrx_word' id='word_1_215' title='bbox 631 1850 719 1897; x_wconf 79' lang='grc' dir='ltr'><em>μήτι</em></span> <span class='ocrx_word' id='word_1_216' title='bbox 741 1852 811 1896; x_wconf 71' lang='lat' dir='ltr'><em>ys?</em></span> <span class='ocrx_word' id='word_1_217' title='bbox 855 1852 904 1887; x_wconf 79' lang='lat' dir='ltr'><em>cf.</em></span> <span class='ocrx_word' id='word_1_218' title='bbox 928 1850 979 1897; x_wconf 83' lang='grc' dir='ltr'><em>μὴ</em></span> <span class='ocrx_word' id='word_1_219' title='bbox 1011 1851 1105 1897; x_wconf 75' lang='grc' dir='ltr'><em>γοῦν</em></span> <span class='ocrx_word' id='word_1_220' title='bbox 1134 1864 1167 1887; x_wconf 80' lang='grc' dir='ltr'><em>ο.</em></span> <span class='ocrx_word' id='word_1_221' title='bbox 1194 1853 1256 1888; x_wconf 73' lang='lat'><em>22.</em></span> <span class='ocrx_word' id='word_1_222' title='bbox 1443 1851 1488 1888; x_wconf 90' lang='grc'><em>15</em></span> <span class='ocrx_word' id='word_1_223' title='bbox 1508 1851 1587 1897; x_wconf 84' lang='lat' dir='ltr'><strong>lego</strong></span> 
     </span>
     <span class='ocr_line' id='line_1_25' title="bbox 241 1909 332 1938; baseline 0.011 -7"><span class='ocrx_word' id='word_1_224' title='bbox 241 1909 254 1930; x_wconf 92' lang='grc' dir='ltr'><em>ι</em></span> <span class='ocrx_word' id='word_1_225' title='bbox 277 1909 332 1938; x_wconf 77' lang='grc' dir='ltr'><em>ος.</em></span> 
     </span>
    </p>
   </div>
   <div class='ocr_carea' id='block_1_4' title="bbox 118 2008 1589 2877">
    <p class='ocr_par' dir='ltr' id='par_1_4' title="bbox 118 2008 1589 2055">
     <span class='ocr_line' id='line_1_26' title="bbox 118 2008 1589 2055; baseline -0.001 -11"><span class='ocrx_word' id='word_1_226' title='bbox 118 2019 292 2055; x_wconf 78' lang='lat' dir='ltr'><strong>nunquam</strong></span> <span class='ocrx_word' id='word_1_227' title='bbox 323 2008 393 2043; x_wconf 88' lang='lat' dir='ltr'><strong>nisi</strong></span> <span class='ocrx_word' id='word_1_228' title='bbox 421 2009 458 2044; x_wconf 88' lang='lat' dir='ltr'><strong>in</strong></span> <span class='ocrx_word' id='word_1_229' title='bbox 492 2009 641 2044; x_wconf 84' lang='lat' dir='ltr'><strong>silentiis</strong></span> <span class='ocrx_word' id='word_1_230' title='bbox 674 2021 765 2054; x_wconf 85' lang='lat' dir='ltr'><strong>quae</strong></span> <span class='ocrx_word' id='word_1_231' title='bbox 797 2013 946 2054; x_wconf 73' lang='lat' dir='ltr'><strong>vocant,</strong></span> <span class='ocrx_word' id='word_1_232' title='bbox 987 2012 1063 2044; x_wconf 84' lang='lat' dir='ltr'><strong>toto</strong></span> <span class='ocrx_word' id='word_1_233' title='bbox 1095 2014 1347 2054; x_wconf 83' lang='lat' dir='ltr'><strong>praecurrente</strong></span> <span class='ocrx_word' id='word_1_234' title='bbox 1373 2014 1515 2053; x_wconf 82' lang='lat' dir='ltr'><strong>senatu,</strong></span> <span class='ocrx_word' id='word_1_235' title='bbox 1552 2009 1589 2043; x_wconf 85' lang='lat' dir='ltr'><strong>in</strong></span> 
     </span>
    </p>

    <p class='ocr_par' dir='ltr' id='par_1_5' title="bbox 118 2054 1588 2100">
     <span class='ocr_line' id='line_1_27' title="bbox 118 2054 1588 2100; baseline -0.001 -11"><span class='ocrx_word' id='word_1_236' title='bbox 118 2055 198 2089; x_wconf 73' lang='lat' dir='ltr'><strong>aula</strong></span> <span class='ocrx_word' id='word_1_237' title='bbox 227 2056 443 2099; x_wconf 78' lang='lat' dir='ltr'><strong>apparebat,</strong></span> <span class='ocrx_word' id='word_1_238' title='bbox 482 2061 678 2099; x_wconf 87' lang='lat' dir='ltr'><strong>postremus</strong></span> <span class='ocrx_word' id='word_1_239' title='bbox 708 2055 858 2089; x_wconf 88' lang='lat' dir='ltr'><strong>omnium</strong></span> <span class='ocrx_word' id='word_1_240' title='bbox 886 2054 1171 2099; x_wconf 78' lang='lat' dir='ltr'><strong>magistratuum,</strong></span> <span class='ocrx_word' id='word_1_241' title='bbox 1212 2061 1252 2090; x_wconf 91' lang='lat' dir='ltr'><strong>ut</strong></span> <span class='ocrx_word' id='word_1_242' title='bbox 1283 2067 1391 2100; x_wconf 80' lang='lat' dir='ltr'><strong>supra</strong></span> <span class='ocrx_word' id='word_1_243' title='bbox 1426 2055 1588 2098; x_wconf 81' lang='lat' dir='ltr'>diximus,</span> 
     </span>
    </p>

    <p class='ocr_par' dir='ltr' id='par_1_6' title="bbox 118 2100 1588 2192">
     <span class='ocr_line' id='line_1_28' title="bbox 118 2100 1588 2146; baseline 0 -11"><span class='ocrx_word' id='word_1_244' title='bbox 118 2100 342 2146; x_wconf 80' lang='lat' dir='ltr'><strong>ingrediens,</strong></span> <span class='ocrx_word' id='word_1_245' title='bbox 371 2100 572 2146; x_wconf 86' lang='lat' dir='ltr'><strong>primusque</strong></span> <span class='ocrx_word' id='word_1_246' title='bbox 602 2101 807 2145; x_wconf 82' lang='lat' dir='ltr'><strong>egrediens,</strong></span> <span class='ocrx_word' id='word_1_247' title='bbox 846 2101 1068 2146; x_wconf 83' lang='lat' dir='ltr'><strong>imperatoris</strong></span> <span class='ocrx_word' id='word_1_248' title='bbox 1097 2101 1216 2145; x_wconf 83' lang='lat' dir='ltr'><strong>effigie</strong></span> <span class='ocrx_word' id='word_1_249' title='bbox 1245 2101 1356 2146; x_wconf 86' lang='lat' dir='ltr'><strong>ipsius</strong></span> <span class='ocrx_word' id='word_1_250' title='bbox 1379 2101 1455 2135; x_wconf 91' lang='lat' dir='ltr'><strong>loco</strong></span> <span class='ocrx_word' id='word_1_251' title='bbox 1481 2100 1588 2135; x_wconf 88' lang='lat' dir='ltr'><strong>comi-</strong></span> 
     </span>
     <span class='ocr_line' id='line_1_29' title="bbox 119 2145 1587 2192; baseline 0 -11"><span class='ocrx_word' id='word_1_252' title='bbox 119 2150 234 2189; x_wconf 69' lang='lat' dir='ltr'><em>unu,</em></span> <span class='ocrx_word' id='word_1_253' title='bbox 266 2157 367 2179; x_wconf 76' lang='lat' dir='ltr'><strong>mane</strong></span> <span class='ocrx_word' id='word_1_254' title='bbox 391 2146 474 2180; x_wconf 87' lang='lat' dir='ltr'><strong>inde</strong></span> <span class='ocrx_word' id='word_1_255' title='bbox 498 2146 709 2191; x_wconf 85' lang='lat' dir='ltr'><strong>imperatore</strong></span> <span class='ocrx_word' id='word_1_256' title='bbox 732 2147 878 2192; x_wconf 88' lang='lat' dir='ltr'><strong>primum</strong></span> <span class='ocrx_word' id='word_1_257' title='bbox 914 2145 1184 2181; x_wconf 80' lang='lat' dir='ltr'><strong>silentiariorum</strong></span> <span class='ocrx_word' id='word_1_258' title='bbox 1219 2146 1499 2190; x_wconf 78' lang='lat' dir='ltr'><strong>(admissionalis</strong></span> <span class='ocrx_word' id='word_1_259' title='bbox 1522 2158 1587 2181; x_wconf 84' lang='lat' dir='ltr'><em>vo-</em></span> 
     </span>
    </p>

    <p class='ocr_par' dir='ltr' id='par_1_7' title="bbox 118 2191 1589 2316">
     <span class='ocr_line' id='line_1_30' title="bbox 118 2191 1589 2237; baseline 0.002 -13"><span class='ocrx_word' id='word_1_260' title='bbox 118 2193 235 2234; x_wconf 82' lang='lat' dir='ltr'><strong>catur)</strong></span> <span class='ocrx_word' id='word_1_261' title='bbox 260 2192 303 2224; x_wconf 77' lang='lat' dir='ltr'><em>ad</em></span> <span class='ocrx_word' id='word_1_262' title='bbox 323 2203 399 2226; x_wconf 87' lang='lat' dir='ltr'><em>eum</em></span> <span class='ocrx_word' id='word_1_263' title='bbox 419 2191 592 2236; x_wconf 81' lang='lat' dir='ltr'><strong>mittente,</strong></span> <span class='ocrx_word' id='word_1_264' title='bbox 617 2192 677 2236; x_wconf 87' lang='lat' dir='ltr'><em>qui</em></span> <span class='ocrx_word' id='word_1_265' title='bbox 696 2192 798 2226; x_wconf 84' lang='lat' dir='ltr'><strong>flexis</strong></span> <span class='ocrx_word' id='word_1_266' title='bbox 819 2192 968 2237; x_wconf 82' lang='lat' dir='ltr'><strong>genibus</strong></span> <span class='ocrx_word' id='word_1_267' title='bbox 988 2203 1077 2236; x_wconf 90' lang='lat' dir='ltr'><strong>eum,</strong></span> <span class='ocrx_word' id='word_1_268' title='bbox 1101 2198 1141 2227; x_wconf 84' lang='lat' dir='ltr'><strong>ut</strong></span> <span class='ocrx_word' id='word_1_269' title='bbox 1163 2192 1200 2226; x_wconf 88' lang='lat' dir='ltr'><strong>in</strong></span> <span class='ocrx_word' id='word_1_270' title='bbox 1222 2192 1334 2227; x_wconf 77' lang='lat' dir='ltr'><strong>aulam</strong></span> <span class='ocrx_word' id='word_1_271' title='bbox 1357 2193 1509 2237; x_wconf 85' lang='lat' dir='ltr'><strong>veniret,</strong></span> <span class='ocrx_word' id='word_1_272' title='bbox 1532 2192 1589 2226; x_wconf 89' lang='lat' dir='ltr'><strong>in-</strong></span> 
     </span>
     <span class='ocr_line' id='line_1_31' title="bbox 119 2235 1587 2316; baseline 0.002 -46"><span class='ocrx_word' id='word_1_273' title='bbox 119 2236 280 2316; x_wconf 51' lang='lat' dir='ltr'><strong>gitabam</strong></span> <span class='ocrx_word' id='word_1_274' title='bbox 303 2235 361 2271; x_wconf 85' lang='lat' dir='ltr'><strong>ille</strong></span> <span class='ocrx_word' id='word_1_275' title='bbox 380 2242 495 2271; x_wconf 78' lang='lat' dir='ltr'><strong>autem</strong></span> <span class='ocrx_word' id='word_1_276' title='bbox 514 2237 588 2282; x_wconf 85' lang='lat' dir='ltr'><strong>vix,</strong></span> <span class='ocrx_word' id='word_1_277' title='bbox 612 2243 648 2272; x_wconf 85' lang='lat' dir='ltr'><em>et</em></span> <span class='ocrx_word' id='word_1_278' title='bbox 669 2239 762 2283; x_wconf 87' lang='lat' dir='ltr'><strong>quod</strong></span> <span class='ocrx_word' id='word_1_279' title='bbox 783 2239 1005 2273; x_wconf 83' lang='lat' dir='ltr'><strong>vexationem</strong></span> <span class='ocrx_word' id='word_1_280' title='bbox 1026 2250 1066 2272; x_wconf 84' lang='lat' dir='ltr'><em>se</em></span> <span class='ocrx_word' id='word_1_281' title='bbox 1086 2237 1263 2283; x_wconf 77' lang='lat' dir='ltr'><strong>indignam</strong></span> <span class='ocrx_word' id='word_1_282' title='bbox 1283 2240 1443 2284; x_wconf 80' lang='lat' dir='ltr'><strong>putabat,</strong></span> <span class='ocrx_word' id='word_1_283' title='bbox 1466 2250 1587 2273; x_wconf 82' lang='lat' dir='ltr'><strong>move-</strong></span> 
     </span>
     <span class='ocr_line' id='line_1_32' title="bbox 145 2287 236 2316; baseline 0 0"><span class='ocrx_word' id='word_1_284' title='bbox 145 2287 236 2316; x_wconf 73' lang='lat' dir='ltr'><strong>atur.</strong></span> 
     </span>
    </p>

    <p class='ocr_par' dir='ltr' id='par_1_8' title="bbox 118 2326 1589 2877">
     <span class='ocr_line' id='line_1_33' title="bbox 214 2326 1587 2375; baseline 0.001 -14"><span class='ocrx_word' id='word_1_285' title='bbox 214 2328 270 2362; x_wconf 86' lang='lat'><em>18.</em></span> <span class='ocrx_word' id='word_1_286' title='bbox 316 2327 442 2361; x_wconf 62' lang='lat' dir='ltr'><strong>Restat</strong></span> <span class='ocrx_word' id='word_1_287' title='bbox 470 2333 509 2362; x_wconf 85' lang='lat' dir='ltr'><strong>ut</strong></span> <span class='ocrx_word' id='word_1_288' title='bbox 534 2328 579 2362; x_wconf 89' lang='lat' dir='ltr'><em>de</em></span> <span class='ocrx_word' id='word_1_289' title='bbox 608 2326 817 2364; x_wconf 76' lang='lat' dir='ltr'><strong>officialibus</strong></span> <span class='ocrx_word' id='word_1_290' title='bbox 839 2334 1004 2365; x_wconf 80' lang='lat' dir='ltr'><strong>accurate</strong></span> <span class='ocrx_word' id='word_1_291' title='bbox 1027 2328 1260 2374; x_wconf 76' lang='lat' dir='ltr'><strong>explicemus,</strong></span> <span class='ocrx_word' id='word_1_292' title='bbox 1295 2334 1382 2374; x_wconf 84' lang='lat' dir='ltr'><strong>quot</strong></span> <span class='ocrx_word' id='word_1_293' title='bbox 1402 2333 1439 2364; x_wconf 88' lang='lat' dir='ltr'><em>et</em></span> <span class='ocrx_word' id='word_1_294' title='bbox 1461 2330 1587 2375; x_wconf 86' lang='lat' dir='ltr'><strong>quibus</strong></span> 
     </span>
     <span class='ocr_line' id='line_1_34' title="bbox 119 2372 1588 2419; baseline 0.001 -11"><span class='ocrx_word' id='word_1_295' title='bbox 119 2372 287 2418; x_wconf 66' lang='lat' dir='ltr'><strong>catalogis</strong></span> <span class='ocrx_word' id='word_1_296' title='bbox 313 2373 668 2419; x_wconf 83' lang='lat' dir='ltr'><strong>comprehendantur,</strong></span> <span class='ocrx_word' id='word_1_297' title='bbox 707 2376 1046 2419; x_wconf 86' lang='lat' dir='ltr'><strong>consuetudinesque</strong></span> <span class='ocrx_word' id='word_1_298' title='bbox 1073 2380 1110 2409; x_wconf 83' lang='lat' dir='ltr'><em>et</em></span> <span class='ocrx_word' id='word_1_299' title='bbox 1131 2386 1246 2408; x_wconf 87' lang='lat' dir='ltr'><strong>mores</strong></span> <span class='ocrx_word' id='word_1_300' title='bbox 1270 2387 1484 2410; x_wconf 81' lang='lat' dir='ltr'><strong>enarremus.</strong></span> <span class='ocrx_word' id='word_1_301' title='bbox 1533 2380 1588 2409; x_wconf 83' lang='lat' dir='ltr'><em>et-</em></span> 
     </span>
     <span class='ocr_line' id='line_1_35' title="bbox 118 2419 1588 2472; baseline 0 -18"><span class='ocrx_word' id='word_1_302' title='bbox 118 2419 210 2454; x_wconf 82' lang='lat' dir='ltr'><strong>enim</strong></span> <span class='ocrx_word' id='word_1_303' title='bbox 229 2429 434 2472; x_wconf 78' lang='lat' dir='ltr'><strong>persuasum</strong></span> <span class='ocrx_word' id='word_1_304' title='bbox 460 2420 593 2464; x_wconf 80' lang='lat' dir='ltr'><strong>habeo,</strong></span> <span class='ocrx_word' id='word_1_305' title='bbox 628 2421 696 2455; x_wconf 79' lang='lat' dir='ltr'><strong>iam</strong></span> <span class='ocrx_word' id='word_1_306' title='bbox 719 2433 764 2455; x_wconf 90' lang='lat' dir='ltr'><em>ne</em></span> <span class='ocrx_word' id='word_1_307' title='bbox 787 2422 986 2456; x_wconf 84' lang='lat' dir='ltr'><strong>memoriam</strong></span> <span class='ocrx_word' id='word_1_308' title='bbox 1013 2420 1153 2466; x_wconf 88' lang='lat' dir='ltr'><strong>quidem</strong></span> <span class='ocrx_word' id='word_1_309' title='bbox 1177 2432 1295 2454; x_wconf 89' lang='lat' dir='ltr'><strong>eorum</strong></span> <span class='ocrx_word' id='word_1_310' title='bbox 1318 2421 1379 2466; x_wconf 87' lang='lat' dir='ltr'><strong>qui</strong></span> <span class='ocrx_word' id='word_1_311' title='bbox 1396 2432 1509 2466; x_wconf 88' lang='lat' dir='ltr'><strong>nuper</strong></span> <span class='ocrx_word' id='word_1_312' title='bbox 1531 2420 1588 2454; x_wconf 87' lang='lat' dir='ltr'><strong>in-</strong></span> 
     </span>
     <span class='ocr_line' id='line_1_36' title="bbox 118 2464 1588 2512; baseline 0.001 -13"><span class='ocrx_word' id='word_1_313' title='bbox 118 2464 281 2500; x_wconf 74' lang='lat' dir='ltr'><strong>terionnt</strong></span> <span class='ocrx_word' id='word_1_314' title='bbox 297 2475 495 2510; x_wconf 83' lang='lat' dir='ltr'><strong>superesse,</strong></span> <span class='ocrx_word' id='word_1_315' title='bbox 519 2466 651 2512; x_wconf 84' lang='lat' dir='ltr'><strong>quippe</strong></span> <span class='ocrx_word' id='word_1_316' title='bbox 669 2478 745 2501; x_wconf 87' lang='lat' dir='ltr'><strong>cum</strong></span> <span class='ocrx_word' id='word_1_317' title='bbox 762 2467 919 2502; x_wconf 87' lang='lat' dir='ltr'><strong>homines</strong></span> <span class='ocrx_word' id='word_1_318' title='bbox 939 2466 1067 2511; x_wconf 75' lang='lat' dir='ltr'><strong>ignari,</strong></span> <span class='ocrx_word' id='word_1_319' title='bbox 1090 2477 1205 2511; x_wconf 90' lang='lat' dir='ltr'><strong>neque</strong></span> <span class='ocrx_word' id='word_1_320' title='bbox 1223 2466 1327 2500; x_wconf 87' lang='lat' dir='ltr'><strong>ullum</strong></span> <span class='ocrx_word' id='word_1_321' title='bbox 1346 2467 1468 2501; x_wconf 84' lang='lat' dir='ltr'><strong>iudicii</strong></span> <span class='ocrx_word' id='word_1_322' title='bbox 1489 2477 1588 2500; x_wconf 86' lang='lat' dir='ltr'><strong>usum</strong></span> 
     </span>
     <span class='ocr_line' id='line_1_37' title="bbox 118 2508 1585 2559; baseline 0.001 -15"><span class='ocrx_word' id='word_1_323' title='bbox 118 2510 300 2554; x_wconf 70' lang='lat' dir='ltr'><strong>habentes,</strong></span> <span class='ocrx_word' id='word_1_324' title='bbox 323 2510 368 2544; x_wconf 79' lang='lat' dir='ltr'><em>iis</em></span> <span class='ocrx_word' id='word_1_325' title='bbox 391 2508 560 2546; x_wconf 61' lang='lat' dir='ltr'><strong>insultent</strong></span> <span class='ocrx_word' id='word_1_326' title='bbox 579 2524 669 2557; x_wconf 87' lang='lat' dir='ltr'><strong>quae</strong></span> <span class='ocrx_word' id='word_1_327' title='bbox 691 2513 771 2546; x_wconf 88' lang='lat' dir='ltr'><strong>olim</strong></span> <span class='ocrx_word' id='word_1_328' title='bbox 789 2513 994 2559; x_wconf 83' lang='lat' dir='ltr'><strong>peritissimi</strong></span> <span class='ocrx_word' id='word_1_329' title='bbox 1013 2524 1054 2546; x_wconf 85' lang='lat' dir='ltr'><strong>ac</strong></span> <span class='ocrx_word' id='word_1_330' title='bbox 1071 2513 1305 2546; x_wconf 81' lang='lat' dir='ltr'><strong>venerandam</strong></span> <span class='ocrx_word' id='word_1_331' title='bbox 1328 2512 1396 2547; x_wconf 81' lang='lat' dir='ltr'><strong>iam</strong></span> <span class='ocrx_word' id='word_1_332' title='bbox 1418 2513 1464 2547; x_wconf 78' lang='lat' dir='ltr'><em>ad</em></span> <span class='ocrx_word' id='word_1_333' title='bbox 1483 2524 1585 2546; x_wconf 82' lang='lat' dir='ltr'><strong>sene-</strong></span> 
     </span>
     <span class='ocr_line' id='line_1_38' title="bbox 119 2557 1585 2603; baseline 0 -12"><span class='ocrx_word' id='word_1_334' title='bbox 119 2559 248 2591; x_wconf 81' lang='lat' dir='ltr'><strong>ctutem</strong></span> <span class='ocrx_word' id='word_1_335' title='bbox 265 2557 426 2601; x_wconf 83' lang='lat' dir='ltr'><strong>provecti</strong></span> <span class='ocrx_word' id='word_1_336' title='bbox 448 2569 524 2592; x_wconf 87' lang='lat' dir='ltr'><strong>cum</strong></span> <span class='ocrx_word' id='word_1_337' title='bbox 548 2558 641 2593; x_wconf 81' lang='lat' dir='ltr'><strong>votis</strong></span> <span class='ocrx_word' id='word_1_338' title='bbox 663 2558 726 2592; x_wconf 85' lang='lat' dir='ltr'><strong>vix</strong></span> <span class='ocrx_word' id='word_1_339' title='bbox 743 2559 987 2594; x_wconf 77' lang='lat' dir='ltr'><strong>tractaverint.</strong></span> <span class='ocrx_word' id='word_1_340' title='bbox 1034 2557 1092 2591; x_wconf 83' lang='lat' dir='ltr'><em>lex</em></span> <span class='ocrx_word' id='word_1_341' title='bbox 1116 2557 1207 2591; x_wconf 91' lang='lat' dir='ltr'><strong>enim</strong></span> <span class='ocrx_word' id='word_1_342' title='bbox 1232 2564 1327 2601; x_wconf 86' lang='lat' dir='ltr'><strong>erat,</strong></span> <span class='ocrx_word' id='word_1_343' title='bbox 1361 2569 1473 2603; x_wconf 82' lang='lat' dir='ltr'><strong>eaque</strong></span> <span class='ocrx_word' id='word_1_344' title='bbox 1497 2557 1585 2592; x_wconf 88' lang='lat' dir='ltr'><strong>scri-</strong></span> 
     </span>
     <span class='ocr_line' id='line_1_39' title="bbox 119 2601 1586 2649; baseline 0.002 -14"><span class='ocrx_word' id='word_1_345' title='bbox 119 2607 202 2648; x_wconf 76' lang='lat' dir='ltr'><strong>pta,</strong></span> <span class='ocrx_word' id='word_1_346' title='bbox 236 2601 366 2636; x_wconf 88' lang='lat' dir='ltr'><strong>nemini</strong></span> <span class='ocrx_word' id='word_1_347' title='bbox 395 2614 538 2648; x_wconf 82' lang='lat' dir='ltr'><strong>prorsus</strong></span> <span class='ocrx_word' id='word_1_348' title='bbox 573 2605 618 2639; x_wconf 80' lang='lat' dir='ltr'><em>ad</em></span> <span class='ocrx_word' id='word_1_349' title='bbox 640 2616 762 2639; x_wconf 85' lang='lat' dir='ltr'><strong>munus</strong></span> <span class='ocrx_word' id='word_1_350' title='bbox 783 2605 953 2639; x_wconf 86' lang='lat' dir='ltr'><strong>adiutoris</strong></span> <span class='ocrx_word' id='word_1_351' title='bbox 975 2604 1190 2639; x_wconf 82' lang='lat' dir='ltr'><strong>adscendere</strong></span> <span class='ocrx_word' id='word_1_352' title='bbox 1210 2603 1437 2649; x_wconf 83' lang='lat' dir='ltr'><strong>permittens,</strong></span> <span class='ocrx_word' id='word_1_353' title='bbox 1469 2603 1586 2649; x_wconf 82' lang='lat' dir='ltr'><strong>prius-</strong></span> 
     </span>
     <span class='ocr_line' id='line_1_40' title="bbox 119 2648 1587 2694; baseline 0.001 -12"><span class='ocrx_word' id='word_1_354' title='bbox 119 2658 223 2692; x_wconf 74' lang='lat' dir='ltr'><strong>quam</strong></span> <span class='ocrx_word' id='word_1_355' title='bbox 247 2653 284 2680; x_wconf 87' lang='lat' dir='ltr'><em>et</em></span> <span class='ocrx_word' id='word_1_356' title='bbox 305 2648 443 2691; x_wconf 78' lang='lat' dir='ltr'><strong>generis</strong></span> <span class='ocrx_word' id='word_1_357' title='bbox 470 2650 654 2684; x_wconf 82' lang='lat' dir='ltr'><strong>honestate</strong></span> <span class='ocrx_word' id='word_1_358' title='bbox 677 2656 714 2685; x_wconf 82' lang='lat' dir='ltr'><em>et</em></span> <span class='ocrx_word' id='word_1_359' title='bbox 734 2650 930 2685; x_wconf 86' lang='lat' dir='ltr'><strong>liberalium</strong></span> <span class='ocrx_word' id='word_1_360' title='bbox 947 2650 1124 2684; x_wconf 81' lang='lat' dir='ltr'><strong>literarum</strong></span> <span class='ocrx_word' id='word_1_361' title='bbox 1143 2650 1246 2694; x_wconf 85' lang='lat' dir='ltr'><strong>copia</strong></span> <span class='ocrx_word' id='word_1_362' title='bbox 1264 2655 1418 2693; x_wconf 79' lang='lat' dir='ltr'><strong>ornatus,</strong></span> <span class='ocrx_word' id='word_1_363' title='bbox 1443 2660 1587 2683; x_wconf 85' lang='lat' dir='ltr'><strong>novem-</strong></span> 
     </span>
     <span class='ocr_line' id='line_1_41' title="bbox 120 2693 1587 2742; baseline 0.003 -16"><span class='ocrx_word' id='word_1_364' title='bbox 120 2704 201 2742; x_wconf 15' lang='lat' dir='ltr'><strong>que*</strong></span> <span class='ocrx_word' id='word_1_365' title='bbox 216 2703 325 2726; x_wconf 72' lang='lat' dir='ltr'><strong>annos</strong></span> <span class='ocrx_word' id='word_1_366' title='bbox 348 2693 385 2728; x_wconf 91' lang='lat' dir='ltr'><strong>in</strong></span> <span class='ocrx_word' id='word_1_367' title='bbox 409 2695 566 2731; x_wconf 84' lang='lat' dir='ltr'><strong>codicillo</strong></span> <span class='ocrx_word' id='word_1_368' title='bbox 591 2696 702 2739; x_wconf 87' lang='lat' dir='ltr'><strong>(inter</strong></span> <span class='ocrx_word' id='word_1_369' title='bbox 725 2696 950 2742; x_wconf 81' lang='lat' dir='ltr'><strong>exceptores)</strong></span> <span class='ocrx_word' id='word_1_370' title='bbox 975 2695 1119 2740; x_wconf 81' lang='lat' dir='ltr'><strong>egregie</strong></span> <span class='ocrx_word' id='word_1_371' title='bbox 1139 2700 1301 2730; x_wconf 77' lang='lat' dir='ltr'><strong>versatus</strong></span> <span class='ocrx_word' id='word_1_372' title='bbox 1325 2701 1432 2740; x_wconf 78' lang='lat' dir='ltr'><strong>atque</strong></span> <span class='ocrx_word' id='word_1_373' title='bbox 1454 2706 1587 2730; x_wconf 80' lang='lat' dir='ltr'><strong>omnem</strong></span> 
     </span>
     <span class='ocr_line' id='line_1_42' title="bbox 119 2740 1589 2788; baseline 0 -13"><span class='ocrx_word' id='word_1_374' title='bbox 119 2749 235 2775; x_wconf 80' lang='lat' dir='ltr'><strong>rerum</strong></span> <span class='ocrx_word' id='word_1_375' title='bbox 257 2749 357 2773; x_wconf 74' lang='lat' dir='ltr'><strong>usum</strong></span> <span class='ocrx_word' id='word_1_376' title='bbox 374 2740 534 2786; x_wconf 79' lang='lat' dir='ltr'><strong>adeptus,</strong></span> <span class='ocrx_word' id='word_1_377' title='bbox 556 2742 703 2777; x_wconf 86' lang='lat' dir='ltr'><strong>iuvenili</strong></span> <span class='ocrx_word' id='word_1_378' title='bbox 724 2754 864 2788; x_wconf 87' lang='lat' dir='ltr'><strong>quoque</strong></span> <span class='ocrx_word' id='word_1_379' title='bbox 888 2742 1034 2777; x_wconf 79' lang='lat' dir='ltr'><strong>audacia</strong></span> <span class='ocrx_word' id='word_1_380' title='bbox 1054 2741 1092 2776; x_wconf 89' lang='lat' dir='ltr'><strong>in</strong></span> <span class='ocrx_word' id='word_1_381' title='bbox 1112 2742 1316 2776; x_wconf 76' lang='lat' dir='ltr'><strong>modestiam</strong></span> <span class='ocrx_word' id='word_1_382' title='bbox 1339 2746 1489 2786; x_wconf 76' lang='lat' dir='ltr'><strong>mutata,</strong></span> <span class='ocrx_word' id='word_1_383' title='bbox 1522 2741 1589 2775; x_wconf 84' lang='lat' dir='ltr'><strong>ho·</strong></span> 
     </span>
     <span class='ocr_line' id='line_1_43' title="bbox 120 2783 1589 2836; baseline 0.004 -19"><span class='ocrx_word' id='word_1_384' title='bbox 120 2783 216 2818; x_wconf 72' lang='lat' dir='ltr'><strong>nori·</strong></span> <span class='ocrx_word' id='word_1_385' title='bbox 234 2790 307 2819; x_wconf 79' lang='lat' dir='ltr'><strong>tam</strong></span> <span class='ocrx_word' id='word_1_386' title='bbox 325 2785 499 2830; x_wconf 83' lang='lat' dir='ltr'><strong>splendidi</strong></span> <span class='ocrx_word' id='word_1_387' title='bbox 513 2814 523 2830; x_wconf 94' lang='lat'><strong>,</strong></span> <span class='ocrx_word' id='word_1_388' title='bbox 558 2793 733 2833; x_wconf 79' lang='lat' dir='ltr'><strong>potestate</strong></span> <span class='ocrx_word' id='word_1_389' title='bbox 763 2800 833 2824; x_wconf 89' lang='lat' dir='ltr'><em>non</em></span> <span class='ocrx_word' id='word_1_390' title='bbox 860 2799 972 2836; x_wconf 73' lang='lat' dir='ltr'><strong>parva</strong></span> <span class='ocrx_word' id='word_1_391' title='bbox 1003 2794 1040 2823; x_wconf 82' lang='lat' dir='ltr'><em>et</em></span> <span class='ocrx_word' id='word_1_392' title='bbox 1070 2787 1167 2823; x_wconf 82' lang='lat' dir='ltr'><strong>lucro</strong></span> <span class='ocrx_word' id='word_1_393' title='bbox 1189 2787 1270 2823; x_wconf 87' lang='lat' dir='ltr'><strong>olim</strong></span> <span class='ocrx_word' id='word_1_394' title='bbox 1291 2787 1384 2822; x_wconf 81' lang='lat' dir='ltr'><strong>mille</strong></span> <span class='ocrx_word' id='word_1_395' title='bbox 1405 2797 1589 2823; x_wconf 69' lang='lat' dir='ltr'><strong>aureorum</strong></span> 
     </span>
     <span class='ocr_line' id='line_1_44' title="bbox 119 2829 678 2877; baseline 0.009 -12"><span class='ocrx_word' id='word_1_396' title='bbox 119 2829 318 2875; x_wconf 69' lang='lat' dir='ltr'><strong>gaudentis,</strong></span> <span class='ocrx_word' id='word_1_397' title='bbox 337 2831 463 2877; x_wconf 80' lang='lat' dir='ltr'><strong>dignus</strong></span> <span class='ocrx_word' id='word_1_398' title='bbox 485 2833 678 2870; x_wconf 78' lang='lat' dir='ltr'><strong>videretur.</strong></span> 
     </span>
    </p>
   </div>
  </div>
 </body>
</html>
