1748 3210
151 329 184 360 p.
209 326 257 350 XI.

208 967 257 1007 18

138 1712 174 1744 p.
197 1709 260 1732 xm

277 195 376 226 xxvi
654 183 796 227 HASH
825 184 898 227 DE
931 182 1132 226 IOANNE
1164 184 1315 229 LYDO

387 327 427 364 p.
447 313 546 364 25),
574 315 749 351 animum
778 327 904 350 meum
933 313 1126 361 exemplar
1147 327 1192 350 ex
1207 313 1348 352 relictis
1369 314 1516 352 Allata·
1543 315 1685 352 chartis

387 381 635 430 descrcptum,
664 381 769 431 quod
795 381 1029 417 elaris—simas
1057 386 1092 415 et
1119 380 1394 419 eraditis-simus
1415 381 1537 418 abbans
1555 383 1686 418 Mari-
1735 405 1740 415 .

390 447 494 491 nius,
522 446 672 483 archivi
696 447 880 484 Vaticani
895 445 1132 495 praefectus,
1160 446 1257 483 mihi
1267 448 1544 498 perlegendum
1563 446 1680 484 dedit.

390 511 508 562 idque
546 513 766 562 exemplar,
809 525 897 548 cum
932 513 1123 561 insignem
1162 513 1242 549 eius
1269 514 1438 550 valorem
1465 524 1509 549 ac
1537 514 1686 550 utilita-

390 584 471 614 tem
504 580 754 629 perspiceret,
801 591 888 615 cum
914 577 1043 615 codice
1076 580 1148 618 177
1178 577 1431 617 bibliothecae
1454 579 1687 617 Barberinae

389 643 531 693 (quem
549 659 590 695 p.
603 657 735 683 xxxvl
752 657 815 681 no.
837 647 856 684 1
878 642 1013 695 posui)
1044 644 1248 681 contulisse
1279 657 1362 682 sese
1391 643 1589 683 schowius
1609 646 1687 682 ibi-

389 707 480 744 dem
501 711 566 747 ait.

395 760 397 765 ‚
440 777 498 811 Ita
525 776 713 812 maiorem
736 773 837 812 hanc
870 777 1082 826 epitomen,
1113 774 1160 813 de
1187 789 1263 828 qua
1289 778 1368 813 iam
1391 774 1539 815 dudum
1557 778 1688 829 loqui-

280 852 390 885 mur,
419 842 590 893 quinque
617 842 660 878 in
688 842 972 892 exemplaribus
1000 848 1173 891 exstare,
1201 843 1264 880 vel
1282 844 1495 892 exstitisse,
1522 844 1689 894 intelligi

278 912 420 955 potest.

448 972 569 1011 Venio
597 972 648 1010 ad
671 974 948 1022 minusculam,
988 987 1105 1027 quam
1130 976 1171 1012 in
1197 976 1287 1014 solis
1317 974 1465 1014 duobus
1491 988 1690 1026 superesse

280 1045 393 1088 puto,
418 1052 495 1076 uno
521 1038 606 1076 cod.
631 1041 808 1078 Palatino
837 1040 1013 1078 biblioth.
1036 1043 1241 1079 vaticanae
1262 1055 1326 1078 no·
1347 1043 1444 1090 141,
1474 1055 1496 1079 a
1513 1041 1692 1080 Schowio

276 1105 308 1146 1.
339 1106 402 1142 cit.
435 1106 656 1143 Bibliothek
682 1107 749 1143 der
771 1107 876 1143 alten
907 1114 977 1144 etc.
1009 1121 1049 1157 p.
1073 1110 1125 1148 23
1156 1113 1388 1155 memorato,
1417 1109 1535 1146 altero
1562 1114 1714 1152 nostro-

277 1173 399 1221 Regio
417 1185 480 1209 no.
502 1171 606 1212 1409
636 1171 757 1223 (olim
777 1172 894 1220 1185,
919 1175 1036 1220 1299,
1056 1172 1187 1223 3367)
1214 1174 1283 1210 fol.
1311 1176 1364 1214 77
1383 1171 1558 1214 recto-84
1575 1180 1689 1209 recto.

278 1250 332 1273 ex
347 1236 421 1274 hoc
436 1240 557 1288 Regio
575 1237 706 1276 codice
724 1239 937 1276 Salmasius
958 1239 1088 1275 locum
1108 1238 1155 1275 de
1176 1240 1296 1276 tribus
1312 1241 1422 1289 Eryli
1441 1240 1579 1276 animis
1593 1238 1694 1276 hau-

279 1304 350 1350 sit,
385 1300 628 1354 ὅτιἼΞρυλον
655 1302 724 1344 τόν
753 1303 841 1354 περὶ
863 1301 1020 1343 Ἰταλίαν
1047 1329 1097 1334 —-
1125 1301 1210 1341 οἷον
1225 1307 1294 1352 τῆς
1311 1301 1428 1354 ὅλης,
1457 1303 1560 1344 ἐστίν
1587 1302 1694 1355 (vid.

278 1374 360 1404 not.
389 1375 427 1404 et
452 1369 709 1407 animadvers.
729 1371 770 1406 iu
787 1370 951 1417 Epictet.
969 1375 1006 1404 et
1026 1369 1199 1417 Simplic.
1220 1367 1402 1417 Lugduni
1416 1371 1502 1405 Bat.
1521 1368 1637 1417 1640,
1655 1367 1694 1418 4,

279 1447 320 1483 p.
343 1432 472 1483 255):
503 1446 554 1470 ex
587 1432 724 1470 eodem
750 1434 935 1470 Boivinus
962 1432 1167 1470 chaldaica
1191 1434 1344 1469 oracula
1362 1434 1505 1471 inserta
1522 1435 1566 1471 in
1585 1442 1696 1472 notas

281 1499 332 1535 ad
346 1498 606 1550 Nicephorum
625 1500 836 1548 Gregoram
861 1498 922 1536 ed.
943 1501 1038 1549 Reg.
1060 1500 1181 1536 Paris.
1203 1502 1328 1545 1702,
1355 1500 1426 1536 fol.
1482 1506 1540 1537 est
1566 1508 1696 1537 autem

279 1563 376 1600 haec
409 1566 574 1614 epitome
605 1565 648 1600 in
677 1563 764 1601 cod.
793 1565 915 1614 Regio
946 1577 1157 1615 anonyma,
1197 1565 1239 1599 iu
1266 1565 1442 1602 Palatino
1468 1565 1696 1604 adscribitur

279 1631 453 1667 Maximo
482 1629 663 1667 Planudi.
719 1630 854 1680 incipit
884 1627 943 1670 ὅτι
962 1628 1132 1682 ’Έρυλον
1153 1627 1222 1669 τᾶν
1241 1629 1330 1682 περὶ
1347 1625 1523 1672 'Italiam
1557 1631 1698 1670 desinit

284 1696 324 1732 in
355 1697 479 1746 capite
498 1695 546 1733 de
564 1697 764 1746 fulgurum
781 1698 820 1733 vi
839 1702 877 1732 et
895 1709 1028 1744 causa,
1057 1698 1133 1735 τῶν
1159 1695 1287 1747 μέντοι
1309 1694 1629 1748 κεραυνοβλήτων
1649 1695 1699 1737 τοὶ

281 1759 440 1814 σώματα
467 1759 598 1812 ἄταφα
625 1762 909 1813 κατελίμπανον
938 1761 979 1800 οἷ
997 1758 1138 1810 πάλαι,
1170 1759 1400 1815 ἄδιάφθορα
1417 1761 1600 1814 μένοντα·
1629 1765 1700 1814 τῆς

281 1826 354 1881 γὰρ
385 1827 426 1868 ἔν
457 1825 591 1876 αὐτοῖς
621 1825 827 1880 ’ὑγρότητος
861 1823 1179 1879 ἅναρπαζομὲνης
1205 1826 1285 1869 ’ὔπὸ
1314 1832 1384 1869 τοῦ
1411 1826 1535 1880 πυρός
1570 1825 1700 1881 ὥσπερ

280 1891 558 1946 ἐποπτηθέντα
584 1894 780 1945 διαμένειν
805 1892 990 1943 πέφυκεν.
1048 1907 1165 1945 quam
1190 1895 1349 1947 quidem
1374 1897 1567 1946 epitomen
1592 1894 1701 1932 haud

281 1962 360 1998 scio
381 1974 431 1997 an
447 1967 549 1998 recte
571 1959 773 1998 Schowius
791 1958 885 1996 ibid.
902 1973 941 2009 p.
961 1963 1013 2000 23
1033 1962 1226 2011 scripserit
1247 1975 1335 1999 cum
1355 1962 1552 2013 prooemio
1572 1963 1698 2012 operis

279 2027 403 2074 finiri,
432 2026 507 2064 hoc
541 2034 620 2075 est,
652 2040 703 2063 ex
728 2028 855 2076 priore
882 2027 964 2062 sola
987 2027 1111 2063 libelli
1138 2035 1244 2077 parte
1268 2027 1442 2070 hausisse
1466 2026 1697 2076 Planudem,

281 2094 475 2145 reliquam
503 2094 659 2130 omniuo
688 2105 767 2128 non
793 2093 978 2140 attigisse.
1035 2095 1199 2140 etenim,
1227 2100 1272 2130 ut
1289 2092 1362 2131 hoc
1379 2100 1483 2141 utar,
1512 2095 1598 2145 quis
1618 2107 1698 2131 nou

280 2159 387 2196 videt
406 2159 567 2196 minoris
592 2159 779 2208 epitomes
801 2164 914 2206 caput
935 2157 1035 2193 illud
1055 2158 1102 2195 de
1120 2160 1318 2208 fulgurum
1336 2161 1395 2207 vi,
1425 2157 1486 2200 ὅτι
1511 2158 1604 2207 τούς
1631 2174 1699 2200 κε-

281 2221 451 2277 ραυνούς
481 2235 578 2274 φασι.
605 2224 804 2276 γίνεσθαι,
831 2219 923 2262 ὅταν
950 2223 1060 2273 ῥῆξις
1086 2228 1220 2273 νεφῶν
1241 2225 1416 2277 γένηται·
1443 2229 1514 2277 τῆς
1532 2224 1606 2280 γάρ
1625 2241 1703 2265 πα-

282 2290 510 2342 ρακειμένης
539 2285 671 2335 αὐτοῖς
700 2283 871 2340 γεώδους
900 2285 1034 2335 ου’σίας
1064 2289 1302 2341 ἐξαφθεὶσης
1330 2306 1366 2331 κ.
1384 2306 1417 2330 τ.
1435 2294 1494 2340 λ.,
1530 2290 1636 2343 quod
1660 2292 1701 2327 in

281 2372 321 2408 p.
348 2357 400 2398 53
437 2356 615 2394 editionis
642 2353 842 2392 Schowius
871 2367 962 2391 suae
989 2357 1139 2402 retulit,
1173 2363 1398 2406 excerptum
1428 2370 1511 2394 esse
1545 2369 1623 2393 non
1650 2368 1702 2393 ex

281 2425 408 2473 prima
440 2421 510 2460 sed
540 2436 561 2459 e
591 2428 785 2472 postrema
814 2421 939 2458 libelli
967 2428 1096 2471 parte,
1126 2422 1193 2457 ubi
1216 2422 1404 2458 breviator
1425 2423 1530 2473 prior
1551 2435 1701 2473 anony—

282 2503 368 2526 mus
390 2488 505 2525 habet
529 2486 607 2539 (ed.
628 2485 781 2525 Schow.
798 2493 897 2536 part.
918 2486 944 2526 4
964 2500 1087 2523 mens.
1106 2487 1308 2524 Decembr.
1327 2501 1358 2523 c.
1380 2489 1407 2527 2
1426 2501 1466 2538 p.
1486 2487 1582 2537 127)
1611 2485 1704 2533 τούς

281 2552 501 2606 κεραυνούς
526 2554 566 2593 οἱ
586 2549 798 2603 φιλόσοφοί
820 2565 918 2602 φασι
938 2552 1141 2605 γενέσθαι,
1171 2549 1264 2592 ὅταν
1292 2553 1404 2603 ῥῆξις
1433 2556 1565 2603 νεφῶν
1589 2553 1702 2606 γένη-

283 2631 363 2659 ται·
394 2623 463 2671 τῆς
490 2617 564 2671 γαρ
593 2616 876 2671 παρακειμένης
903 2614 1036 2664 αὐτοῖς
1061 2633 1095 2657 κ.
1116 2633 1146 2656 τ.
1167 2620 1199 2656 λ.
1257 2632 1307 2654 ex
1334 2631 1410 2669 quo
1441 2626 1598 2669 apparet
1622 2631 1701 2654 nou

285 2687 516 2723 continuisse
547 2698 631 2722 sese
654 2686 695 2723 in
723 2683 966 2735 excerpendo
995 2685 1184 2734 principio
1212 2684 1336 2720 libelli
1361 2683 1597 2731 Plauudem,
1633 2682 1702 2720 sed

285 2751 335 2788 ad
362 2752 489 2789 media
517 2764 673 2804 quoque
700 2751 764 2790 vel
791 2749 842 2788 ad
870 2757 1043 2788 extrema
1066 2752 1194 2801 potius
1218 2752 1470 2802 processisse,
1500 2751 1555 2789 sic
1571 2756 1701 2788 tamen
