1748 3210
382 173 457 215 DE
489 170 936 216 MAGISTRATIBUS
969 170 1015 215 P.
1046 170 1100 213 R.
1131 169 1235 213 LIB.
1269 169 1303 214 1.
1326 163 1328 165 ¹
1476 169 1567 215 161

63 279 67 282 ’
122 288 216 342 1⁶⁰5
235 285 310 343 μὲν
328 287 607 344 τουτελαρίους
627 287 722 338 τοὺς
743 288 786 329 δὲ
808 285 1232 344 φιδεὶὸιομμισσαριόυς
1251 280 1479 339 ὀνομάζων·
1515 279 1570 327 ὧν

120 355 229 408 ἅπαξ
243 354 523 410 ,σχολαζόντων
545 356 592 397 οὐ
614 358 793 398 συνεῖδον
811 359 1058 410 μνησθῆναι.

180 465 189 474 ,,
255 421 336 472 49.
406 422 626 468 Τοσούτων
667 423 871 482 ἀρχόντων
911 425 955 466 ἐκ
994 422 1214 479 προοιμίων
1241 424 1314 476 τῆς
1337 419 1570 475 εΡω,ιιαὶ“κῆς

119 493 317 542 πολιτείας
333 493 449 550 μέχρι
470 498 541 547 τῆς
561 491 852 546 ε’πιεικεστάτης
869 493 1077 546 βασιλείας
1098 491 1221 532 Τίτου
1240 487 1402 545 μνήμην
1421 491 1462 533 ἒν
1481 497 1570 540 ταῖς

84 561 312 619 ὢὶπορίαις
331 560 457 619 εὖριὺν
473 562 598 618 πέρας
619 560 801 616 ἐπιθήσω
822 564 878 617 τῷ
901 558 1019 617 λόγῳ.
1090 559 1183 601 οὐδὲ
1212 558 1289 615 γὰρ
1320 563 1399 600 τῶν
1430 559 1568 612 Δομε-

117 634 256 682 τιανοῦ
279 631 517 672 δυοκαίδεκα
539 626 768 687 πολιάρχων
777 661 791 680 ,
828 629 921 670 οὐδὲ
935 628 1017 683 μὴν
1035 632 1116 671 τῶν
1133 630 1370 670 Βασσιανοῦ
1388 633 1460 670 τοῦ
1483 629 1571 669 ἐπί-

116 702 215 752 κλην
234 698 506 755 Καρακάλλου
527 701 797 754 νεωτερισμῶν
822 695 984 751 μνήμην
1005 694 1258 751 ποιήσασθαι
1280 698 1482 739 συνεῖδον·
1503 696 1570 738 ’τὰ

115 766 194 823 γὰρ
214 767 324 824 παρὰ
342 771 423 810 τῶν
441 770 574 816 κακῶς
591 765 937 820 βεβασιλευκότων
956 762 1168 820 γενόμενα,
1204 763 1279 807 κᾶν
1300 759 1375 807 ὦσι
1392 763 1568 822 χρηστά,

115 837 463 893 καταφρονείσθω.
480 886 483 888 ¹

62 913 108 949 10
254 904 334 948 50.
405 905 618 961 Τρίβυρες,
651 901 769 952 ἔθνος
785 903 827 943 Γ
822 898 1025 953 αλατικόν,
1058 906 1147 952 ταῖς
1166 900 1314 955 ι’)’χθαις
1331 906 1405 945 τοῦ
1419 900 1568 957 “Ρήνου

115 971 458 1029 παρανεμόμενοι,
485 971 585 1014 ὅπου
618 973 684 1013 καὶ
713 972 910 1027 Τρίβυρις
941 968 966 1024 ἦ
994 969 1131 1021 πόλις,
1167 970 1468 1027 (Συγάμβρους
1491 972 1569 1013 αὖ*

114 1040 209 1090 τοὺς
224 1041 380 1092 Ἰταλοί,
416 1041 454 1082 οἳ
476 1042 519 1082 δὲ
543 1039 727 1082 Γαλάται
753 1037 967 1096 Φράγκους
983 1039 1087 1080 καθ’
1112 1037 1220 1093 ἡμᾶς
1235 1040 1566 1096 ἐπιφημίζουσιν)

113 1108 175 1150 ἐπὶ
206 1109 382 1165 Βρέννου
414 1110 510 1151 ποτὲ
542 1107 610 1150 διὰ
644 1112 724 1150 τῶν
748 1107 925 1150 Ἄλπεων
956 1106 1164 1164 σποράδην
1193 1106 1389 1160 ἀλώμενοι
1413 1109 1474 1149 ἐπὶ
1495 1107 1567 1162 τὴν

107 1175 279 1227 Ἰταλίαν
299 1178 571 1232 ἓξηνέχθησαν
592 1177 659 1218 διὰ
678 1181 758 1218 τῶν
778 1174 1001 1218 ἄνοδεύτων
1019 1178 1087 1218 καὶ
1105 1177 1357 1218 ἄκανθωδῶν
1377 1178 1567 1233 ἕρημιῶν,

57 1251 103 1288 15
114 1243 168 1295 ὥς
201 1262 324 1302 φησιν
362 1246 603 1302 Οὐεργίλιος.
673 1243 755 1287 εἶτα
787 1247 854 1286 καὶ
885 1244 951 1286 διὰ
981 1249 1061 1287 τῶν
1089 1242 1302 1297 ὑπονόμων
1332 1243 1568 1294 ἐπελθόντες

109 1313 183 1367 τὴν
209 1311 377 1368 εΡώμην
407 1315 474 1355 καὶ
506 1313 604 1355 αὐτὸ
636 1314 678 1354 δὲ
707 1312 752 1354 τὸ
775 1311 1036 1354 Καπετώλιον
1058 1312 1282 1369 ἐκράτησαν
1291 1345 1303 1364 ,
1341 1311 1404 1355 ὅτε.
1427 1317 1506 1355 τῶν
1526 1313 1567 1354 ἓν

109 1386 168 1438 τῷ
197 1382 291 1438 ἱερῷ
319 1386 455 1436 χηνῶν
485 1382 772 1438 ταραχθέντων
801 1379 879 1423 ὑπὸ
906 1384 987 1423 τῶν
1015 1380 1239 1438 βαρβάρων
1266 1379 1429 1439 ἀκράτῳ
1456 1382 1568 1423 νυκτὶ

111 1451 314 1506 φανέντων
343 1452 561 1506 διεγερθεὶς
589 1448 781 1498 Mam-og
812 1447 832 1491 ὅ
863 1450 1085 1505 στρατηγὸς
1112 1451 1274 1505 (γείτων
1298 1451 1342 1492 δὲ
1363 1445 1437 1504 ἦν)
1474 1449 1567 1499 τοὺς

108 1518 182 1571 μὲν
211 1517 449 1574 βαρβάρους
478 1517 680 1572 ἓξώθησε,
709 1524 792 1567 τοῖς
822 1518 864 1558 δὲ
890 1519 1011 1571 χησὶν
1039 1517 1181 1574 ἑορτὴν
1206 1519 1272 1560 καὶ
1296 1518 1566 1574 ἱπποδρομίαν

53 1586 218 1642 Ξοᾶίγειν
237 1584 480 1640 εΡωμαίοις,
510 1593 595 1636 τοῖς
620 1587 664 1627 δὲ
690 1587 803 1627 κυσὶν
829 1585 1001 1641 ὄλεθρον
1023 1586 1127 1628 κατὰ
1147 1586 1216 1628 τὸν
1238 1587 1279 1627 ἓν
1301 1586 1428 1628 λέοντι
1451 1585 1565 1640 ἥλιον

109 1653 282 1712 διώρισε.
350 1653 503 1698 τούτων
538 1654 664 1704 οὕτως
696 1652 783 1696 τότε
811 1658 1030 1708 γενομένων
1050 1653 1173 1707 νόμος
1193 1655 1312 1709 ἐτέθη
1333 1652 1353 1696 ὅ
1375 1654 1564 1711 προάγων

61 1727 65 1730 ⁴
107 1723 202 1774 τοὺς
220 1722 405 1781 φύλακας
423 1727 502 1766 τῶν
519 1727 684 1766 νυκτῶν.
735 1724 802 1764 καὶ
826 1722 922 1765 ὅσον
938 1723 1011 1776 μὲν
1030 1723 1132 1781 πρὸς
1157 1722 1201 1766 τὸ
1223 1727 1353 1778 μῆκος
1373 1727 1446 1765 τοῦ
1462 1722 1565 1780 χρό-

196 1856 220 1891 6
241 1855 310 1890 τοῦ
332 1855 385 1899 F,
407 1852 450 1890 τὰ
476 1855 520 1889 C.
682 1855 724 1890 11
749 1851 981 1899 συμγοὶβρους
1003 1854 1048 1888 C.
1210 1854 1253 1889 12
1276 1852 1313 1888 οὶ
1335 1854 1387 1897 F,
1414 1850 1497 1887 οἷον
1521 1853 1564 1887 C.

199 1901 243 1937 15
266 1901 355 1936 Aen.
375 1901 397 1936 8
421 1902 504 1937 657:
532 1900 630 1936 Galli
646 1912 709 1946 per
730 1901 848 1936 dumos
869 1901 1028 1934 aderaut.
1063 1899 1108 1934 F.

105 2014 264 2049 subtilius
285 2015 328 2050 de
346 2015 566 2060 praetoribus
585 2015 769 2059 disseruit,
794 2014 879 2049 alios
897 2012 1098 2055 tutelarios,
1122 2011 1208 2045 alios
1228 2011 1566 2046 fideicommissarios

105 2061 305 2106 appellans3
328 2062 372 2095 de
398 2061 542 2105 quibus,
566 2061 726 2106 quoniam
750 2061 855 2094 semel
878 2058 1057 2104 abrogat-i,
1082 2057 1176 2090 nolui
1194 2069 1472 2091 commemorare.

196 2127 254 2163 49.
300 2128 481 2174 Expositis
513 2128 792 2172 magistratibus,
827 2139 971 2173 quorum
995 2127 1038 2160 ab
1062 2125 1275 2162 incunabulis
1302 2126 1479 2160 Romanae
1511 2124 1566 2158 rei

105 2173 266 2218 publicae
286 2175 331 2208 ad
351 2174 659 2208 mansuetissimum
681 2175 758 2208 Titi
782 2174 983 2219 imperium,
1017 2172 1053 2204 in
1079 2171 1234 2204 historiis
1259 2171 1456 2204 memoriam
1480 2182 1564 2216 rep-

106 2219 205 2264 peri,
237 2219 340 2253 finem
363 2219 451 2254 libro
475 2220 659 2264 imponam.
706 2231 818 2264 neque
840 2219 929 2253 enim
948 2217 1136 2252 Domitiani
1160 2217 1340 2251 duodecim
1361 2218 1562 2261 praefecto-

105 2275 182 2299 rum
213 2265 330 2308 urbis,
370 2277 482 2310 neque
522 2277 606 2299 vero
644 2266 804 2299 Bassiani
836 2263 1038 2310 cognomine
1073 2262 1271 2296 caracallae
1302 2262 1565 2296 innovationum

106 2310 312 2345 mentionem
336 2312 453 2345 facere
476 2311 588 2345 volui:
623 2321 712 2357 quae
735 2311 825 2345 enim
848 2323 868 2346 a
890 2309 1009 2356 pravis
1029 2308 1246 2354 principibus
1264 2309 1377 2353 facta,
1405 2307 1561 2352 quamvis

105 2355 286 2390 utilissima
309 2356 398 2401 sint,
426 2363 702 2391 contemnuntor.

195 2424 253 2459 50.
301 2425 471 2470 Treveri,
500 2437 585 2470 gens
610 2425 764 2469 Gallica,
788 2424 883 2469 ripas
902 2423 1018 2458 Rheni
1039 2422 1255 2465 accolentes,
1281 2421 1339 2455 ubi
1358 2425 1394 2455 et
1418 2419 1563 2454 Treviri

106 2471 207 2514 urbs,
246 2471 483 2515 (Sygambros
523 2484 582 2506 eos
619 2471 720 2514 Itali,
762 2471 854 2504 Galli
891 2477 1005 2504 autem
1041 2480 1131 2502 nunc
1166 2469 1323 2502 Francos
1361 2466 1562 2511 appellant)

103 2516 241 2550 Brenno
269 2517 355 2551 duce
384 2519 552 2562 quondam
583 2529 648 2563 per
676 2517 782 2561 Alpes
812 2517 958 2561 sparsim
991 2520 1148 2549 errantes
1175 2514 1212 2547 in
1234 2513 1370 2547 Italiam
1387 2513 1564 2546 irruerunt

104 2573 169 2607 per
190 2561 328 2596 deserta
348 2563 444 2597 invia
463 2570 499 2598 et
516 2565 676 2607 dumosa,
708 2568 747 2596 ut
767 2562 818 2596 ait
843 2562 1020 2606 Virgilius.
1069 2560 1195 2594 deinde
1220 2570 1285 2604 per
1308 2558 1482 2592 cuniculos
1506 2557 1562 2591 in-

103 2607 219 2652 gressi
245 2608 386 2642 Romam
416 2614 519 2655 atque
544 2610 655 2655 ipsum
681 2607 890 2653 Capitolium
914 2614 1079 2650 tenuere,
1115 2617 1190 2639 cum
1213 2617 1234 2638 a
1256 2604 1414 2638 barbaris
1436 2604 1562 2637 intem-

103 2658 206 2698 pesta
230 2659 330 2687 nocte
352 2655 600 2699 apparentibus
618 2655 754 2697 territi,
789 2653 848 2698 qui
870 2653 907 2686 in
928 2652 1055 2697 templo
1080 2656 1181 2686 erant
1200 2662 1361 2694 anseres,
1397 2649 1563 2684 Manl‘unu

103 2699 224 2733 ducem
250 2699 409 2742 (vicinus
433 2706 544 2735 autem
564 2702 665 2744 erat)
690 2700 904 2742 excitarunt,
930 2698 988 2742 qui
1017 2699 1184 2732 barbaros
1209 2697 1356 2740 deiecit,
1381 2695 1562 2729 anseribus

102 2751 216 2778 autem
235 2750 273 2778 ut
292 2745 416 2779 festum
439 2751 475 2780 et
495 2758 615 2781 cursus
638 2753 816 2791 equestres
843 2745 994 2779 ludicros
1019 2743 1167 2778 Romani
1191 2742 1431 2785 celebrarent,
1465 2741 1559 2774 cani-

101 2790 165 2826 bus
193 2802 278 2824 vero
304 2791 493 2835 perniciem
522 2792 594 2826 sole
621 2791 756 2826 leonem
787 2795 1034 2836 percurrente,
1071 2789 1242 2824 decrevit.
1291 2799 1380 2834 quae
1409 2798 1484 2821 cum
1512 2787 1562 2821 ita

100 2841 171 2871 tum
194 2836 422 2882 accidissent,
450 2837 508 2872 lex
528 2837 598 2874 lata
621 2844 676 2873 est
698 2838 860 2873 custodes
883 2842 1070 2871 nocturnos
1091 2835 1293 2870 instituens.
1341 2838 1378 2868 et
1399 2838 1562 2879 quantum

158 2889 304 2924 loannes
333 2889 462 2934 hydas.
1234 2884 1251 2921 1
1263 2884 1285 2922 1
