1748 3210
214 977 264 1016 11

130 1257 166 1290 p.
189 1255 263 1279 xxv

107 2571 142 2603 p.
165 2570 255 2594 xxv1

283 204 394 235 xvm
657 191 799 235 HASII
830 191 902 233 DE
934 188 1136 232 IOANNE
1169 188 1321 231 LYDO

284 321 395 359 illam
412 320 491 358 iam
508 333 530 358 a
547 320 703 360 Nicolao
722 319 886 371 Rigaltio
906 317 1150 369 Antonioque
1168 315 1376 355 Possevino
1396 316 1570 370 (Han-les.
1589 315 1692 354 Bibl.

284 389 353 426 Gr.
382 388 460 425 vol.
480 389 507 427 7
539 400 578 438 p.
599 388 702 438 702)
731 388 984 437 vituperatum
1013 382 1131 421 checi
1155 383 1387 430 versionem,
1417 381 1624 420 eiusmodi:
1651 382 1694 417 in

285 460 477 491 astrorum
508 454 655 489 ratione
691 452 851 503 (supple
879 450 1031 488 consuli
1055 448 1189 486 debent
1218 454 1283 484 aut
1313 447 1389 484 tale
1418 447 1589 500 aliquid)
1627 448 1697 498 qui

287 519 464 557 caelestia
498 532 656 568 corpora
689 518 850 555 scrutati
881 524 994 562 sunt,
1030 517 1171 567 quique
1193 515 1234 550 in
1259 519 1447 550 astmmm
1473 521 1560 550 ortu
1581 520 1697 563 atque

285 585 420 629 obitu,
460 583 763 621 conversionibus
781 583 1033 634 planetarum
1060 593 1214 631 operam
1240 593 1352 616 suam
1377 579 1567 616 collocant
1573 607 1590 625 ‚
1627 580 1697 629 qui

286 651 550 688 Ptolemaeum
576 649 778 699 diligenter
805 654 1062 698 cognoscunt,
1104 653 1139 683 et
1164 645 1397 682 Chaldaieas
1419 645 1608 696 quasdam
1626 643 1695 681 ob—

285 718 532 760 servationes,
554 713 676 751 Arati
694 708 927 764 Φαινόμενα,
950 713 1109 750 Ioannis
1126 712 1228 762 Lydi
1243 711 1422 748 diurnam
1441 717 1696 748 menstruam-

286 795 360 833 que
379 780 674 817 observationem
691 786 827 815 tenent.
881 778 1204 830 genethlialogias
1225 785 1370 822 autem,
1399 789 1497 828 quae
1515 777 1563 813 iis
1580 776 1622 812 in
1644 775 1696 811 lo·-

288 846 366 883 bris
382 858 540 896 sparsae
555 852 647 882 sunt
666 852 702 881 et
718 844 768 882 ab
788 844 946 882 eeclesia
961 845 1024 882 dei
1037 846 1262 881 reiieiuntur
1270 871 1286 889 ,
1314 856 1382 880 nos
1403 849 1528 880 nostro
1547 853 1697 893 quoque

287 925 404 963 regno
427 910 662 961 expellimus.

402 966 506 1025 Quue
540 985 648 1027 sunt,
687 986 729 1016 ut
758 979 951 1017 levissime
987 978 1132 1027 dicam,
1171 978 1267 1015 mire
1299 989 1421 1015 versa.
1477 975 1698 1014 debuissent

284 1043 363 1082 sic:
392 1043 434 1079 in
457 1050 647 1081 astrorum
667 1047 830 1091 ratione,
859 1047 928 1096 qui
949 1044 1171 1082 caelestibus
1187 1044 1299 1081 rebus
1316 1057 1469 1094 operam
1488 1043 1600 1086 dant,
1627 1040 1698 1078 do-

284 1111 487 1160 ctrinaque
514 1117 551 1146 et
572 1112 730 1148 scientia
756 1111 893 1148 siderei
919 1113 1089 1162 computi
1106 1117 1332 1160 praestant,
1370 1117 1406 1146 et
1435 1110 1477 1146 in
1508 1106 1712 1157 Expedita

286 1176 501 1212 Ptolemaei
530 1190 690 1222 canone,
719 1178 761 1214 in
793 1177 1083 1227 Quadripartito
1110 1177 1214 1227 quod
1246 1184 1386 1213 vocant
1401 1177 1498 1219 eius,
1526 1175 1568 1210 in
1588 1172 1697 1208 certis

287 1242 378 1278 aliis
413 1241 694 1278 Chaldaeorum
719 1242 996 1288 notationibus,
1023 1242 1080 1279 ad
1095 1242 1191 1278 leaeo
1209 1243 1250 1279 in
1272 1242 1394 1278 Arati
1409 1227 1698 1291 App‘baeentium

284 1308 535 1356 descriptione
563 1306 651 1357 (hic
675 1307 822 1358 aliquid
841 1294 948 1344 deest
958 1303 975 1354 ,’
998 1315 1040 1344 ut
1059 1310 1170 1344 Lami
1187 1307 1379 1357 indicat):
1410 1307 1568 1345 Ioannis
1593 1302 1699 1353 Lydi

283 1371 510 1423 quotidiana
538 1379 808 1419 menstrnaqlte-
835 1372 1107 1407 observatione.
1170 1382 1420 1419 quaecunque
1448 1381 1535 1406 vero
1562 1381 1606 1404 ex
1624 1381 1698 1418 ge-

284 1434 535 1484 nethliologia
578 1435 659 1485 (sic
696 1435 802 1471 euim
836 1432 937 1470 hanc
968 1446 1103 1470 vocem
1127 1435 1325 1471 Vitruvius
1352 1435 1422 1471 lib.
1453 1434 1479 1472 9
1516 1446 1549 1470 c.
1575 1431 1602 1473 4
1635 1432 1696 1470 ed.

284 1500 383 1539 Rod.
405 1500 578 1538 Berolini
602 1502 718 1547 1800,
742 1499 779 1548 4,
798 1513 840 1550 p.
858 1497 965 1548 219)
995 1506 1087 1535 sunt
1117 1501 1158 1535 in
1187 1499 1249 1536 lzis
1279 1513 1373 1550 quos
1397 1499 1564 1536 disemus
1588 1498 1698 1536 libris

285 1581 461 1618 aspersa,
490 1580 534 1603 ea
535 1594 551 1612 ,
580 1572 624 1601 ut
639 1566 777 1601 reiecta
793 1564 843 1602 ab
862 1565 1019 1602 eeclesia
1037 1565 1114 1610 dei,
1143 1572 1343 1602 aversatur
1356 1566 1534 1601 maiestas
1550 1572 1693 1601 nostra.

286 1634 430 1670 etenim
450 1639 552 1669 recte
575 1631 790 1668 observavit
808 1634 971 1669 Ioannes
993 1631 1171 1668 Suicerus
1202 1632 1265 1682 (in
1285 1629 1484 1668 Thesauro
1502 1631 1697 1668 Ecclesia-

285 1700 403 1746 stico,
432 1704 460 1734 t.
482 1699 518 1745 1,
548 1696 783 1734 Amstelaed.
807 1697 923 1745 1682,
950 1697 1020 1734 fol.
1050 1698 1217 1734 column.
1238 1695 1340 1746 669)
1370 1709 1506 1733 vocem
1524 1697 1698 1748 βασιλεία

282 1764 364 1801 iam
383 1762 474 1800 inde
496 1775 518 1800 a
538 1763 860 1800 Constantinianis
879 1764 1115 1814 temporibus
1145 1776 1265 1815 usque
1291 1761 1342 1799 ad
1364 1761 1555 1813 perditam
1577 1764 1698 1801 Grae-

284 1830 386 1866 ciam
412 1830 607 1879 propriam
641 1830 759 1867 fuisse
790 1831 1065 1881 imperatorum
1103 1830 1352 1866 Orientalium
1385 1830 1696 1880 appellationem,

283 1895 339 1932 ita
362 1901 405 1932 ut
427 1897 503 1945 ipsi
530 1895 577 1932 de
607 1908 649 1932 se
675 1893 704 1946 ἦ
723 1894 886 1949 ἡμετέρα
902 1896 1076 1948 βασιλεία
1093 1896 1173 1932 sive
1191 1893 1219 1946 ἦ
1237 1896 1410 1947 βασιλεία
1429 1897 1510 1947 μοῦ
1519 1923 1530 1943 ,
1562 1895 1628 1931 alii
1647 1892 1697 1932 ad

283 1961 373 1998 illos
395 1958 423 2012 ἦ
441 1960 615 2012 βασιλεία
637 1963 720 2001 σοῦ.
776 1963 849 2010 sic,
879 1969 921 1998 ut
951 1963 1126 1998 omittam
1151 1963 1332 2012 exempla
1352 1975 1374 1999 a
1395 1962 1551 2000 Suicero
1571 1961 1696 2008 citata,

282 2025 323 2063 S.
346 2025 513 2077 Cyrinus
535 2028 906 2079 Hierosolymitanus
930 2027 979 2065 ad
999 2028 1264 2065 Constantium
1286 2029 1395 2066 Caes.
1417 2025 1615 2065 Cateches.
1633 2025 1696 2064 ed.

282 2093 436 2129 Prevot.
470 2093 592 2128 Paris.
619 2094 735 2140 1608,
763 2092 802 2140 4,
830 2107 870 2143 p.
898 2093 998 2142 549,
1029 2101 1065 2130 et
1089 2093 1130 2130 S.
1160 2092 1453 2145 Chrysostomus
1482 2093 1530 2131 de
1559 2094 1695 2131 statuis

283 2158 382 2208 opp.
415 2155 477 2193 ed.
507 2157 626 2194 Savil.
655 2164 683 2194 t.
704 2161 730 2199 6
756 2161 903 2196 Etonae
926 2161 1045 2206 1612,
1067 2160 1136 2196 fol.
1157 2173 1196 2210 p.
1217 2162 1295 2201 602
1315 2162 1384 2197 lin.
1409 2162 1482 2208 13,
1509 2156 1607 2212 πρός
1623 2157 1696 2210 τήν

282 2220 358 2274 σὴν
389 2223 611 2274 flaminiam:
657 2224 751 2260 item
783 2225 971 2275 Georgius
998 2224 1285 2264 Alexandrinus
1318 2228 1359 2263 in
1389 2227 1469 2264 vita
1498 2224 1695 2277 chrysost.

280 2289 380 2340 Opp.
398 2287 595 2341 chrysost.
615 2287 676 2326 ed.
701 2291 763 2326 cit.
785 2297 813 2327 t.
830 2290 855 2329 8
874 2303 914 2340 p.
930 2291 1011 2331 231
1030 2291 1099 2328 lin.
1117 2291 1166 2332 5:
1193 2294 1248 2346 τῷ
1265 2289 1524 2345 προστάγματι
1541 2295 1608 2344 τῆς
1623 2294 1695 2343 σῆς

279 2354 487 2406 βασιλείας.
542 2355 621 2390 alia
649 2357 828 2406 exempla
857 2355 974 2393 habet
1003 2357 1224 2406 Ducangius
1255 2358 1423 2395 Glossar.
1453 2358 1586 2394 Graec.
1610 2363 1640 2394 t.
1668 2359 1691 2397 1

279 2419 406 2470 Lugd.
430 2420 549 2468 1688,
569 2420 636 2457 fol.
658 2421 731 2458 col.
753 2422 844 2461 179.
902 2434 1019 2473 quam
1047 2423 1365 2473 significationem
1391 2422 1499 2461 verbi
1519 2424 1694 2475 βασιλεία

279 2488 398 2524 miror
421 2487 554 2524 multis
579 2498 659 2522 non
685 2487 726 2522 in
754 2494 929 2525 mentem
949 2490 1099 2526 venisse
1121 2489 1410 2540 interpretibus,
1438 2489 1546 2527 velut
1567 2488 1692 2527 Checo

278 2551 353 2590 hoc
376 2554 487 2600 loco3
517 2553 614 2589 item
639 2551 813 2590 conrado
834 2553 1088 2592 Rittershusio
1107 2555 1149 2590 in
1169 2557 1343 2593 versione
1362 2556 1403 2594 S.
1421 2554 1559 2593 Isidori
1571 2555 1690 2592 Pelu-

280 2620 398 2656 siotae
421 2619 489 2655 lib.
509 2616 536 2659 4
554 2619 664 2669 epist.
690 2617 768 2659 143
792 2618 852 2656 ed.
872 2622 994 2658 Paris.
1016 2622 1132 2670 1688,
1155 2621 1224 2659 soh
1246 2635 1288 2672 p.
1309 2620 1387 2663 493
1408 2623 1459 2670 Β,
1488 2622 1556 2659 ubi
1573 2620 1689 2659 verba

279 2684 344 2724 καὶ
369 2682 442 2736 τήν
469 2683 512 2725 ἐν
539 2685 662 2739 κυρίῳ
687 2683 821 2738 ὑγείαν
843 2685 910 2726 καὶ
930 2687 1120 2739 σωτηρίαν
1139 2690 1209 2739 τῆς
1234 2684 1420 2739 εὐσεβοῦς
1440 2683 1555 2740 ὖμαΐν
1575 2685 1688 2736 βασι-

276 2750 399 2800 λείας,
426 2749 500 2790 hoc
530 2757 588 2789 est
617 2752 808 2802 integram
831 2753 874 2790 in
896 2753 1048 2790 domino
1066 2753 1325 2792 valetudinem
1342 2754 1579 2804 salutemque
1593 2752 1687 2801 piae
