1748 3210
606 190 1057 238 COMMENTARIUS.-
1487 201 1569 231 xm

118 318 272 368 misisse
309 339 412 381 quae
450 327 596 366 relecto
634 328 800 380 Virgilio
838 329 998 365 Lucano
1038 323 1172 363 Persio
1215 322 1432 362 accuratius
1471 323 1566 374 poni

115 399 325 450 aptiusque
353 397 586 448 potu1ssent.
1163 392 1165 394 ’

226 466 401 516 Agnovit
429 471 563 502 tamen
587 470 627 502 et
651 463 776 515 ipsius
794 463 996 501 saeculum
1016 461 1059 500 id
1082 460 1190 515 quod
1207 467 1266 499 est
1286 461 1327 497 in
1350 460 1442 508 illo,
1471 471 1562 496 ma-
1591 466 1617 504 6

106 545 239 585 gnum
267 531 444 571 studium
471 545 603 570 rerum
633 538 834 580 veterum,
863 532 1032 569 multam
1056 529 1312 578 industriam,
1348 528 1567 571 orationem

113 602 291 639 literatae
327 603 538 639 senectutis
570 601 753 651 plena1n3
796 605 835 636 et
862 597 1187 650 Theophylactus
1217 597 1454 644 simocatta,
1497 595 1567 646 qui

111 676 202 721 post
222 682 258 706 a·
282 671 364 710 628
386 668 436 706 de
453 669 567 707 rebus
588 667 768 705 Mauricii
789 667 966 704 Caesaris
984 667 1157 718 scripsit,
1191 667 1463 703 auctoritatem
1486 664 1566 699 iam

111 736 315 790 quandam
339 735 496 776 videtur
522 736 624 773 libro
651 734 700 772 de
727 736 898 772 Ostentis
926 732 1155 785 adiungere.
1213 734 1333 771 verba
1358 733 1442 769 eius
1466 729 1565 767 haec

109 813 223 855 sunt,
252 807 354 844 Hist.
372 803 435 842 ed.
453 805 552 855 Reg.
569 817 610 854 p.
637 805 714 845 186
734 804 790 840 B:
819 801 910 855 περὶ
936 799 980 842 δὲ
1003 805 1085 842 τῶν
1108 797 1476 854 ἄνθρωπομόρφων
1497 797 1563 838 καὶ
1589 814 1625 848 p.
1652 812 1700 835 xv

110 870 302 930 Μιλῴων
329 869 441 928 ζῴων
466 871 535 912 καὶ
557 875 640 919 τοῖς
660 866 785 911 πάλαι
809 866 1025 923 ἱστόρηται.
1081 869 1190 917 τίνος
1210 866 1254 909 δὲ
1273 864 1517 921 σημαντικὸν
1536 865 1566 919 ἦ

106 934 262 982 τούτων
280 939 448 993 immuta
469 939 735 991 καθέστηκεν,
768 939 897 979 εἰπεῖν
914 932 1140 991 ἐθάρρησεν
1158 935 1183 977 ὅ
1198 933 1357 985 Λυδός,
1386 939 1468 976 τῶν
1497 932 1565 976 ἅλ-

107 1013 188 1050 λων
211 1010 302 1050 λίαν
328 1004 518 1061 νεώτερος
543 1003 768 1057 καθεστώς,
813 1004 859 1055 ὃς
886 1003 987 1046 κατὰ
1016 1003 1112 1054 τούς
1141 1002 1310 1059 χρόνους
1337 1004 1563 1057 ἕγνωρίζετο

102 1073 384 1118 Ἱουϋτινιανοῦ
410 1076 484 1116 τοῦ
517 1070 818 1128 αὐτοκράτορος.
876 1073 927 1111 ad
949 1087 1071 1126 quem
1091 1075 1224 1111 locum
1243 1074 1285 1109 in
1304 1071 1391 1110 cod.
1414 1073 1563 1111 Graeco

105 1146 294 1184 Vaticano
316 1146 412 1193 977,
439 1155 568 1194 nuper
586 1144 759 1180 Parisios
781 1143 984 1192 translato,
1013 1143 1056 1179 in
1077 1154 1155 1195 quo
1176 1138 1472 1192 Theophylacti
1495 1137 1563 1177 hi-

103 1214 224 1252 storia
247 1212 468 1251 continetur
483 1223 577 1248 cum
594 1208 756 1248 scholiis
776 1210 955 1260 ineditis,
985 1209 1086 1247 haec
1104 1211 1313 1260 leguntur:
1344 1208 1563 1261 σημείωσαι

101 1276 167 1323 ὅτι
189 1278 214 1322 ὅ
240 1275 399 1329 Λυδός,
427 1276 451 1320 ἆ
467 1277 560 1331 περὶ
576 1280 760 1331 κομητῶν
777 1277 846 1319 καὶ
862 1278 989 1333 ἴριδος
1007 1277 1078 1319 καὶ
1095 1280 1247 1318 λοιπῶν
1265 1275 1356 1329 περὶ
1374 1273 1445 1317 τόν
1462 1272 1563 1329 ἀέρα

101 1349 251 1389 παθῶν
278 1342 547 1399 ἑρμηνεύσας,
575 1345 619 1383 ἐν
636 1346 719 1390 τοῖς
735 1341 893 1396 χρόνοις
909 1341 964 1396 ἦν
977 1342 1260 1384 Ἰουστινιανοῦ
1277 1344 1351 1384 τοῦ
1368 1339 1563 1397 αὐτοκρά-

101 1429 231 1468 τορος.
287 1426 335 1450 ac
365 1412 437 1450 sub
466 1411 588 1448 finem
621 1409 800 1447 eiusdem
825 1412 974 1448 saeculi
1000 1412 1065 1449 vel
1094 1417 1202 1448 trans
1223 1423 1415 1448 oceanum
1434 1424 1560 1463 usque

99 1487 327 1534 penetrasse
356 1478 461 1531 Lydi
489 1479 694 1517 volumina
719 1477 831 1515 Beda
858 1478 1103 1517 Venerabilis
1130 1479 1173 1514 in
1202 1479 1407 1516 Britannia
1439 1492 1561 1530 argu-

97 1555 232 1586 mento
266 1554 345 1596 est,
384 1547 455 1599 qui
483 1552 638 1597 partem
669 1546 761 1583 libri
791 1544 841 1583 de
869 1547 1041 1584 Ostentis
1068 1551 1307 1583 contractam
1338 1547 1560 1600 Latineque

96 1628 254 1655 versam
282 1621 374 1652 ante
402 1626 439 1652 a.
458 1614 539 1656 735
565 1615 638 1652 sub
660 1615 775 1652 titulo
795 1612 945 1652 edidit:
975 1613 1158 1651 Libellus
1189 1613 1238 1650 de
1268 1615 1468 1660 ionio-uis,
1500 1616 1560 1652 ad

94 1683 411 1735 Herenfiidum,
439 1684 540 1734 Opp.
562 1696 668 1720 omn.
692 1681 755 1720 ed.
777 1682 914 1720 Colou.
934 1682 1101 1733 Agripp.
1125 1688 1222 1719 tom.
1246 1684 1288 1731 1,
1322 1683 1448 1731 1612,
1484 1683 1558 1720 fol.

95 1751 268 1789 column·
289 1751 552 1799 387—3903
583 1764 705 1803 quem
727 1750 1010 1789 Hei-enfridum
1039 1752 1081 1787 in
1106 1750 1353 1801 praefatione
1378 1757 1491 1801 rogat
1513 1758 1559 1788 ut

94 1832 243 1856 ancora
271 1820 402 1856 sancti
428 1821 616 1856 sermonis
639 1821 760 1858 vestri
767 1820 1036 1871 fideliumque
1057 1826 1274 1857 vestrorum
1292 1818 1366 1855 hoc
1384 1832 1556 1869 opuscu-

93 1886 179 1924 lum
207 1900 255 1924 ex
279 1900 453 1924 sennone
480 1901 508 1924 a
527 1887 654 1936 fideli
684 1895 809 1926 vestro
843 1891 886 1926 in
915 1889 1112 1926 Latinum
1136 1886 1395 1933 translamm,
1426 1887 1556 1924 omni-

91 1955 219 1992 modis
249 1953 302 1992 ab
332 1955 557 1993 invidorum
585 1957 882 1995 inimicorumve
908 1955 1215 1994 detractionibus
1244 1954 1466 1992 stabilitam
1489 1962 1554 1992 at-

91 2034 168 2072 que
188 2021 372 2060 illaesum
386 2036 619 2074 permanere
630 2024 817 2075 faciatis.
880 2037 959 2076 quo
977 2025 1020 2061 in
1040 2026 1128 2062 loco
1147 2037 1218 2076 pro
1236 2023 1368 2062 verbis
1400 2037 1446 2060 ex
1471 2036 1554 2060 ser-

91 2102 204 2127 mone
239 2090 366 2127 scribe
404 2104 450 2128 ex
489 2092 660 2136 Graeco,
690 2093 772 2130 sive
806 2105 851 2129 ex
887 2093 1040 2130 Graeco
1069 2105 1256 2129 sermone.
1318 2090 1550 2143 deprompta

91 2163 226 2195 autem
243 2170 291 2195 ea
313 2171 398 2196 esse
419 2172 471 2196 ex
490 2159 591 2197 libro
607 2158 655 2196 de
675 2160 845 2198 Ostentis
858 2190 868 2209 ,
900 2160 1008 2213 quod
1030 2162 1112 2198 iam
1133 2159 1390 2197 IAFabricius
1413 2160 1549 2197 conie-

91 2230 196 2262 cerat
223 2224 440 2277 (Biblioth.
467 2229 597 2265 Latin.
617 2226 722 2265 med.
741 2235 780 2265 et
795 2229 867 2270 inf.
889 2229 1048 2277 aetatis,
1080 2227 1143 2265 ed.
1163 2229 1338 2265 Mansit.
1365 2229 1387 2267 1
1410 2229 1548 2265 Patav.
1570 2243 1607 2278 p.
1633 2244 1697 2268 xvr

91 2289 213 2340 1754,
241 2289 280 2340 4,
314 2305 356 2344 p-
391 2293 519 2346 186),
555 2296 724 2346 ipsemet
758 2298 926 2347 cognovi
961 2298 1141 2335 instituta
1171 2297 1407 2334 collatione:
1451 2297 1549 2332 item

89 2358 349 2398 animadverti
381 2364 568 2413 opuscula
594 2366 777 2415 proxime
807 2366 1036 2417 sequentia,
1066 2365 1301 2402 Pronostica
1330 2371 1548 2414 temporum

89 2434 127 2465 et
147 2427 214 2464 De
228 2432 548 2482 praecognitione
569 2433 706 2482 copiae
722 2440 793 2469 aut
804 2434 1056 2484 paupertatis
1062 2433 1236 2485 suturae
1266 2433 1394 2485 (Opp.
1413 2429 1547 2467 Bedae

86 2499 224 2538 tom-1
254 2498 330 2535 (201-
352 2498 642 2550 390—391)‚
672 2499 853 2538 indidem
887 2514 1071 2550 manare,
1101 2508 1257 2553 praeter
1286 2511 1411 2551 pauca
1443 2510 1546 2550 quae

87 2563 153 2599 vel
175 2565 281 2602 male
309 2566 510 2604 intellexit
537 2568 602 2605 vel
628 2567 788 2606 aliunde
821 2570 966 2607 cursim
992 2571 1158 2621 arripuit
1176 2567 1298 2606 Beda.
1357 2565 1428 2604 sed
1444 2564 1546 2603 haec

87 2630 184 2668 alias
212 2632 414 2682 pluribus:
452 2648 557 2673 nunc
587 2648 689 2689 quae
719 2635 834 2688 Lydo
864 2636 998 2675 medio
1029 2651 1126 2677 aevo
1155 2638 1313 2674 fortuna
1343 2635 1540 2686 obtigerit,

83 2711 199 2750 porro
222 2698 441 2740 videamus.

194 2768 474 2807 successerunt
490 2771 596 2808 enim
612 2773 796 2811 Heraclio
813 2775 992 2824 Augusto
1010 2773 1205 2810 exstincto
1225 2771 1447 2808 turbulenta
1463 2771 1531 2806 illa
1561 2776 1587 2813 7

83 2845 130 2872 ac
146 2831 350 2887 deplorata
371 2839 540 2889 saecula,
573 2853 664 2879 cum
683 2841 812 2880 subito
834 2843 956 2880 coorti
971 2841 1120 2879 Arabes
1136 2839 1293 2891 Syriam
1307 2841 1533 2892 Aegyptum
