1748 3210
238 170 332 218 358
756 174 979 216 IOANNIS
1003 175 1136 218 LYDI

370 279 415 335 ζ’.
466 287 514 340 τῇ
537 282 613 339 πρὸ
635 279 668 333 ζ’
691 284 804 325 εἲὸῶν
821 284 1040 340 ἀπαρκτίας
1061 285 1126 327 καὶ
1144 285 1288 341 βορέας
1308 284 1562 343 κατάλληλος.

369 350 421 404 η’.
473 355 521 405 τῇ
540 349 615 404 πρὸ
635 346 668 397 ς’
690 351 804 392 εῗὸιῦν
826 349 930 401 οἶκος
941 351 1107 408 Ἄρεως·
1151 350 1262 401 νότος
1281 351 1364 406 ἅμα
1383 358 1448 396 καὶ
1470 357 1654 414 ζέφυρος·

238 415 259 458 ὃ
281 417 322 458 δὲ
344 415 556 472 αι’γόκερως
579 414 754 471 ἄρχεται.
820 417 948 475 βροχή
980 435 1022 461 τε
1053 417 1138 473 ἅμα
1146 449 1160 470 ,
1201 420 1267 461 καὶ
1296 419 1338 462 ἓν
1369 418 1513 483 ἑσπέρα
1544 421 1656 473 νότος

235 483 392 533 πυκνός.

365 546 423 590 θ’.
466 551 517 604 τῇ
534 547 611 605 πρὸ
633 544 662 591 ε’
685 549 799 592 εἲὸῶν
819 547 932 600 νότος
953 552 1018 593 καὶ
1039 549 1203 609 ὄμβρος.
1666 561 1688 596 5

365 613 404 656 ι’.
468 619 518 671 τῇ
536 615 612 671 πρὸ
636 613 671 656 δ’
695 618 808 658 εἰδῶν
829 615 992 671 ὁμοίως
1028 616 1048 659 ὃ
1071 619 1113 660 δὲ
1132 617 1244 668 νότος
1260 614 1494 674 βιαιότερος.

365 680 433 723 ια’.
466 686 517 737 τῇ
537 682 613 737 πρὸ
636 680 671 738 y‘
693 685 807 725 εἰδῶν
831 685 1050 740 ἀπαρκτίας
1066 686 1166 738 μετὰ
1186 689 1338 743 βροχῆς
1357 687 1423 727 καὶ
1435 684 1583 742 χιόνοςκ

366 747 435 800 ιβ’.
468 752 517 803 τῇ
537 749 614 805 πρὸ
637 747 674 790 α’
693 752 806 792 eidam
826 750 939 801 νότος
959 758 1057 793 πνεῖ.

367 813 430 868 ιγ’.
465 817 582 864 &marg
607 816 869 873 Ἰανουαρίαις
899 818 1047 875 ἄστρον
1072 815 1257 874 κρυπτόν.
1323 819 1391 860 καὶ
1410 822 1566 875 πρῶτον
1586 819 1657 872 μὲν

234 876 349 935 λόγος
371 880 440 923 τὸν
459 881 588 924 ὀϊστὸν
610 881 793 936 δύεσθαι,
824 884 864 927 ἓν
886 886 930 928 δὲ
949 890 997 941 τῇ
1013 887 1121 927 νυκτὶ
1139 885 1307 941 βρέχειν.
1670 894 1712 928 10

367 946 433 989 ιδ’.
467 953 516 1005 τῇ
547 950 623 1005 πρὸ
657 950 714 991 ιθ’
747 954 943 993 καλενδῶν
975 953 1261 1008 Φεβρουαρίων
1293 949 1440 1008 ι’ίστρον
1473 948 1657 1009 κρυ-πτόν,

234 1014 301 1055 καὶ
333 1016 486 1068 ποικίλη
517 1016 642 1071 τροπὴ
674 1019 818 1074 βορέου
847 1018 932 1072 ἅμα
954 1021 1020 1060 καὶ
1043 1019 1276 1075 ἀπαρκτίου.
1343 1019 1410 1060 καὶ
1432 1015 1453 1059 ὃ
1472 1018 1544 1071 μὲν
1562 1017 1658 1059 λέων

234 1079 398 1136 ἄρχεται
419 1080 603 1134 δύεσθαι,
637 1083 734 1125 ἴσθ’
760 1084 822 1126 ὅτε
845 1086 887 1126 δὲ
903 1086 1048 1140 βρέχει.

366 1146 423 1188 ιε’.
470 1153 518 1202 τῇ
539 1149 614 1204 πρὸ
634 1148 684 1202 ιη’
707 1153 904 1192 καλενδιῦν
927 1151 1146 1207 ἀπαρκτίας
1166 1151 1231 1191 καὶ
1249 1153 1403 1206 βορρᾶς
1425 1152 1624 1207 σφοδρῶς.

363 1212 426 1262 ις’.
460 1218 508 1268 τῇ
537 1215 613 1270 πρὸ
634 1214 680 1266 ιζ
712 1219 909 1259 καλενδῶν
938 1215 959 1258 ὅ
989 1218 1061 1270 μὲν
1089 1215 1201 1270 ἥλιος
1228 1213 1432 1275 ὕδροχόῳ,
1479 1212 1592 1274 εὖρος
1611 1217 1653 1258 δὲ
1668 1224 1711 1260 15

229 1276 330 1331 μετὰ
345 1283 508 1335 βροχῆς.

365 1345 425 1396 ιζ’.
467 1350 517 1402 τῇ
531 1345 607 1402 πρὸ
632 1345 680 1396 ις’
699 1350 896 1390 καλενὸῶν
916 1346 942 1404 ἦ
961 1349 1034 1403 μὲν
1054 1345 1158 1406 λύρα
1179 1346 1340 1406 ἄρχεται
1360 1345 1542 1401 δύεσθαι,
1571 1351 1659 1405 περὶ

231 1411 275 1452 δὲ
294 1411 362 1454 τὸν
383 1411 535 1469 ὄρθρον
554 1414 814 1468 ἀνεμομαχία.

365 1478 430 1532 ιη’.
464 1485 512 1535 τῇ
534 1480 610 1536 πρὸ
635 1480 677 1522 ιε’
706 1483 904 1524 καλενδῶν
926 1481 1052 1523 ἕωθεν
1073 1480 1145 1535 μὲν
1167 1477 1301 1522 δύεται
1323 1479 1343 1523 ὅ
1364 1480 1474 1522 λέων.
1513 1479 1656 1535 βορίου

230 1543 318 1597 ἅμα
339 1547 405 1587 καὶ
426 1544 542 1588 νότου
562 1549 627 1588 καὶ
651 1548 867 1606 ἀπαρκτίου
891 1546 1089 1606 διαφορά,
1119 1549 1186 1590 καὶ
1204 1551 1367 1606 βροχῆς.
1406 1545 1427 1590 ὃ
1451 1547 1495 1589 δὲ
1517 1549 1655 1604 δελφὶν
1666 1558 1710 1592 20

227 1612 329 1662 μετὰ
350 1613 487 1654 λέοντα
508 1612 653 1655 δύεται.

362 1677 432 1719 ιθ’.
467 1684 516 1734 τῇ
542 1680 618 1734 πρὸ
650 1678 701 1720 ιιΥ
731 1682 927 1721 καλενὸῶν
959 1679 1109 1736 τροπή,
1156 1681 1223 1722 καὶ
1252 1679 1298 1723 τὸ
1327 1679 1565 1734 μεσαίτατον
1584 1682 1656 1722 τοῦ

227 1749 431 1796 χειμῶνος.

361 1809 409 1851 κ’.
460 1813 510 1864 τῇ
529 1810 605 1866 πρὸ
630 1809 678 1865 ιγ’
704 1813 901 1853 καλενὸῶν
920 1815 1073 1867 βορρᾶς
1095 1813 1160 1853 καὶ
1182 1809 1307 1862 νότος.
1374 1813 1440 1854 καὶ
1462 1811 1508 1854 τὸ
1533 1811 1654 1865 μέσον

227 1875 300 1927 μὲν
317 1881 388 1918 τοῦ
408 1877 592 1932 καρκίνον
611 1876 757 1929 δύεται,
793 1875 814 1918 ὃ
839 1879 880 1918 δὲ
898 1876 1090 1934 ὑδροχόος
1109 1877 1270 1934 ἄρχεται
1288 1878 1471 1932 ἀνίσχειν.
1663 1888 1707 1923 25

318 1971 338 2005 1
361 1966 546 2013 &naon-coe
563 1970 605 2004 C.
696 1967 774 2004 κατ’
796 1967 958 2012 ἀλλήλων
979 1971 1052 2004 Ra.
1142 1971 1165 2005 3
1189 1965 1352 2014 ἄρχεται]
1372 1970 1512 2004 videtur
1533 1969 1655 2003 deesse

316 2013 485 2049 δύεσθαι.
512 2016 559 2049 H.
665 2013 790 2058 νότος]
806 2015 977 2048 Leonicus
994 2015 1108 2060 caligo
1119 2026 1132 2048 .·
1147 2014 1285 2048 videtur
1299 2015 1426 2059 legisse
1441 2013 1580 2053 σκότος.
1604 2015 1653 2047 Η.

318 2061 362 2092 10
380 2057 508 2093 ὀϊστὸν
531 2061 577 2103 H,
602 2058 703 2093 ἰστον
726 2060 875 2092 codices.
969 2059 1012 2094 14
1034 2060 1184 2093 fortasse
1205 2060 1384 2104 legendum
1407 2057 1581 2104 σφοδρός.
1604 2059 1651 2092 Η.

315 2105 361 2138 20
382 2103 443 2137 καὶ
467 2104 549 2147 βρ.]
570 2103 660 2146 μετὰ
684 2103 740 2148 βρ.
763 2105 818 2148 H,
843 2107 883 2138 ut
905 2107 960 2138 est
981 2114 1019 2148 p.
1040 2104 1108 2138 360
1128 2105 1164 2138 2.

226 2191 372 2224 vespere
393 2179 507 2223 aquila
529 2179 666 2224 occidit,
694 2183 811 2215 auster
831 2180 906 2215 flat.
1063 2181 1097 2215 7.
1122 2191 1176 2215 v11
1199 2180 1252 2215 Id.
1277 2181 1466 2226 septentrio
1486 2184 1521 2215 et
1538 2180 1652 2226 aquilo

225 2225 293 2258 sibi
315 2226 575 2268 respondentes.
666 2226 699 2259 8.
726 2236 765 2258 v1
789 2226 842 2259 Id.
869 2226 987 2259 domus
1006 2226 1146 2268 Martis3
1170 2231 1286 2260 auster
1302 2227 1400 2260 simul
1424 2231 1458 2260 et
1474 2226 1651 2260 favonius:

226 2269 446 2314 capricornus
468 2269 626 2303 occidere
649 2269 783 2313 incipit.
831 2269 930 2304 simul
960 2270 1028 2304 erit
1054 2270 1193 2316 pluvia,
1225 2276 1259 2304 et
1276 2283 1423 2315 vespere
1441 2276 1555 2305 auster
1578 2272 1649 2304 fre-

225 2324 347 2358 quens.
476 2316 510 2348 9.
536 2325 556 2347 v
580 2315 633 2348 Id.
654 2320 771 2347 auster
794 2319 830 2348 et
855 2314 976 2349 imber.
1107 2317 1160 2350 10.
1187 2326 1226 2349 1v
1248 2316 1302 2349 Id.
1325 2316 1429 2350 item:
1452 2317 1514 2350 sed
1535 2321 1652 2349 auster

225 2359 293 2392 erit
307 2358 554 2392 vehementior.
624 2361 679 2393 11.
696 2369 740 2391 111
758 2360 811 2393 Id.
832 2359 1021 2404 septentrio
1041 2371 1114 2394 cum
1133 2360 1250 2404 pluvia
1271 2365 1306 2394 et
1323 2362 1415 2394 nive.
1486 2361 1539 2393 12.
1558 2360 1649 2405 prid.

223 2403 278 2437 Id.
303 2408 420 2437 auster
443 2404 518 2437 flat.
620 2404 675 2437 13.
698 2403 816 2437 Idibus
836 2405 910 2438 Ian.
931 2405 1025 2438 sidus
1052 2405 1251 2439 occultatur.
1299 2404 1462 2438 credibile
1487 2410 1540 2438 est
1561 2417 1648 2449 quo-

227 2459 294 2491 que
318 2448 476 2491 sagittam
501 2447 656 2482 occidere
679 2453 714 2481 et
731 2454 833 2482 noctu
854 2449 1000 2493 pluviam
1025 2450 1112 2483 fieri.
1218 2449 1271 2484 14.
1296 2460 1359 2482 X1x
1383 2449 1553 2483 Kalendas
1578 2451 1650 2484 Fe-

225 2493 382 2526 bruarias
405 2494 499 2526 sidus
524 2493 721 2536 occultatur,
746 2498 781 2526 et
797 2494 895 2527 varia
913 2495 1128 2528 commutatio
1147 2493 1314 2539 aquilonis
1331 2493 1430 2527 simul
1453 2499 1488 2527 et
1509 2499 1650 2539 septen-

226 2537 363 2571 trionis.
409 2537 463 2571 leo
488 2538 644 2572 occidere
666 2537 805 2582 incipit=
829 2537 966 2572 interim
990 2538 1088 2584 pluit.
1212 2539 1264 2572 15.
1288 2549 1383 2571 xvm
1406 2539 1484 2573 Kal.
1509 2544 1648 2584 septen-

225 2581 293 2615 trio
318 2586 354 2615 et
375 2582 488 2626 aquilo
512 2583 709 2616 vehemens.
848 2583 903 2616 16.
936 2594 1014 2616 xv11
1037 2584 1115 2629 Kal.
1139 2582 1189 2616 sol
1214 2583 1251 2616 in
1273 2583 1428 2627 aquario.
1473 2583 1650 2617 vulturnus

225 2637 301 2659 cum
321 2626 452 2679 pluvia.
558 2629 613 2662 17.
638 2638 702 2660 xv1
725 2626 803 2662 Kal.
825 2626 901 2670 lyra
926 2628 1082 2662 occidere
1105 2627 1237 2672 incipit.
1285 2629 1448 2662 matutino
1470 2633 1648 2663 ventorum

226 2670 419 2705 conflmtus.
514 2673 568 2706 18.
594 2683 642 2705 xv
663 2671 742 2706 Kal.
763 2683 861 2706 mane
877 2672 931 2706 leo
951 2673 1088 2706 occidit.
1135 2672 1302 2716 aquilonis
1324 2673 1432 2707 austri
1455 2678 1491 2707 et
1508 2678 1647 2717 septen-

226 2715 350 2748 trionis
366 2716 522 2759 certatio,
541 2728 614 2750 cum
630 2717 759 2760 pluvia.
782 2717 921 2762 delphin
938 2724 1019 2761 post
1036 2717 1163 2751 leonem
1183 2717 1319 2751 occidit.
1413 2719 1467 2752 19.
1490 2728 1552 2750 x1v
1567 2717 1646 2751 Kal.

227 2761 420 2806 conversio,
445 2765 481 2796 et
500 2761 606 2796 hiems
628 2761 806 2808 bipartita.
933 2764 990 2798 20.
1013 2773 1082 2797 xm
1104 2762 1181 2797 Kal.
1207 2762 1320 2807 aquilo
1341 2766 1377 2796 et
1394 2768 1522 2796 auster.
1569 2773 1648 2807 pars
