1748 3210
607 192 681 235 DE
714 192 985 238 MENSIBUS
1016 193 1094 238 IV.
1238 218 1258 236 ο
1474 194 1569 242 107

615 297 1094 337 ὈΚΤΩΒΡΙΟΣ.

274 370 353 418 84.
420 369 637 424 καλάνδαις
657 374 921 433 Ὀκτωβρίαις
947 377 1069 433 φησὶν
1089 373 1110 416 ὅ
1130 373 1304 433 Βάρρων
1324 374 1397 425 τὰς
1415 373 1570 418 Πλειά-

141 441 215 491 δας
243 439 320 483 ἀπὸ
352 439 556 484 ἀνατολῶν
574 442 758 496 ἀνίσχειν.
822 442 948 486 ἐδόκει
969 444 1012 486 δὲ
1032 443 1101 486 τὸν
1119 442 1211 485 ὅλον
1229 448 1337 498 μῆνα
1355 461 1570 501 πρασοφα-

138 514 221 565 γεῖν
247 515 332 559 τοῖς
349 507 559 563 Ῥωμαίοις
582 511 624 561 ἐξ
649 510 819 568 ἀρχαίας
842 511 948 561 τινὸς
966 511 1225 569 παραδόσεως
1243 511 1344 569 πρὸς
1362 511 1572 570 ἀποφυγὴν

106 576 377 634 δᾶρθρίτιδος
402 577 536 620 νόσου.

275 645 354 690 85.
420 650 472 702 τῇ
487 646 564 703 πρὸ
582 643 627 696 ’ἐξ
641 650 775 688 νωνῶν
789 644 1043 704 Ὀκτωβρίων
1061 646 1240 699 Εὔδοξος
1256 649 1346 706 περὶ
1363 647 1435 701 τὴν
1455 644 1572 689 ἕσπέ-

138 729 215 771 ραν
229 714 390 770 βροχὴν
410 712 573 757 ἔσεσθαι
595 712 882 768 ὑπολαμβάνει.

273 782 335 823 ἐπὶ
360 782 404 823 δὲ
431 786 511 824 τῶν
537 784 592 832 εἷς
615 786 690 837 γῆν
709 781 967 836 βαλλομένων
989 780 1227 839 σπερμάτων
1245 777 1296 837 ἦν
1314 800 1374 834 τις
1393 781 1572 837 δύναμις,

138 846 189 903 ἢν
221 846 242 891 ὃ
270 847 382 903 ἥλιος
409 851 498 908 περὶ
524 850 570 892 τὸ
596 847 704 893 κάτω
725 849 988 907 ἡμισφαίριον
1009 850 1080 893 ἰῶν
1102 853 1202 893 ἕλκει
1225 851 1328 893 κατὰ
1348 852 1421 901 τὰς
1436 869 1573 906 χειμε-
1596 868 1632 902 p.
1659 855 1723 891 124

40 970 45 974 ι
86 926 130 961 10
141 917 251 971 ρίους
271 915 433 974 τροπάς.
501 916 617 975 Κόρη
637 919 710 972 μὲν
731 917 757 973 ἦ
780 917 948 973 δύναμις
970 917 996 973 ἦ
1020 923 1322 975 σπερματοῦχος
1332 950 1345 970 ,
1379 919 1578 962 Πλούτων

140 985 184 1026 δὲ
211 982 232 1026 ὃ
261 982 339 1027 ὑπὸ
366 990 439 1041 γῆν
464 984 597 1040 ἥλιος,
634 986 678 1036 ὃς
699 985 886 1043 ἁρπάζειν
906 987 1057 1042 λέγεται
1074 988 1146 1041 τὴν
1162 985 1325 1042 Κόρην,
1355 986 1404 1039 ἢν
1425 989 1535 1041 ζητεῖ
1549 986 1575 1040 ἦ

137 1050 337 1110 Δημήτηρ
366 1055 637 1110 κρυπτομένην
664 1052 742 1097 ‘imo
771 1060 857 1110 γῆς.
924 1055 965 1096 ἓν
992 1055 1123 1111 Αἴτνῃ
1145 1055 1188 1096 δὲ
1210 1059 1280 1108 τῆς
1300 1057 1484 1105 Σικελίας
1504 1055 1576 1110 τὴν

138 1117 325 1176 ἁρπαγὴν
350 1125 624 1178 μυθολογοῦσι
643 1127 715 1177 τῆς
732 1122 889 1180 Κόρης·
923 1124 1005 1165 ἐκεῖ
1019 1123 1096 1180 γὰρ
1119 1123 1269 1179 λέγεται
1288 1127 1446 1180 πρῶτον
1465 1124 1575 1166 σίτου

137 1189 296 1246 σπέρμα
319 1194 640 1245 καταβληθῆναι.

85 1264 128 1301 15
244 1302 246 1306 ,
274 1256 353 1302 86.
422 1259 463 1300 ἐν
491 1263 550 1316 τῷ
577 1261 617 1300 Γ
614 1259 800 1315 ουστείῳ,
835 1255 919 1300 οἷον
949 1257 990 1299 ἓν
1019 1261 1076 1314 τῷ
1103 1256 1345 1314 ὂψοπωλίῳ,
1381 1258 1436 1307 εἷς
1459 1257 1578 1312 τιμὴν

142 1325 331 1381 Τιβερίου
360 1325 398 1367 οἳ
423 1325 718 1384 σεβαστοφόροι
748 1324 944 1382 ἐχόρευον.
1009 1326 1079 1367 τὸν
1111 1326 1154 1367 δὲ
1184 1329 1364 1368 τοιοῦτον
1391 1323 1513 1368 τόπον
1542 1326 1582 1367 οἳ

139 1393 297 1435 ἰδιῶται
321 1393 594 1453 Αὖγουστεῖον
617 1398 817 1436 καλοῦσιν.

276 1461 354 1506 87.
421 1466 472 1518 τῇ
500 1462 578 1519 πρὸ
609 1466 707 1517 μιᾶς
732 1465 866 1503 νωνῶν
888 1460 1142 1518 Ὀκτωβρίων
1162 1458 1183 1500 ὃ
1204 1457 1461 1516 Δημόκριτος
1485 1460 1579 1510 τοὺς

139 1527 303 1586 ε’ρίφους
327 1529 499 1583 ἀνίσχειν
526 1532 591 1572 καὶ
616 1533 772 1586 βορρᾶν
802 1535 910 1570 πνεῖν
936 1530 1236 1584 διισχυρίζεται,
1275 1526 1295 1568 ὃ
1331 1530 1374 1570 ὁὲ
1401 1527 1580 1578 Εὔδοξος

82 1594 310 1640 Ξθὸύεσθαι
331 1596 377 1639 τὸ
394 1598 516 1651 με’σον
534 1603 606 1640 τοῦ
627 1601 742 1655 κριοῦ
760 1598 875 1652 λέγει.
919 1595 1062 1646 νώναις
1079 1597 1341 1651 Ὄκτωβριάις
1362 1593 1382 1636 ὃ
1403 1594 1580 1651 Βάρρων

137 1665 180 1706 ἐν
197 1663 345 1725 ἑσπέρᾳ
361 1664 435 1716 τὰς
452 1664 662 1718 Πλειάδας
679 1666 852 1720 ἀνίσχειν
867 1666 935 1708 καὶ
955 1665 1124 1723 ζέφυρον
1143 1670 1264 1717 πνεῖν,
1299 1662 1383 1707 εἶτα
1400 1666 1467 1706 καὶ
1484 1665 1580 1718 λίβα

137 1733 330 1791 προλέγει.

230 1850 274 1887 15
295 1850 453 1899 βουστίῳ
471 1851 570 1888 libri:
594 1863 673 1888 corr
693 1851 836 1887 HasIus.

666 1952 1046 1988 ocTOBER.

228 2019 285 2055 84.
331 2021 498 2056 Kalendis
524 2021 736 2056 Octobribus
763 2022 875 2055 Varro
906 2020 1079 2064 Vergilias
1112 2019 1162 2054 ait
1191 2021 1234 2055 ab
1268 2020 1403 2055 oriente
1434 2020 1577 2056 exoriri.

138 2062 249 2099 visum
285 2073 399 2101 autem
432 2074 507 2102 erat
538 2068 703 2101 Romanis
735 2078 800 2111 per
838 2070 946 2099 totum
969 2077 1118 2099 mensem
1141 2078 1245 2111 porro
1274 2067 1370 2101 vesci
1391 2079 1435 2101 ex
1457 2073 1580 2102 vetere

137 2112 284 2154 quadam
304 2112 491 2147 traditIOne
510 2113 555 2146 ad
572 2112 766 2146 cautionem
787 2111 979 2146 arthritidis
1002 2111 1126 2145 morbi.

229 2157 287 2191 85.
332 2159 376 2192 A.
400 2159 437 2192 d.
459 2158 481 2192 6
504 2159 624 2192 Nonas
643 2158 816 2192 Octobres
833 2157 1000 2191 Eudoxus
1020 2156 1111 2191 circa
1133 2168 1313 2203 vesperam
1331 2158 1482 2204 pluviam
1502 2159 1580 2192 fore

137 2205 250 2245 putat.

228 2246 265 2280 in
298 2247 484 2283 seminibus
513 2253 647 2292 autem,
680 2259 769 2293 quae
799 2248 836 2282 in
862 2252 988 2282 terram
1017 2247 1266 2292 coniiciuntur,
1293 2249 1361 2283 suit
1387 2249 1442 2283 vis
1472 2261 1581 2294 quae-

137 2291 215 2325 dam
229 2318 239 2333 ‚
265 2304 365 2337 quam
388 2293 439 2327 sol
458 2294 584 2328 circum
603 2294 748 2327 inferius
773 2293 1063 2339 hemisphaerium
1086 2305 1226 2327 currens
1245 2296 1286 2329 ad
1306 2307 1345 2328 se
1362 2294 1471 2329 trahit
1488 2295 1582 2328 circa

138 2336 322 2372 solstitium
347 2339 550 2382 hybernum.
596 2339 809 2384 Proserpina
831 2340 884 2374 vis
909 2345 963 2373 est
985 2351 1101 2372 semen
1125 2339 1240 2383 alens,
1273 2340 1375 2374 Pluto
1400 2346 1513 2374 autem
1533 2340 1586 2373 sol

138 2381 231 2417 infra
252 2383 399 2418 Terram
422 2391 537 2429 stans,
562 2385 621 2430 qui
642 2397 766 2430 rapere
790 2385 918 2419 dicitur
941 2385 1203 2429 Proserpinam,
1228 2397 1327 2430 quam
1354 2386 1491 2430 quaerit
1514 2387 1585 2418 Ce-

138 2439 197 2462 res
215 2429 295 2462 dum
312 2430 511 2465 reconditur
528 2433 592 2466 sub
614 2436 721 2465 terra.
768 2430 805 2464 in
827 2431 939 2465 Aetna
957 2436 1089 2473 autem,
1114 2430 1256 2464 Siciliae
1279 2439 1414 2474 monte,
1438 2431 1585 2464 Proser-

139 2472 242 2518 pinae
259 2481 395 2520 raptum
414 2482 590 2520 peractum
609 2488 686 2510 esse
704 2488 768 2522 per
784 2477 935 2511 fabulam
953 2476 1115 2510 tradunt:
1136 2476 1187 2509 ibi
1206 2476 1295 2509 enim
1315 2477 1427 2510 fertur
1443 2476 1588 2522 primum

138 2519 277 2563 frugum
299 2533 416 2554 semen
441 2533 598 2566 sparsum
621 2534 712 2556 esse.

230 2565 288 2598 86.
334 2567 374 2599 In
399 2567 556 2614 Gusteo,
578 2567 675 2602 velut.
693 2568 731 2601 in
755 2567 914 2609 macello,
938 2567 974 2600 in
996 2567 1159 2600 honorem
1181 2565 1321 2600 Tiberii
1340 2566 1496 2600 flamines
1517 2565 1589 2600 Au-

143 2609 297 2652 gustales
339 2611 523 2646 saltabant.
576 2614 667 2647 hunc
706 2619 820 2648 autem
856 2613 966 2647 locum
1004 2611 1128 2656 vulgus
1166 2612 1340 2646 indoctum
1376 2614 1588 2656 Augusteum

143 2660 258 2687 vocat.

233 2700 291 2734 87.
338 2699 458 2735 Pridie
480 2702 599 2737 Nonas
623 2704 798 2738 Octobres
825 2702 1041 2737 Democritus
1065 2703 1207 2736 Hoedos
1234 2702 1363 2736 exoriri
1388 2707 1424 2737 et
1448 2703 1585 2736 Borean

80 2748 89 2778 .'-
142 2744 228 2778 flare
260 2751 460 2790 asseverat,
493 2748 662 2783 Eudoxus
693 2755 806 2784 autem
832 2750 992 2783 occidere
1013 2749 1161 2782 medium
1187 2748 1339 2782 Arietem
1362 2749 1426 2783 ait.
1472 2749 1585 2782 Nonis

142 2789 357 2824 Octobribus
389 2791 501 2825 varro
534 2806 682 2840 vespere
712 2795 887 2840 Vergilias
912 2794 1042 2829 exoriri
1064 2799 1101 2829 et
1123 2794 1300 2830 favonium
1321 2794 1428 2839 flare,
1459 2794 1585 2830 deinde

143 2841 181 2870 et
203 2835 349 2870 africum
371 2837 557 2882 praedicit.
