1748 3210
254 200 318 247 76
777 203 998 249 IOANNIS
1027 204 1157 248 LYDI

252 329 323 362 νας
342 312 434 362 τοὺς
454 311 653 369 ἀνδρείους
669 313 706 354 οἳ
727 316 890 366 Σαβῖνοι
908 317 1103 355 καλοῦσιν.
1169 313 1287 369 αὖτὴν
1313 315 1356 358 δὲ
1377 317 1477 370 μετὰ
1495 315 1657 374 νΑρεος,

250 377 434 433 ἡγεῖσθαι
463 385 540 422 τῶν
564 381 741 432 πολέμων
767 381 834 421 καὶ
855 378 1030 434 ’Όμηρος
1058 381 1247 431 δείκνυσι,
1279 381 1397 437 λέγων
1424 382 1575 426 “rafica
1603 384 1648 426 δ’

241 444 376 501 ”Λρη”ι’
388 450 475 501 θοῷ
491 448 556 486 καὶ
570 446 736 504 Ἀθηνᾷ
756 443 883 487 πάντα
899 445 1089 499 μελήσει.“’
1164 447 1201 487 οἳ
1219 447 1294 503 γὰρ
1309 449 1540 504 Ἀφροδίτην
1555 448 1650 491 εἶναι

247 514 461 564 νομίζοντες
478 512 724 567 τὴνΝερίνην
743 515 974 561 πλανῶνται,
994 514 1056 553 καὶ
1075 510 1227 567 μάρτυς
1244 514 1650 572 κᾶνταῦθα“Όμηρος·

242 576 320 619 “οιί’
339 594 413 626 τοι,
445 578 575 619 τέκνον
597 578 688 630 ἐμόν
697 609 710 628 ,
745 578 900 620 δέδοται
918 578 1107 632 πολεμήϊα
1127 578 1255 634 ἔργα.”
1659 591 1682 626 5

124 658 160 692 p.
183 648 228 683 86
378 641 456 687 43.
523 642 544 684 ὃ
565 646 759 693 Φίλιππος
784 643 952 686 δύεσθαι
981 650 1028 700 τῇ
1060 645 1135 701 πρὸ
1157 645 1263 687 ἐννέα
1291 647 1492 688 καλανδῶν
1518 645 1653 704 Ἀπρι-

250 710 340 751 λίων
363 710 436 758 τὰς
453 707 580 759 ὑάδας
592 711 692 763 μετὰ
711 709 846 761 νότου,
880 710 1044 764 ἀνίσχειν
1064 713 1161 766 λέγει
1183 710 1203 752 ὃ
1225 710 1513 768 Μητρόδωρος.

381 780 430 833 τῇ
449 776 524 832 πρὸ
547 777 648 820 ὂκτὼ
672 779 873 820 καλανδῶν
893 779 1074 834 ι’σημεριά
1091 776 1237 835 ἓαρινή.

754 889 1155 928 ἍΠΡΙΔῙΟΣ.

382 971 460 1018 44.
529 977 613 1015 Τοῦ
631 971 786 1030 πρώτου
801 973 936 1028 μηνός,
958 974 1011 1025 ὥς
1027 977 1215 1030 ἐλέγομεν,
1241 975 1340 1018 κατὰ
1359 975 1431 1030 τὴν
1446 978 1517 1030 τῆς
1533 970 1657 1028 μονά-

253 1042 322 1088 δος
351 1040 485 1093 ἐξοχὴν
509 1048 594 1090 ταῖς
617 1047 747 1093 τιμαῖς
774 1046 850 1083 τῶν
879 1047 1025 1095 νοητῶν
1052 1042 1319 1093 ἀνατεθέντος,
1354 1041 1511 1091 εἲκότιος
1529 1040 1550 1083 ὅ
1573 1040 1654 1095 μετ’
1669 1057 1711 1092 10

252 1105 392 1156 αὐτόν,
426 1107 620 1148 τουτέστιν
648 1105 668 1148 ὃ
697 1106 896 1163 δεύτερος,
930 1109 974 1150 ὃν
993 1111 1163 1164 πατρίως
1179 1107 1364 1162 Ῥωμαῖοι
1389 1107 1659 1163 Φεβρουάριον

251 1177 436 1223 καλοῦσι,
470 1174 569 1214 κατὰ
597 1174 641 1214 τὸ
662 1172 820 1228 ἄπειρον
840 1179 910 1214 ‘tofi
937 1175 1113 1230 ἀριθμοῦ
1132 1173 1339 1216 Πλούτωνι
1357 1176 1420 1216 καὶ
1439 1181 1522 1222 τοῖς
1537 1190 1660 1215 κατα-

245 1240 424 1290 χθονίοις
451 1239 678 1294 ἀφωρίσθη.
713 1240 849 1292 Ἀΐδην
877 1240 920 1280 δὲ
949 1241 1067 1281 αὐτὸν
1096 1245 1302 1282 καλοῦσιν·
1335 1239 1360 1293 ἦ
1387 1241 1462 1295 γὰρ
1486 1240 1584 1288 δυὰς
1607 1238 1661 1288 ὥς

252 1304 421 1352 ἆνείδεος
437 1306 501 1345 καὶ
521 1303 702 1359 ἅόριστός
719 1307 835 1355 ἐστιν,
865 1305 959 1346 ὅθεν
978 1306 1097 1355 αὐτὸς
1114 1311 1190 1347 τῶν
1209 1306 1346 1348 ἅειδῶν
1363 1309 1427 1347 καὶ
1447 1305 1661 1347 ἀπόστασιν

251 1369 329 1411 ἀπὸ
358 1374 434 1410 τῶν
465 1371 586 1411 θείων
613 1370 832 1423 ἐσχηκότων
861 1373 1047 1423 βασιλεὺς
1075 1371 1170 1413 εἶναι
1198 1373 1357 1426 λέγεται.
1392 1372 1526 1427 ὀρθῶς
1552 1367 1620 1413 οὖν
1639 1369 1715 1423 515

250 1435 450 1484 Φιλόλαος
479 1437 550 1490 τὴν
578 1436 708 1478 δυάδα
737 1436 894 1493 Κρόνου
928 1437 1107 1480 σύνευνον
1139 1436 1234 1479 εἶναι
1264 1439 1384 1492 λέγει,
1419 1438 1463 1479 ὃν
1489 1438 1589 1479 κατὰ
1615 1437 1661 1479 τὸ

246 1503 444 1557 προφανὲς
466 1501 610 1557 χρόνον
642 1502 690 1542 ἄν
721 1520 779 1553 τις
806 1503 927 1544 εἴποι·
961 1504 1193 1546 συνάπτεται
1220 1505 1263 1545 δὲ
1293 1509 1346 1560 τῷ
1369 1502 1543 1559 χρόνῳῆ
1565 1504 1664 1552 δυὰς

248 1566 302 1617 ὡς
317 1573 386 1621 τῆς
402 1572 563 1624 φθορᾶς
581 1570 704 1623 αἰτίῳ.
731 1567 861 1624 μήτηρ
881 1571 924 1610 δὲ
941 1571 1045 1626 αὐτῷ
1063 1569 1239 1623 τυγχάνει
1255 1574 1324 1623 τῆς
1339 1570 1500 1626 ῥευστῆς
1516 1569 1663 1618 οὐσίας.

119 1656 154 1690 p.
179 1645 224 1681 87
246 1635 314 1675 τὸν
334 1635 376 1674 δὲ
394 1635 534 1689 τρίτον,
568 1635 743 1676 τουτέστι
758 1636 826 1676 τὸν
843 1635 1044 1692 Μάρτιον,
1065 1637 1135 1677 εἴτε
1153 1636 1254 1677 κατὰ
1273 1637 1340 1677 τὸν
1358 1641 1513 1691 πρῶτον
1531 1653 1662 1691 περιτ-

246 1699 337 1751 τόν,
374 1700 447 1742 εἴτε
473 1699 527 1750 ὡς
554 1699 718 1757 πάτριον
736 1700 855 1753 θεόν,
889 1705 942 1753 εἰς
961 1707 1075 1746 τοῦτο
1092 1701 1238 1753 τάξεως
1257 1703 1435 1758 ἀριθμοῦ
1457 1703 1718 1753 o'tvfflevw‘zo

339 1805 381 1840 15
405 1801 495 1850 ἀπὸ]
519 1803 557 1839 ἐκ
574 1804 617 1838 P.

249 1899 285 1929 et
302 1905 446 1927 nerones
468 1904 488 1927 a
511 1893 647 1927 Sabinis
667 1894 775 1928 fortes
794 1898 971 1929 vocantur.
1016 1894 1123 1950 ipsam
1145 1898 1255 1929 autem
1277 1906 1351 1928 cum
1374 1895 1487 1930 Marte
1505 1905 1667 1938 praeesse

248 1939 346 1974 bellis
366 1940 533 1972 Homerus
551 1950 685 1982 quoque
703 1939 884 1994 significat,
907 1937 1051 1974 dicens‘
1055 1938 1158 1973 haec
1175 1946 1286 1974 autem
1303 1940 1407 1972 Marti
1425 1939 1527 1972 celeri
1543 1944 1578 1972 et
1594 1939 1664 1972 Mi-

248 1995 375 2017 nervae
399 1983 509 2017 omnia
530 1984 624 2016 cordi
646 1990 756 2017 erunt.
808 1985 881 2036 qui
903 1985 991 2018 enim
1011 1985 1181 2017 Venerem
1206 1996 1282 2017 esse
1301 1987 1422 2027 putant
1442 1984 1617 2025 Nerinem‚
1640 1982 1666 2015 ii

249 2032 376 2070 errant,
396 2033 431 2060 et
451 2027 550 2061 testis
568 2028 631 2061 hac
650 2039 800 2082 quoque
806 2028 843 2062 in
861 2040 962 2062 causa
981 2029 1151 2062 Homerus
1173 2034 1245 2062 est.
1299 2040 1366 2062 non
1385 2027 1461 2071 tibi,
1482 2039 1556 2062 mea
1573 2031 1664 2070 nata,

248 2083 410 2106 concessa
426 2077 505 2105 sunt
516 2083 626 2123 opera
643 2069 800 2106 bellicass'

335 2117 391 2150 43.
437 2115 614 2159 Philippus
643 2117 800 2150 occidere
820 2129 853 2152 a.
872 2117 907 2151 d.
928 2118 951 2152 9
973 2117 1134 2152 kalendas
1151 2116 1284 2162 Apriles
1304 2116 1446 2160 Hyades
1465 2126 1538 2150 cum
1557 2115 1666 2158 Noto,

247 2160 331 2195 oriri
348 2161 397 2193 ait
412 2160 643 2194 Metrodorus.

335 2206 378 2240 A.
402 2205 438 2239 d.
462 2205 484 2238 8
503 2204 663 2240 kalendas
681 2205 929 2250 aequinoctium
949 2217 1103 2240 vernum.

794 2283 1125 2316 APRILIS.

337 2335 392 2370 44.
438 2336 552 2370 Primo
575 2348 709 2381 mense,
738 2342 777 2371 ut
796 2337 960 2379 diximus,
983 2340 1026 2371 ob
1047 2337 1198 2371 monadis
1215 2335 1463 2389 praestantiam
1483 2335 1668 2368 honoribus

248 2392 363 2415 eorum
393 2391 480 2424 quae
509 2386 622 2415 mente
650 2382 884 2426 percipiuntur
913 2382 1043 2424 dicato,
1071 2383 1192 2414 merito
1213 2381 1242 2414 is
1265 2380 1323 2424 qui
1343 2391 1419 2413 eum
1439 2379 1610 2423 sequitur,
1631 2379 1668 2412 id

246 2430 301 2459 est
318 2426 504 2468 secundus,
528 2437 626 2469 quem
655 2427 767 2469 patrio
791 2438 945 2460 sermone
966 2426 1111 2459 Romani
1130 2425 1354 2459 Februarium
1371 2430 1514 2466 vocant,
1538 2423 1613 2457 ob‘
1602 2435 1667 2456 un-

245 2482 362 2514 parem
392 2471 522 2503 numeri
550 2476 702 2503 naturam
725 2471 860 2504 Plutoni
883 2476 918 2504 et
936 2471 1057 2504 inferis
1078 2475 1293 2505 consecratus
1315 2474 1380 2501 est.
1419 2449 1532 2510 Ἀΐδην
1556 2473 1668 2519 autem

247 2526 323 2548 eum
348 2518 491 2548 vocant.
523 2515 608 2557 dyas
644 2516 732 2548 enim
762 2516 860 2559 quasi
889 2515 999 2558 figura
1025 2526 1143 2548 careus
1173 2519 1208 2546 et
1228 2513 1362 2546 infinita
1389 2517 1460 2554 est,
1484 2513 1572 2545 unde
1591 2511 1669 2555 ipse

247 2570 363 2592 eorum
383 2570 470 2602 quae
489 2559 582 2592 cerni
605 2570 672 2592 non
693 2566 835 2602 possunt
853 2564 888 2593 et
908 2560 1036 2593 distant
1053 2572 1074 2593 a
1091 2558 1215 2592 divinis
1237 2569 1297 2590 rex
1317 2568 1392 2589 esse
1411 2556 1547 2589 dicitur.
1574 2560 1669 2588 recte

247 2603 353 2646 igitur
374 2603 546 2636 Philolaus
569 2604 714 2646 dyadem
733 2604 873 2637 Saturni
893 2604 1067 2646 coniugem
1091 2614 1167 2636 esse
1187 2602 1253 2644 ait,
1277 2612 1376 2645 quem
1402 2612 1474 2634 cum
1495 2599 1569 2633 veri
1586 2611 1667 2644 spe-

248 2647 301 2680 cie
319 2652 456 2700 tempus
472 2647 594 2691 aliquis
614 2647 751 2681 dixerit.
782 2647 995 2691 coniungitur
1015 2652 1125 2680 autem
1145 2658 1218 2680 cum
1236 2627 1388 2697 {emp-ore
1406 2646 1490 2686 dyas
1508 2649 1667 2687 tanquam

249 2692 476 2735 corruptionis
505 2704 619 2725 causa.
658 2698 766 2725 mater
786 2699 897 2726 autem
926 2692 959 2725 ei
986 2697 1038 2724 est
1060 2692 1186 2724 fluidae
1211 2688 1380 2723 essentiae
1403 2689 1492 2732 [sicJ.
1530 2688 1667 2721 tertium

248 2742 379 2779 nutem,
407 2736 443 2769 id
465 2742 518 2770 est
534 2736 717 2778 Martium,
748 2736 822 2770 sive
847 2739 890 2770 ob
911 2737 1051 2780 primum
1070 2736 1246 2787 imparem
1249 2734 1324 2767 sive
1344 2738 1502 2776 tanquam
1522 2731 1666 2783 patriiun

249 2779 367 2823 deum,
397 2780 433 2814 in
461 2782 526 2816 hoc
553 2780 672 2816 ordine
701 2781 832 2815 numeri
851 2785 1055 2828 posuerunt:
1086 2785 1171 2815 trias
1193 2790 1282 2814 emm
1301 2777 1502 2824 principium
1519 2775 1668 2816 uumeri3
