1748 3210
569 175 1025 226 COMMENTARIUS.
1331 191 1333 193 ’
1413 190 1528 221 xxxv

67 309 208 366 prodit
236 311 309 350 sub
341 311 455 350 titulo
487 312 704 352 eiusmodi:
723 317 725 320 '
743 314 906 352 Ioannis
926 313 1140 351 Laurentii
1163 310 1527 362 Philadelpbiensis

49 379 185 430 -Ifflii
212 379 462 430 opusculum
502 380 551 418 de
577 381 787 419 Mensibus
827 383 1076 434 [quanquam
1110 381 1241 431 potius
1275 378 1527 418 scribendum

56 447 227 496 fuisset,
256 449 457 499 Excerpta
475 457 528 485 ex
544 450 680 486 Ioann.
698 451 886 487 Laurent.
906 447 1064 487 Philad.
1083 447 1188 501 12de
1209 449 1335 499 Opere
1352 446 1400 484 de
1411 449 1528 484 Men-

62 513 205 564 ·sibus]
231 527 277 552 ex
301 515 415 552 codd.
449 530 528 553 mss
553 515 730 554 biblioth.
752 516 967 554 Barberin.
990 525 1028 554 et
1049 517 1095 556 V
1085 518 1180 554 atio.
1201 515 1527 566 etfiagmentnm

73 580 124 619 de
149 582 292 621 Terrae
306 581 476 632 motibus
497 597 543 621 ex
569 583 654 621 cod.
682 582 777 620 bibl.
800 583 1026 635 Angelicae
1047 585 1168 622 Rom.
1208 585 1359 622 Graece
1386 583 1527 628 edidit,

72 650 304 688 varietatem
335 651 510 691 lectionis
537 658 576 688 et
602 658 840 703 argumenta
868 652 1015 689 adiecit
1042 652 1242 690 Nicolaus
1278 650 1422 688 Schous
1449 645 1526 687 etc‘.

71 716 238 767 Lipsiae
259 718 303 755 in
331 718 499 757 libraria
519 719 809 757 Weidmannia
839 718 957 767 1794,
988 722 1027 760 8.
1085 719 1206 759 huius
1225 718 1410 757 editionis
1431 731 1527 756 cen-

71 795 188 822 surae
209 786 429 838 complures
450 794 609 825 exstant
627 786 831 838 Erlanger
844 787 1213 838 Literaturzeitung
1235 785 1343 827 1794
1362 799 1402 836 p-
1422 785 1528 827 542-

70 849 148 902 47,
187 853 396 905 Οὸαἰιιὲεν
422 853 605 892 Gelehrte
625 854 835 905 Anzeigen
861 852 966 895 1794
988 861 1089 905 part.
1109 856 1136 894 2
1155 867 1196 904 p.
1223 856 1328 895 1273
1341 875 1392 880 -
1407 855 1527 902 1276,

71 918 217 956 Jeme»-
232 921 598 974 Literaturzeitung
617 921 724 962 1794
750 928 851 973 part.
872 921 899 963 4
930 933 971 972 p.
996 918 1077 962 515
1090 918 1246 960 ——517.
1305 921 1356 958 cf.
1376 919 1528 972 Allge-

70 987 215 1025 meines
237 988 513 1040 Repertorium
541 990 611 1027 cler
629 990 835 1026 Literatur
848 987 933 1040 fiir
953 988 1016 1026 die
1039 987 1163 1025 Jahre
1191 990 1292 1030 1791
1323 987 1382 1025 his
1404 987 1527 1029 1795.

69 1053 207 1107 Enete?-
224 1055 364 1094 Band.
396 1057 513 1095 Erste
534 1057 700 1108 Haste,
734 1057 920 1095 Wimar
941 1057 1071 1103 1799,
1099 1068 1166 1093 no.
1185 1058 1283 1096 700.
1342 1054 1414 1093 sed
1431 1054 1527 1093 huic

68 1118 249 1172 editioni,
267 1124 340 1162 etsi
353 1123 396 1162 id
415 1123 747 1163 secundissimum
760 1123 902 1162 accidit
918 1131 962 1162 ut
980 1137 1032 1161 ex
1051 1124 1283 1162 auctoritate
1299 1124 1374 1161 viri
1394 1124 1527 1161 omni-

67 1188 142 1228 bus
181 1188 369 1233 doctrinis
411 1194 655 1231 ornatissimi
693 1190 766 1230 Ch.
798 1193 901 1228 Dan.
928 1190 1067 1230 Beckii
1102 1193 1352 1243 vulgaretur,
1395 1193 1525 1243 isque,

58 1264 263 1310 quatenus
281 1273 354 1311 per
371 1268 642 1312 procuratores
667 1261 851 1298 librariae
870 1261 1038 1308 licebat,
1077 1272 1168 1297 suas
1195 1258 1359 1311 quidem
1391 1265 1525 1309 partes
1548 1276 1585 1310 p.
1605 1274 1700 1299 tvm

64 1326 268 1377 praeclare
291 1335 439 1378 ageret,
468 1335 616 1375 tamen,
647 1328 749 1363 sicut
769 1326 1026 1375 ostendimus,
1060 1329 1366 1366 commentarius
1388 1334 1427 1365 et
1447 1341 1524 1366 no-

65 1399 155 1443 tae,
202 1395 447 1432 necessariae
480 1395 574 1432 illae
617 1392 780 1445 quidem
821 1401 983 1444 propter
1019 1395 1215 1430 rationem
1247 1395 1524 1445 epitomarum,

66 1461 228 1500 omnino
257 1460 412 1499 desunt.
473 1474 575 1513 quae
601 1462 707 1498 enim
724 1459 862 1512 Lydus
895 1472 947 1496 ex
975 1466 1032 1497 tot
1062 1458 1228 1497 diversis
1254 1462 1525 1500 voluminibus

65 1530 189 1578 eruit,
219 1541 267 1566 ea
297 1541 390 1566 cum
405 1541 429 1566 a
446 1529 616 1566 librariis
631 1534 718 1564 tum
744 1540 766 1564 a
784 1527 1071 1565 breviatoribus
1091 1527 1228 1565 multis
1248 1528 1406 1566 mendis
1424 1527 1524 1566 adeo

63 1603 157 1636 sunt
173 1595 356 1646 foedata2,
397 1603 442 1634 ut
459 1603 616 1634 textum
635 1608 682 1632 ea
701 1593 930 1632 condicione
943 1624 953 1643 ,
986 1607 1065 1646 qua
1080 1607 1188 1632 nunc
1209 1602 1287 1644 est,
1317 1596 1525 1647 perlegere

63 1665 300 1718 singulaque
316 1665 359 1702 in
380 1677 426 1702 eo
445 1665 668 1715 intelligere
687 1676 804 1701 nemo
823 1675 917 1701 sane
937 1664 1055 1700 facile
1075 1663 1214 1714 possit.

175 1733 317 1782 Velut,
357 1740 402 1770 ut
419 1746 498 1771 uno
517 1733 613 1770 folio
635 1738 783 1769 temere
802 1739 956 1783 arrepto
980 1730 1272 1769 demonstretur
1293 1729 1400 1782 quod
1419 1729 1520 1767 dici-
1548 1732 1604 1771 27

63 1813 176 1849 mus,
218 1799 282 1838 ed.
307 1800 463 1840 Schow.
493 1808 596 1852 part.
622 1799 648 1840 4
667 1813 795 1838 mens.
818 1801 975 1837 Octobr.
1006 1812 1039 1837 c.
1064 1802 1086 1840 1
1117 1812 1157 1850 p.
1182 1797 1263 1838 124
1291 1798 1363 1835 lin.
1383 1798 1409 1837 8
1431 1812 1521 1850 sqq.

63 1869 250 1920 leguntur
272 1867 394 1907 haec:
435 1868 478 1910 ἐν
503 1871 560 1924 τῷ
579 1869 824 1908 ΒΟΤΣΤΙΩ,
848 1863 958 1921 (οἷον
978 1867 1020 1908 ἐν
1043 1869 1102 1922 τῷ
1120 1861 1360 1920 ὄψοπωλίῳ)
1389 1865 1445 1913 εἰς
1462 1881 1524 1905 τι-

61 1934 147 1990 μήν
169 1937 353 1990 Τιβερίου
384 1936 426 1977 οἱ
453 1932 742 1989 σεβαστοφόροι
770 1931 979 1987 ἐχόρευον·
1022 1932 1094 1975 τόν
1120 1931 1166 1974 δὲ
1190 1935 1374 1974 τοιοῦτον
1395 1929 1522 1973 τόπον

63 2004 108 2046 οἱ
131 2005 289 2046 ἰδιῶται
309 1999 562 2057 Αὔγούστιον
593 2004 650 2054 (l.
673 1999 965 2055 Αὖγουστεῖον)
993 2005 1197 2042 καλοῦσιν.
1256 1999 1327 2037 sed
1349 2001 1391 2036 in
1415 2001 1520 2037 notis

63 2070 116 2110 ad
134 2071 273 2111 Codin.
293 2071 357 2110 ed.
376 2074 476 2123 Reg.
498 2085 540 2123 p.
565 2070 644 2112 155
661 2072 743 2108 iam
761 2072 943 2109 exstabat
965 2073 999 2109 is
1022 2071 1133 2108 locus
1152 2068 1401 2106 aLambecio
1423 2080 1519 2118 pro-

62 2140 190 2190 latus3
227 2141 363 2193 ibique
390 2147 495 2178 recte
523 2140 670 2190 legitur
696 2137 740 2179 ἐν
769 2142 824 2194 τῷ
847 2139 1154 2179 ΓΟΤΣΤΕΙΩι
1187 2134 1295 2189 quod
1315 2134 1520 2171 confirmat

65 2219 157 2246 cum
182 2207 268 2258 ipse
293 2206 468 2246 eodinus
494 2206 654 2259 Lydum
687 2207 914 2245 exscribens
946 2221 987 2258 p.
1020 2207 1072 2246 16
1095 2217 1137 2243 c:
1180 2207 1232 2260 τῇ
1256 2201 1414 2256 πέμπτῃ
1444 2203 1519 2242 τοῦ

60 2269 303 2327 Ὀκτωβρίου
329 2272 457 2327 μηνὸς
481 2272 665 2328 ἐχόρευον
691 2275 733 2315 οἵ
754 2271 1010 2328 ῤἐγεονᾶρχαι
1039 2273 1090 2324 [l.
1111 2266 1368 2325 ῤἐγεωνοὲρχ.]
1394 2269 1438 2310 ἐν
1459 2271 1519 2322 τῷ

63 2342 260 2397 Γουστείῳ
277 2339 407 2397 ἤγουν
421 2344 476 2396 τῷ
494 2337 731 2396 ὄψοπωλίῳ,
773 2343 831 2391 εἰς
858 2339 979 2394 τιμήν
1006 2344 1080 2382 τοῦ
1108 2335 1390 2394 βασιλεύοντος
1415 2333 1517 2375 unc-co}

61 2406 134 2452 τόν
150 2406 315 2464 καιρόν·
342 2417 430 2449 tum
448 2409 591 2449 Suidas
621 2409 684 2449 ed.
703 2413 859 2448 Kuster.
881 2417 979 2447 tom.
1002 2410 1024 2449 1
1056 2422 1097 2460 p.
1119 2409 1202 2449 377
1212 2437 1222 2457 ‚
1267 2406 1340 2445 sub
1366 2417 1405 2441 v.
1424 2399 1516 2443 Αὕ-

61 2488 237 2531 γονπος.
300 2478 490 2516 castium
518 2485 651 2516 autem
678 2480 762 2517 sive
794 2479 927 2516 foru‘m
956 2477 1148 2515 cibarium
1175 2473 1274 2527 quid
1291 2473 1411 2511 fuerit
1427 2472 1516 2508 Du-

62 2546 226 2596 cangius
246 2544 359 2584 docet
381 2547 497 2598 cpoli
516 2544 750 2584 Christiana.
809 2547 943 2584 statim
970 2552 1060 2597 post
1097 2544 1168 2581 lin.
1204 2542 1276 2582 18:
1315 2540 1407 2594 περὶ
1441 2542 1515 2581 τοῦ
1539 2551 1575 2586 p·
1595 2551 1661 2576 mx

63 2613 230 2666 δουρὶον
254 2613 379 2654 ἵππου
406 2613 428 2656 ὅ
447 2610 673 2668 Εὐφορίων
699 2614 800 2667 φησὶ
828 2617 971 2654 πλοῖον
1000 2611 1190 2666 γενέσθαι
1220 2613 1304 2656 τοῖς
1323 2605 1516 2660 ’Ἕλλησιν

63 2680 191 2721 ἵππον
208 2676 441 2734 λεγόμενον·
481 2680 607 2735 ἕτεροί
626 2694 727 2734 φασι
753 2684 946 2722 ΠΟΛΙΝ
966 2679 1155 2734 γενέσθαι
1183 2673 1289 2718 οὕτω
1311 2688 1514 2730 προσαγο-

64 2746 284 2802 ρευομένην
303 2746 348 2788 ἐν
367 2750 419 2805 τῇ
441 2750 585 2805 Τροίᾳ,
628 2746 684 2790 δι’
712 2744 764 2803 ἧς
788 2750 982 2802 εἰσῆλθον
1009 2744 1267 2798 οἱἝλληνες.
1324 2750 1364 2781 et
1387 2741 1515 2782 Scho-

64 2816 165 2856 wius
179 2816 262 2854 ima
281 2816 428 2869 pagina
443 2817 486 2855 in
506 2818 694 2856 lemmate
715 2816 834 2856 huius
855 2818 1018 2869 capitis:
1050 2827 1194 2867 equam
1217 2813 1412 2864 ligneum,
1440 2824 1515 2862 per
