1748 3210
231 222 325 267 122
753 217 972 264 IOANNIS
1004 219 1136 264 LYDI

223 374 237 392 2

240 372 537 456 Εγχειροῢντί
558 416 627 453 μοι
654 399 743 454 περὶ
769 402 847 440 τῶν
875 397 1008 454 ἀρχῶν
1029 401 1102 452 τῆς
1119 397 1325 452 Ῥωμαίων
1343 402 1538 452 πολιτείας
1554 405 1643 445 δια·

227 467 442 522 λαμβάνειν
463 465 666 520 ἀξιόλογον
687 464 783 507 εἶναι
802 466 976 520 παρέστη
996 467 1201 520 προοίμιον
1221 469 1356 510 δοῦναι
1372 473 1428 526 τῷ
1447 468 1551 526 λόγῳ
1564 470 1642 512 ἀπὸ

226 541 297 578 τοῦ
318 532 588 590 πρεσβυτάτου
610 534 676 574 καὶ
695 531 932 585 τιμιωτάτου
953 531 1123 574 πάντων.
1189 535 1352 584 Λῗνείας
1381 536 1425 576 δὲ
1448 530 1498 589 ἦν
1516 530 1645 587 οὗτος,

227 602 248 643 ὃ
269 602 335 643 διὰ
355 600 498 649 κάλλος
519 601 584 640 καὶ
609 598 745 655 ῥώμην
765 603 900 653 ψυχῆς
916 616 957 642 τε
975 602 1041 641 καὶ
1061 599 1247 653 σώματος
1264 602 1482 657 κρείττονος
1498 601 1526 657 ἢ
1543 603 1646 644 κατά

225 666 464 722 ἀνθρώπους
483 665 578 708 εἶναι
601 668 805 719 νομισθεὶς
819 666 917 716 υἱός.
984 667 1052 720 (2)
1086 666 1270 709 ἅνύονται
1291 671 1498 724 τοιγαροῦν
1516 659 1560 711 ἔτι
1573 673 1677 723 τῆςὸ

226 736 388 778 Αἰνείου
421 735 483 774 ἐπὶ
511 733 584 787 τὴν
605 733 776 776 Ἰταλίαν
803 732 982 791 παρόδου
1010 735 1083 783 ἕως
1099 738 1171 776 τοῦ
1196 738 1392 788 πολισμοῦ
1411 732 1646 791 τῆςῬώμης

226 803 396 843 ἐνιαυτοὶ
417 799 460 842 θ’
487 802 553 842 καὶ
579 799 615 841 λ’
638 802 703 842 καὶ
722 799 760 842 v'
781 801 883 842 κατὰ
901 799 1075 842 Κάτωνα
1097 801 1164 843 τὸν
1183 805 1339 857 πρῶτον
1362 803 1428 845 καὶ
1448 792 1647 857 Βάρρωνα

225 869 319 917 τοὺς
335 868 577 921 Ῥωμαίους,
605 868 708 909 κατὰ
731 868 775 908 δὲ
787 867 1023 924 Ἀφρικανὸν
1046 870 1112 909 καὶ
1134 867 1328 924 Κάστορα
1351 870 1416 910 καὶ
1437 867 1508 910 τὸν
1523 870 1648 922 Παμ-

181 933 187 938 ’
225 937 344 992 φίλου
368 935 433 988 ἔτη
455 933 486 985 ζ’
506 936 572 975 καὶ
593 933 618 974 ι’
639 936 705 975 καὶ
727 933 779 975 v'.
845 934 923 975 ἀπὸ
954 935 996 975 δὲ
1026 939 1097 976 τοῦ
1126 938 1324 988 πολισμοῦ
1351 934 1467 991 μέχρι
1489 939 1562 989 τῆς
1583 936 1648 977 ἐκ-

224 1007 349 1056 βολῆς
366 1006 444 1043 τῶν
465 1000 592 1055 ῥηγῶν
613 1001 819 1056 διέδραμεν
838 999 902 1054 ἔτη
920 999 955 1055 γ’
979 1003 1045 1042 καὶ
1065 999 1108 1054 μ’
1128 1003 1192 1042 καὶ
1212 1000 1261 1042 σ’.
1329 1001 1367 1042 οἱ
1385 1003 1427 1044 δὲ
1447 1006 1526 1044 τῶν
1543 999 1647 1043 {tnd—
1661 1011 1702 1044 10

223 1087 303 1111 των
326 1068 417 1124 ἄχρι
441 1069 647 1124 Καίσαρος
665 1072 734 1109 τοῦ
755 1066 913 1123 πρώτου
935 1068 1101 1109 ἐνιαυτοὶ
1126 1067 1154 1110 ε’
1179 1067 1223 1121 (ἢ
1241 1068 1332 1110 κατ’
1354 1069 1480 1117 ἐνίους
1499 1067 1560 1122 ς’)
1583 1071 1650 1110 καὶ

224 1135 258 1186 ξ’
281 1138 346 1177 καὶ
369 1134 420 1176 υ’.
489 1134 564 1175 ἀπὸ
597 1136 640 1176 δὲ
665 1135 871 1190 Καίσαρος
901 1134 973 1183 ἕως
1003 1134 1303 1176 Κωνσταντίνου
1338 1136 1557 1189 διαγέγονεν
1583 1135 1649 1189 ἴτη

223 1200 283 1244 'co'
307 1205 371 1243 καὶ
398 1200 440 1252 ε’,
475 1202 516 1250 ἐξ
540 1201 661 1242 αὐτοῦ
681 1202 722 1241 δὲ
744 1200 836 1255 ἄχρι
852 1204 922 1253 τῆς
936 1201 1193 1242 Ἀναστασιόυ
1215 1205 1287 1242 τοῦ
1305 1202 1499 1254 βασιλέως
1518 1207 1650 1244 τελευ-

222 1274 295 1321 τῆς
312 1268 377 1322 ε’τη
399 1267 484 1310 σκὸ’
511 1267 610 1321 πρὸς
633 1269 751 1320 μησὶν
777 1265 830 1317 ζ’·
877 1269 917 1315 ἐξ
951 1261 1005 1307 ὧν
1039 1267 1087 1307 ἄν
1116 1284 1177 1315 τις
1208 1266 1252 1307 θ’
1286 1269 1407 1317 ἐξέλοι
1436 1268 1650 1320 ἐνιαυτούς,

224 1336 294 1384 οὓς
312 1337 374 1376 ἐπὶ
395 1338 465 1387 τῆς
487 1334 593 1389 ἱερᾶς
610 1332 765 1387 Ῥώμης
784 1333 893 1387 ἔτυχε
913 1331 1154 1385 βασιλεύσας
1174 1335 1484 1384 Κωνσταντΐνος.
1527 1335 1649 1378 συνά-
1663 1343 1704 1377 15

223 1419 333 1457 yeme
356 1402 406 1454 δὴ
430 1401 506 1442 ἀπὸ
526 1405 596 1442 τοῦ
615 1405 811 1454 πολισμοῢ
837 1401 955 1454 τῆσδε
980 1404 1052 1453 τῆς
1071 1401 1302 1453 εὐδαίμονος
1319 1399 1468 1450 πόλεως
1487 1400 1517 1444 ε’
1541 1404 1607 1443 καὶ
1627 1401 1651 1444 ι’

224 1472 291 1510 καὶ
313 1468 348 1510 σ’
373 1469 437 1522 ism]
460 1468 558 1523 πρὸς
574 1471 694 1521 μησὶν
717 1466 763 1519 ζ’.
829 1468 982 1508 συνέλοι
1014 1462 1085 1508 οὖν
1118 1467 1166 1508 ἄν
1196 1485 1255 1516 τις
1286 1467 1362 1509 ἀπὸ
1388 1470 1550 1510 Αἰνείου
1580 1470 1653 1519 ἕως

223 1541 296 1590 τῆς
320 1537 578 1578 Ἀναστασίου
607 1540 678 1576 τοῦ
704 1538 882 1589 χρηστοῦ
911 1538 1094 1587 τελευτῆς
1117 1534 1211 1583 τοὺς
1230 1533 1380 1583 πάντας
1396 1535 1596 1584 ἐνιαυτοὺς
1617 1534 1652 1584 ς’

224 1605 289 1643 καὶ
321 1602 363 1655 μ’
399 1602 498 1657 πρὸς
530 1600 578 1654 ’ψ’
602 1604 668 1642 καὶ
690 1604 831 1653 χιλίοις
854 1601 953 1656 πρὸς
978 1603 1098 1654 μησὶν
1122 1599 1179 1651 ζ’,
1225 1599 1279 1651 (ὓς
1301 1602 1484 1655 ’Έλληνες
1505 1602 1652 1644 οἴονται

223 1669 323 1711 κατὰ
356 1667 507 1716 πάντας
535 1669 628 1716 τοὺς
654 1667 839 1722 ἑκατέρας
870 1672 1005 1722 φωνῆς
1030 1668 1294 1723 συγγραφέας.
1359 1667 1510 1710 τούτων
1527 1667 1707 1718 οὕτωςΞΟ

222 1735 316 1790 ἡμῖν
338 1736 410 1776 σὺν
432 1735 600 1792 ἀληθεία
619 1735 823 1785 τεθέντων,
843 1733 980 1790 καιρός
997 1736 1077 1776 ἔστι
1099 1736 1187 1790 περὶ
1209 1739 1286 1777 τῶν
1308 1735 1453 1791 ἀρχῶν,
1479 1733 1533 1786 ὥς
1546 1735 1654 1792 εἴρη-

223 1821 302 1854 ται,
335 1807 405 1844 τοῦ
427 1802 526 1843 καθ’
549 1800 655 1855 ἡμᾶς
680 1803 881 1854 διαλαβεῖν
903 1800 1200 1854 πολιτεύματος.
1638 1795 1641 1798 ,

313 1898 336 1931 8
358 1894 419 1930 καὶ
442 1898 523 1929 ante
544 1892 611 1930 τὸν
633 1895 701 1930 add
722 1894 768 1930 F.
905 1897 947 1931 11
970 1892 1140 1930 ἐνιαυτοῦ
1165 1896 1214 1929 C:
1238 1906 1315 1930 corr
1335 1897 1381 1931 F.

222 1985 447 2064 Scripturus
473 2019 516 2052 de
538 2018 792 2062 magistratibus
815 2018 867 2052 rei
888 2018 1046 2063 publicae
1066 2020 1262 2063 Romanae,
1285 2031 1306 2053 a
1323 2017 1555 2054 vetustissimo
1579 2029 1652 2053 om-

222 2065 315 2097 nium
341 2068 376 2097 et
401 2064 661 2097 honoratissimo
692 2064 826 2097 initium
853 2064 950 2107 operi
980 2065 1063 2097 dare
1083 2065 1220 2107 dignum
1242 2064 1420 2108 proposito
1444 2064 1651 2098 existimavi.

222 2109 291 2142 suit
312 2120 396 2142 vero
417 2109 473 2141 hic
492 2109 639 2152 Aeneas,
663 2121 762 2153 quem
786 2110 829 2141 ob
847 2109 1131 2152 pulchritudinem
1154 2109 1324 2154 animique
1347 2115 1383 2143 et
1406 2109 1558 2153 corporis
1578 2110 1652 2142 for-

221 2154 402 2187 titudinem
421 2153 557 2186 maioris
580 2165 678 2197 quam
707 2153 849 2187 hominis
872 2153 976 2186 filium
1001 2165 1077 2187 esse
1098 2155 1329 2188 crediderunt.
1377 2155 1430 2197 (2)
1451 2158 1531 2187 sunt
1546 2153 1654 2196 igitur

223 2200 267 2232 ab
290 2199 426 2232 Aeneae
456 2198 491 2230 iu
518 2198 647 2231 Italiam
682 2200 832 2232 adventu
867 2199 910 2231 ad
940 2199 1081 2232 Romam
1110 2200 1278 2232 conditam
1309 2198 1388 2232 anni
1413 2197 1653 2242 quadringenti

222 2244 366 2286 triginta
385 2254 506 2276 novem
525 2244 708 2276 secundum
730 2245 894 2276 Catonem
920 2244 1079 2276 maiorem
1104 2250 1139 2276 et
1161 2245 1344 2277 Varronem
1368 2244 1559 2285 Romanos,
1594 2254 1651 2276 se-

222 2290 367 2322 cundum
387 2299 470 2321 vero
494 2288 688 2320 Africanum
709 2294 744 2321 et
762 2288 939 2320 Castorem
963 2295 998 2321 et
1015 2289 1204 2322 Eusebium
1223 2288 1392 2332 Pamphili
1413 2287 1653 2332 quadringenti

223 2339 259 2366 et
281 2333 525 2377 septendecim.
573 2344 594 2365 a
617 2333 754 2366 condita
773 2338 883 2365 autem
903 2334 986 2366 urbe
1010 2335 1053 2366 ad
1074 2345 1175 2377 reges
1199 2334 1327 2367 eiectos
1345 2332 1424 2366 anni
1446 2332 1654 2365 effluxerunt

223 2378 362 2412 ducenti
387 2377 613 2422 quadraginta
634 2384 718 2411 tres.
766 2377 937 2410 consulum
969 2384 1080 2411 autem
1107 2389 1213 2422 usque
1236 2379 1278 2411 ad
1305 2378 1486 2411 Caesarem
1508 2375 1651 2419 primum

224 2423 303 2457 anni
325 2429 403 2456 sunt
422 2422 661 2467 quadringenti
684 2422 863 2465 sexaginta
881 2422 1049 2466 quinque,
1082 2422 1137 2456 vel
1166 2423 1350 2456 secundum
1377 2420 1551 2454 nonnullos
1575 2432 1651 2454 sex.

225 2482 245 2502 a
269 2469 418 2501 Caesare
440 2479 523 2500 vero
544 2469 587 2500 ad
605 2468 864 2500 Constantinum
891 2467 970 2499 anni
1000 2468 1251 2510 praeterierunt
1271 2466 1418 2500 trecenti
1435 2465 1653 2509 septuaginta

224 2514 394 2558 quinque3
419 2524 439 2546 a
462 2524 528 2557 quo
551 2513 594 2545 ad
613 2511 786 2545 Anastasii
808 2512 1023 2555 imperatoris
1046 2513 1174 2545 obitum
1195 2511 1333 2546 ducenti
1350 2509 1474 2562 viginti
1491 2515 1652 2553 quattuor

224 2570 298 2592 cum
323 2570 383 2592 sex
406 2557 597 2598 mensibus;
621 2558 663 2590 de
687 2557 810 2601 quibus
831 2557 986 2590 deductis
1009 2569 1130 2590 novem
1153 2557 1262 2599 annis,
1287 2567 1370 2600 quos
1392 2566 1429 2587 ιιι
1449 2563 1552 2587 sacra>
1565 2554 1652 2587 urbe

222 2604 331 2637 Roma
353 2602 596 2636 Constantinus
619 2601 812 2646 imperavit,
836 2613 856 2634 a
880 2601 1017 2635 condita
1035 2603 1139 2635 hacce
1156 2603 1258 2635 beata
1276 2601 1414 2634 civit-ate
1432 2597 1653 2632 inveniuntur

222 2648 302 2681 anni
323 2647 461 2681 ducenti
483 2647 673 2691 quindecim
697 2658 770 2679 cum
789 2652 918 2689 sept-em
942 2647 1134 2680 mensibus.·
1174 2645 1312 2689 colligas
1334 2644 1450 2688 itaque
1471 2644 1513 2676 ab
1535 2643 1653 2676 Aenea

221 2694 265 2726 ad
286 2692 406 2745 optimi
424 2692 596 2725 Anastasii
622 2692 750 2725 obitum
771 2702 929 2724 summam
948 2702 1109 2724 annorum
1136 2690 1224 2723 mille
1250 2689 1540 2732 septingentorum
1563 2697 1648 2730 qua-

221 2739 381 2781 draginta
403 2749 464 2770 sex
488 2748 561 2770 cum
584 2741 714 2780 septem
738 2735 934 2775 mensibus3
964 2747 1052 2779 quae
1077 2740 1131 2768 est
1155 2737 1362 2768 Graecorum
1387 2732 1502 2776 opinio
1525 2741 1647 2765 secun-

221 2783 299 2814 dum
319 2793 434 2815 omnes
454 2782 630 2825 utriusque
648 2781 784 2824 linguae
803 2780 1002 2823 scriptores.
1051 2780 1102 2813 his
1121 2779 1170 2814 ita
1192 2790 1273 2813 vere
1296 2777 1420 2821 positis
1439 2782 1572 2822 tempus
1594 2778 1649 2808 est

222 2828 266 2860 de
288 2827 553 2872 magistratibus,
575 2826 627 2860 uti
643 2825 800 2871 diximus,
820 2830 958 2860 nostrae
976 2825 1029 2859 rei
1047 2825 1203 2870 publicae
1225 2823 1410 2868 explicare.
