1748 3210
327 185 404 229 DE
443 179 888 228 MAGISTRATIBUS
922 179 969 224 P.
1003 177 1056 223 R.
1093 177 1198 221 LIB.
1234 175 1312 225 111.
1452 176 1550 222 205

97 301 192 362 κρῦν
216 299 384 359 ἀγαθων
414 299 458 342 ἔκ
483 301 556 354 τῆς
577 302 657 341 τῶν
677 295 908 354 ἀρχομένων
937 291 1290 348 κακοδαιμονῖεας
1271 311 1292 336 ο
1317 291 1421 335 καθ’
1444 291 1554 348 ημᾶς

92 370 236 430 χρόνος
261 371 450 421 ἐξέπεσεν.
519 368 618 417 ἔθος
637 366 804 423 ἀρχαῖον
821 360 871 420 ἦν
890 365 1016 419 μηδὲν
1034 362 1188 414 ἔξωθεν
1209 360 1461 419 πράττεσθαι
1478 366 1552 405 τοῦ

95 444 169 496 τῆς
192 440 305 494 δι’κης
339 439 471 519 ἱεροῦ,
507 455 527 479 ο
557 439 732 478 καλεῖται
764 431 963 490 σήκρητον
994 432 1111 475 οἶονει
1138 429 1343 488 ἀτάραχον
1368 432 1434 474 καὶ
1460 434 1555 488 σιγῇ

97 507 241 563 σεμνὸν
270 509 337 550 καὶ
369 505 507 548 ὁποῖον
534 504 664 547 οὐκέτι
696 502 789 545 κατ’
827 502 970 545 οὐδένα
995 500 1169 559 τρόπον,
1196 499 1305 551 ὅπως
1320 498 1378 555 μή
1395 517 1433 543 τι
1452 499 1554 557 πρὸς

63 576 251 634 ὃῧβρεως
275 575 301 630 ἢ
331 573 491 630 βλάβης
517 577 597 616 τῶν
627 575 824 616 συντελῶν
853 569 1124 629 ἆμαρτηθειή.
1192 569 1296 623 μετὰ
1330 570 1374 611 δὲ
1395 568 1468 624 τὴν
1488 568 1554 611 ἕν-

93 649 251 700 θεσμον
272 649 352 688 τῶν
377 642 534 701 ψήφων
561 639 769 698 ἀπόφασιν
801 637 926 694 νόμος
955 641 1021 682 καὶ
1053 639 1149 689 τοὺς
1173 635 1483 696 συνεδρεύοντας
1503 641 1555 694 τῇ

94 713 202 770 ἀρχῇ
223 712 375 770 ἄνδρας
396 708 712 766 νομικωτάτους,
747 706 1092 764 ἀναγινώσκοντας
1117 711 1278 764 πρῶτον
1295 707 1368 757 τὰς
1385 706 1556 764 ψήφους

94 783 162 826 καὶ
186 779 483 830 ὖποτάττοντας
507 783 564 838 τῷ
588 778 785 835 λεγομένῳ
808 778 1008 834 σχεδαρίῳ
1026 776 1072 818 τὸ
1094 775 1197 859 παρ’
1218 776 1386 826 Ἰταλοῖς
1403 773 1556 817 καλού-

94 868 215 906 μενον
234 850 386 908 ρέκινον
416 849 531 905 (ἀντι
552 851 626 891 τοῦ
646 846 886 901 ἀντιβολὴν)
924 843 1078 887 διδόναι
1099 843 1201 901 πρὸς
1223 842 1466 901 ὖπογραφην
1483 848 1556 899 τῆς

39 929 86 966 10
97 918 225 977 ἀρχῆς
251 925 334 969 τοῖς
359 919 415 968 εἷς
445 920 563 960 τοῦτο
590 915 866 999 τεταγμένοιςὲ
896 915 1211 970 καγκελλαριόυς
1241 912 1389 962 αὐτοὺς
1410 914 1451 954 ἐν
1470 918 1556 963 τοῖς

94 989 366 1071 δικαστηρίοις
384 986 664 1042 ἒπιφημίζουσι
673 1015 688 1035 ,
721 984 810 1039 περὶ
833 999 888 1024 ων
908 982 1010 1039 πρὸς
1035 982 1161 1039 πέρας
1179 982 1273 1038 ἐρῶ.
1345 978 1429 1023 ειτα
1453 981 1555 1023 ἔκεῖ-

92 1061 170 1100 θεν
190 1056 291 1113 πρὸς
307 1059 387 1098 τῶν
405 1053 683 1111 σηκρηταρίων
703 1053 885 1106 ἐμμελῶς
906 1050 1274 1107 ἀναγινωσκομένου
1295 1054 1367 1092 τοῦ
1389 1050 1557 1105 λεγομέ-

92 1141 164 1168 νου
192 1127 402 1179 καθαροῦ,
438 1122 544 1164 οὕτω
562 1139 603 1164 τε
625 1120 900 1174 ἀπολυομένου
926 1125 984 1178 τῷ
1006 1118 1235 1175 λιτιγάτωρι
1269 1119 1416 1173 (οἱονεὶ
1441 1120 1556 1173 δίκης

92 1194 206 1236 ἕνεκα
234 1188 638 1248 παραφυλάττοντι),
674 1187 845 1242 σύνοψιν
868 1185 889 1229 ὃ
914 1186 1183 1245 σηκρητάριος
1203 1187 1370 1229 ἐποιεῖτο
1392 1191 1463 1241 τῆς
1483 1190 1558 1229 τοῦ

39 1261 370 1318 15πεπραγμένου
398 1257 605 1313 δυνάμεως
634 1264 718 1307 τοῖς
741 1257 905 1299 Ἰταλῶν
938 1255 1111 1314 ῥήμασι,
1146 1257 1214 1298 καὶ
1243 1254 1393 1310 ταύτην
1425 1253 1557 1311 ἐτήρει

93 1330 197 1387 παρ’
240 1328 372 1385 ἑαυτῷ
407 1327 510 1383 πρὸς
542 1324 710 1380 κώλυμα
736 1328 943 1382 τολμηρᾶς
972 1322 1213 1382 προσθήκης
1238 1322 1264 1379 ἢ
1292 1322 1559 1380 ὑφαιρέσεως.

96 1392 144 1441 οὗ
167 1397 217 1452 δὴ
240 1395 451 1452 γενομένου
485 1394 625 1448 λαβὼν
654 1392 675 1435 ὅ
709 1391 886 1450 πράξας,
922 1395 989 1435 καὶ
1013 1398 1084 1448 τῆς
1106 1393 1312 1450 ἀκριβείας
1331 1391 1558 1446 θαυμάσας

93 1467 140 1510 τὸ
175 1462 454 1520 δικαστήριον,
486 1461 632 1519 παρῄει
653 1461 756 1518 πρὸς
774 1462 868 1511 τοὺς
888 1464 1209 1519 πριμισκρινιόυς
1229 1459 1426 1512 τάξαντας
1445 1462 1555 1515 ἐκβι-

91 1533 250 1590 βαστὴν
266 1540 349 1582 τοῖς
365 1531 736 1588 ἀποπεφασμένοις·
771 1530 809 1571 οἱ
832 1531 874 1571 δὲ
897 1530 965 1571 διὰ
986 1535 1066 1573 τῶν
1083 1534 1254 1585 βοηθεῖν
1278 1530 1417 1580 αὐτοῖς
1438 1547 1559 1572 τετα-

35 1603 270 1660 Ξογμένων,
306 1600 465 1657 ἀνδρῶν
499 1601 566 1642 καὶ
598 1596 857 1648 διδασκάλοις
889 1598 1025 1649 αὐτοῖς
1054 1598 1275 1655 πράγματα
1304 1600 1393 1654 περὶ
1426 1597 1556 1653 λόγων

92 1668 273 1727 ζητήσεις
311 1666 586 1726 παρεχόντων,
629 1665 829 1724 ἐπλήρουν
839 1698 853 1719 ,
902 1667 966 1708 ε’πὶ
1001 1671 1076 1710 τοῦ
1109 1665 1239 1709 νώτου
1268 1671 1341 1722 τῆς
1371 1667 1557 1721 ἐντυχίας

90 1738 326 1798 γράμμασιν
354 1739 494 1789 αῗδοῦς
523 1734 697 1780 αὐτόθεν
726 1733 886 1790 ἁπάσης
908 1737 974 1777 καὶ
995 1736 1178 1787 ἐξουσίας
1198 1734 1303 1793 ἷίγκῳ
1328 1735 1555 1791 σεσοβημέ-

91 1825 196 1861 νοις,
230 1806 332 1865 πρὸς
352 1805 423 1862 τὴν
443 1806 715 1863 προσηγορίαν
733 1809 807 1847 τοῦ
826 1808 1041 1862 πληρωτοῦ
1061 1803 1405 1862 προσγράφοντες.

177 1903 203 1939 4
225 1900 294 1938 min
314 1900 413 1937 ἔστιΐ
548 1903 570 1936 8
590 1898 634 1936 τὸ
654 1901 784 1948 10¹,qu
810 1900 855 1937 C.
992 1901 1015 1935 9
1039 1897 1188 1943 ῥέκινον
1205 1900 1433 1955 depravatum
1450 1899 1557 1935 vide-

178 1954 249 1984 tur.
277 1949 324 1983 F.
480 1949 523 1984 18
546 1947 672 1992 παρίει
689 1948 734 1983 C.
892 1941 1101 1989 τάξονταςῒ
1254 1948 1300 1983 21
1325 1943 1487 1991 ἐπλήρου
1509 1947 1557 1982 C.

179 1996 227 2031 22
247 1992 491 2040 σεσοβημένος
507 1994 553 2028 C.

87 2075 150 2111 tim
175 2074 297 2119 bonis,
327 2073 462 2107 infelici
494 2072 630 2107 illorum
658 2072 754 2114 fato,
785 2074 884 2106 aetas
910 2074 1031 2107 nostra
1057 2071 1242 2107 exciderit.
1287 2082 1362 2107 mos
1393 2071 1559 2117 antiquus

90 2126 168 2156 erat
184 2119 270 2154 nihil
286 2101 345 2164 iugi
367 2124 469 2153 extra
487 2118 650 2164 templum
670 2097 846 2161 iustitiae,
867 2118 959 2162 quod
979 2124 1151 2152 secretum
1171 2119 1316 2162 dicitur,
1342 2118 1558 2154 inturbidum

92 2166 258 2200 videlicet
278 2177 319 2200 ac
339 2165 478 2200 silentio
504 2163 725 2207 venerabile,
759 2170 796 2198 et
817 2163 918 2208 quale
941 2176 1031 2198 nunc
1054 2164 1146 2198 nullo
1171 2165 1271 2198 modo
1299 2170 1372 2205 est;
1405 2176 1448 2198 ne
1470 2165 1557 2210 quid

92 2223 169 2247 cum
201 2211 329 2246 iniuria
359 2212 528 2245 damnove
561 2210 688 2244 civium
710 2216 926 2254 peccaretur.
975 2210 1160 2244 sententiis
1184 2222 1269 2244 vero
1291 2210 1446 2254 legitime
1468 2222 1557 2264 pro-

92 2257 283 2299 nuntiatis,
320 2256 376 2290 lex
406 2261 484 2290 erat
514 2261 551 2289 et
580 2254 775 2289 assidentes
807 2257 1050 2300 praefecturae
1081 2256 1177 2290 viros
1203 2256 1290 2290 iuris
1322 2256 1558 2300 peritissimos

88 2303 199 2338 lectas
221 2302 365 2347 primum
389 2301 581 2336 sententias
603 2301 807 2345 schedario,
830 2307 870 2335 ut
891 2308 1040 2345 vocant,
1066 2302 1262 2345 subiicere,
1287 2307 1324 2335 et
1346 2303 1439 2346 quod
1462 2302 1556 2336 reci-

93 2361 172 2383 num
195 2348 276 2382 Itali
299 2352 427 2382 vocant
449 2347 512 2390 (id
530 2352 584 2381 est
601 2327 807 2391 α’ντιβολήν
811 2352 825 2390 j
839 2373 850 2391 ‚
884 2359 905 2381 a
935 2347 1140 2391 magistratu
1163 2347 1451 2382 subscribendum
1474 2348 1558 2381 huic

91 2394 145 2429 rei
167 2394 379 2440 praepositis
402 2394 559 2428 tradere:
583 2392 807 2428 cancellarios
826 2405 886 2427 eos
907 2393 943 2427 in
963 2393 1103 2427 iudiciis
1123 2399 1272 2436 vocant3
1298 2394 1342 2427 de
1364 2394 1490 2438 quibus
1512 2394 1558 2429 ad

92 2446 281 2475 extremum
304 2440 460 2474 dicturus
483 2450 569 2473 sum.
618 2439 699 2473 inde
722 2450 829 2492 porro
851 2451 872 2473 a
893 2439 1096 2473 secretariis
1118 2450 1228 2492 puro,
1253 2443 1293 2473 ut
1314 2444 1460 2483 vocant,
1487 2439 1558 2473 rite

91 2486 204 2530 lecto,
241 2485 361 2530 sicque
394 2485 523 2519 tradito
546 2484 716 2530 litigatori
745 2484 902 2538 (quippe
927 2496 1052 2519 causae
1076 2485 1191 2529 gratia
1214 2485 1412 2529 adstanti),
1446 2496 1555 2528 syno-

90 2532 171 2577 psin
194 2543 344 2566 summae
371 2531 441 2566 acti
463 2531 674 2567 secretarius
702 2529 829 2564 Latino
853 2542 1012 2564 sermone
1034 2531 1207 2573 faciebat,
1233 2542 1377 2576 eamque
1401 2531 1493 2577 apud
1515 2542 1557 2564 se

91 2578 276 2620 servabat,
310 2589 353 2611 ne
382 2577 466 2622 quid
497 2578 642 2612 audacia
673 2577 819 2611 adderet
847 2577 1066 2620 demeretve‚
1102 2575 1307 2621 impediens.
1355 2588 1424 2622 quo
1449 2577 1556 2621 facto,

90 2635 168 2658 cum
189 2603 364 2677 ⁸(pui'um)
387 2623 581 2676 recepisset
599 2622 774 2667 litigator,
806 2621 957 2667 rigorem
984 2621 1106 2656 iudicii
1137 2622 1324 2657 admiratus
1355 2624 1398 2657 ad
1431 2622 1554 2676 primi-

92 2669 260 2711 scrinios,
284 2667 344 2714 qui
363 2668 613 2703 sententiarum
633 2674 853 2703 executorem
876 2668 1146 2711 constituerant,
1170 2668 1483 2722 progrediebatur:
1518 2667 1556 2701 hi

27 2720 30 2723 '
91 2721 204 2750 autem
230 2725 294 2759 per
316 2720 525 2767 apparentes
546 2715 633 2760 ipsis
658 2715 855 2757 adiutores,
881 2714 977 2749 viros
1002 2714 1058 2748 vel
1082 2695 1170 2759 ipsis
1194 2714 1370 2759 magistris
1394 2715 1487 2749 circa
1509 2714 1555 2747 li·-

90 2766 244 2795 terarum
265 2759 487 2804 quaestiones
507 2762 682 2805 negotium
700 2762 934 2804 facessentes,
971 2760 1179 2805 implebant,
1213 2760 1251 2794 in
1275 2772 1400 2794 aversa
1421 2761 1553 2804 charta,

89 2806 203 2841 literis
235 2817 368 2840 omnem
401 2805 517 2840 statim
546 2807 780 2842 reverentiam
803 2819 845 2842 ac
866 2812 1077 2853 potestatem
1099 2818 1185 2853 prae
1206 2818 1246 2842 se
1269 2806 1482 2852 ferentibus,
1509 2787 1555 2841 ad

91 2863 215 2888 nomen
237 2850 458 2897 completoris
475 2852 728 2888 adscribentes.
