1748 3210
224 185 320 230 252
743 185 958 228 IOANNIS
992 185 1122 230 LYDI

223 313 320 339 σατο
338 295 391 347 ὥς
406 295 495 350 μετ’
519 294 648 347 αὖτόν,
676 294 818 352 ἔρημον
840 295 886 337 οὗ
902 295 1117 352 χρημάτων
1131 294 1249 350 μόνον
1266 297 1366 342 ἀλλὰ
1383 302 1447 342 καὶ
1468 297 1628 357 ἄνθριῦ-

222 381 306 405 πων
326 365 541 418 γενομένην,
573 364 768 415 μηδεμίαν
786 363 1031 416 ἐπιδέχεσθαι
1058 363 1102 404 τὸ
1125 365 1256 406 λοιπὸν
1281 367 1464 423 ἀφορμὴν
1479 372 1549 421 τῆς
1567 369 1630 409 ἐπὶ

222 431 268 472 τὸ
290 437 461 486 κρεῖττον
479 432 712 481 μεταβολῆς.
754 432 1004 484 περιηχηθεὶς
1020 430 1095 486 γὰρ
1119 428 1138 472 ὃ
1154 432 1276 484 μηδὲν
1294 431 1320 486 ἢ
1334 435 1522 489 νερτέριος
1540 435 1629 475 δαί-

222 514 309 550 μων
338 496 391 544 ὧς
410 495 626 550 Εὐριπίδης
653 494 731 537 εἷπε
747 497 901 538 Λυδῶν
924 495 1110 552 ὑπάρχειν
1135 498 1206 546 τὰς
1229 497 1496 554 πολυχρύσους
1518 499 1628 555 γύας,

222 570 362 617 στῖφος
378 563 530 615 θηρίων
547 563 611 602 καὶ
628 563 907 604 Καππαδοκῶν
930 563 1097 619 στρατὸν
1115 562 1348 618 ἐπαγόμενος
1363 564 1562 619 ἐνσκήπτει
1580 571 1628 622 τῇ
1639 573 1661 608 5

218 627 347 685 χώρᾳ,
377 628 489 669 οὐδὲν
511 627 650 679 κοινόν,
684 629 795 671 οὐδὲν
813 630 944 682 μέσον,
971 630 1059 671 ἀλλ’
1085 629 1254 686 ἔπαρχος
1272 632 1517 686 πραιτωρίων
1529 649 1632 688 χρη-

222 696 406 747 ματίζων.
462 692 544 736 εἶτα
565 697 775 752 διατρίβων
797 697 836 737 ἒν
855 696 955 752 αὐτῇ
975 697 1101 738 οὐδενὶ
1120 702 1197 738 τῶν
1218 698 1394 739 δειλαίων
1411 701 1483 751 τῆς
1498 697 1633 755 χώρας

222 760 437 816 οἰκητόρων
454 761 499 802 οὗ
520 767 656 812 σκεῦος
671 764 833 813 οἶονοῦν,
863 763 908 804 οὗ
923 763 1106 817 γαμετήν,
1129 763 1175 804 οὗ
1198 764 1407 819 παρθένον,
1431 764 1477 805 οὔ
1496 763 1634 820 μειρά-

221 843 305 869 κιον
325 826 551 882 ἀπήμαντον
567 831 630 869 καὶ
646 834 805 885 φθορᾶς
824 829 899 879 ἔξω
918 831 1182 881 καταλέλοιπε,
1204 837 1290 879 ταῖς
1305 831 1376 883 μὲν
1393 837 1543 880 ποιναῖς
1558 835 1635 873 τῶν

223 894 406 936 ἀναιτίων
427 893 480 943 ὥς
502 893 700 949 Φάλαρις,
738 903 824 944 ταῖς
841 898 883 937 δέ
903 898 1154 946 ξενοκτονίαις
1171 895 1224 945 ὡς
1242 895 1452 954 Βούσιρις,
1485 903 1570 946 ταῖς
1590 898 1633 939 δὲ
1647 902 1688 937 10

221 960 437 1021 ῥᾳθυμίαις
453 963 518 1002 καὶ
535 969 702 1017 τρυφαῖς
723 961 777 1011 ὥς
793 962 1106 1017 Σαρδανάπαλος
1128 965 1326 1005 διατελῶν.

357 1028 434 1071 59.
499 1029 582 1068 Καὶ
605 1029 687 1070 εἴθε
711 1058 724 1070 .
743 1059 755 1070 .
773 1059 784 1070 .
805 1028 953 1070 τούτων
981 1032 1046 1070 καὶ
1075 1029 1205 1082 μόνων
1235 1032 1300 1071 καὶ
1328 1029 1385 1084 μὴ
1408 1032 1473 1072 καὶ
1498 1027 1637 1086 φόβων

222 1093 320 1150 ὑπὲρ
339 1096 560 1150 τραγῳδίαν
581 1095 720 1148 ἐγίνετο
742 1102 824 1144 τοῖς
841 1093 1026 1149 ὑπηκόοις
1044 1094 1284 1145 αἰτιώτατος.
1334 1095 1384 1137 τὰ
1406 1101 1566 1138 πλεῖστα
1587 1096 1637 1149 δὴ

223 1155 293 1202 οὖν
323 1166 401 1202 τῶν
429 1161 549 1201 αὐτοῦ
577 1158 810 1213 μιασμάτων
837 1162 1058 1214 ἐξηγεῖσθαι
1082 1163 1252 1217 φρίττων
1276 1161 1437 1218 (ἄπειρα
1458 1163 1504 1204 δέ
1521 1163 1637 1213 ἔστιν,

224 1226 279 1276 ὥς
305 1228 371 1267 καὶ
399 1227 528 1267 αὐτῶν
551 1225 682 1278 μόνων
698 1229 882 1280 μεγίστας
901 1229 1063 1279 βίβλους
1082 1227 1289 1283 πενθήρεις
1309 1228 1523 1282 ἀποτελεῖν)
1543 1230 1638 1282 μίαν
1648 1233 1690 1269 15

224 1293 348 1334 αὐτοῦ
366 1296 507 1348 πρᾶξιν
527 1293 622 1341 τέως
637 1292 853 1348 χρημάτων
871 1294 981 1334 ἕνεκα
996 1292 1237 1350 τραγῳδήσω
1257 1293 1442 1351 τῷλόγῳ.
1473 1293 1639 1351 Πετρώ-

224 1359 306 1408 νιός
336 1377 395 1408 τις
423 1361 484 1401 ἐπὶ
509 1364 580 1413 τῆς
608 1361 704 1414 ἐμῆς
728 1362 1014 1415 Φιλαδελφείας
1031 1361 1128 1415 ἀνὴρ
1151 1359 1374 1414 ἀξιόλογος,
1401 1361 1496 1414 γένει
1514 1378 1554 1402 τε
1576 1363 1641 1402 καὶ

223 1428 428 1484 περιουσία
456 1428 521 1468 καὶ
549 1424 678 1480 λόγοις
706 1425 933 1482 διαπρεπής.
1001 1421 1114 1476 οὗτος
1143 1429 1184 1468 ἐκ
1209 1425 1408 1482 προγόνων
1437 1426 1571 1482 κύριος
1593 1422 1642 1480 ἦν

224 1496 341 1535 λίθου
361 1494 492 1546 τιμίας
509 1497 656 1546 πολλῆς
673 1493 756 1546 ἅμα
774 1495 838 1534 καὶ
857 1493 925 1534 διὰ
942 1491 1085 1542 κάλλος
1103 1495 1168 1534 καὶ
1186 1495 1354 1547 μέγεθος
1369 1500 1450 1543 τοῖς
1466 1492 1642 1543 ἷδιώταις

224 1558 442 1616 ἀχρήστως.
509 1563 646 1601 τοῦτον
679 1559 862 1615 ἁρπάσας
893 1558 914 1600 ὅ
944 1559 1148 1613 Κύκλωψ,
1203 1558 1347 1615 σίδηρά
1375 1577 1418 1602 τε
1451 1562 1695 1615 περιθείς,20

223 1627 369 1682 γυμνὸν
389 1626 553 1682 ῥάβδοις
573 1625 696 1676 {Zama
719 1626 785 1668 διὰ
799 1625 1018 1682 βαρβάρων
1039 1627 1221 1683 ἀφειδῶς,
1255 1628 1425 1683 ἔνείρξας
1444 1627 1562 1669 αὐτὸν
1579 1629 1641 1669 ἐπὶ

311 1764 335 1798 4
351 1763 456 1817 γαίας
477 1763 591 1807 vulgo.
750 1763 792 1797 12
813 1764 950 1798 videtur
968 1764 1076 1798 fuisse
1100 1761 1194 1809 ἄχρι.
1230 1765 1275 1798 F.
1431 1763 1492 1798 καὶ
1513 1761 1562 1807 μή
1580 1763 1642 1798 καὶ

312 1819 434 1851 μονων
455 1807 517 1841 καὶ
538 1808 653 1851 vulgo.
768 1808 809 1842 14
827 1809 962 1851 φρίττω
984 1809 1098 1852 vulgo.
1212 1811 1254 1844 17
1274 1807 1336 1842 καὶ
1353 1812 1432 1852 post
1448 1819 1486 1841 τε
1507 1809 1573 1842 add
1595 1809 1639 1843 F.

313 1855 358 1888 20
380 1850 580 1897 ἀχρήστως]
601 1852 772 1887 recentior
787 1865 905 1888 manus
929 1850 1169 1898 οἷπόβλεπτος.
1281 1902 1285 1907 .
1303 1855 1345 1888 21
1368 1850 1504 1894 ἐνείξας
1526 1854 1570 1887 C.

224 1979 264 2010 ut
285 1978 364 2020 post
386 1986 482 2018 eum,
516 1986 583 2008 non
605 1974 749 2019 pecunia
768 1977 897 2009 tantum
918 1976 980 2010 sed
1000 1974 1190 2009 hominibus
1213 1985 1348 2018 quoque
1369 1986 1495 2018 vacua,
1520 1974 1642 2009 nullam

224 2021 434 2065 inposterum
463 2031 556 2064 spem
588 2020 736 2053 melioris
769 2020 977 2054 condicionis
999 2020 1158 2065 recipiat.
1204 2030 1280 2052 nam
1304 2030 1377 2052 cum
1399 2020 1643 2054 circumsonas—

223 2072 279 2100 set
296 2065 387 2098 illum
404 2075 487 2098 vere
506 2065 705 2099 infernalem
724 2066 928 2108 daemonem,
953 2067 1043 2108 quod
1059 2064 1244 2109 Euripides
1260 2063 1357 2108 dixit,
1377 2064 1549 2108 Lydorum
1565 2076 1643 2098 esse

224 2122 307 2144 auro
331 2110 538 2143 abundantes
561 2114 680 2151 terras,
705 2122 823 2153 agmen
846 2110 1027 2144 belluarum
1049 2116 1083 2144 et
1106 2110 1344 2154 Cappadocum
1362 2109 1544 2142 exercitum
1569 2114 1642 2142 tru-

223 2156 308 2189 heus
331 2154 367 2187 in
389 2154 561 2196 regionem
583 2154 694 2197 irruit,
720 2155 843 2189 nullum
866 2167 1049 2199 commune,
1073 2154 1195 2188 nullum
1218 2153 1372 2197 medium,
1394 2155 1456 2187 sed
1476 2153 1644 2198 praefecti

222 2198 396 2244 praetorio
415 2210 536 2232 nomen
554 2210 731 2243 usurpans.
777 2200 900 2234 deinde
921 2199 958 2233 in
979 2213 1019 2235 ea
1043 2210 1249 2233 commorans
1268 2198 1350 2231 nulli
1368 2198 1565 2232 miserorum
1586 2210 1645 2232 re-

223 2244 337 2288 gionis
358 2243 542 2276 incolarum
565 2249 622 2277 aut
644 2256 704 2278 vas
729 2246 950 2288 quodcunque
973 2249 1032 2279 aut
1053 2256 1191 2278 uxorem
1213 2242 1424 2286 virginemve
1447 2247 1507 2277 aut
1527 2242 1644 2277 adole-

225 2293 374 2323 scentem
396 2287 594 2322 incolumem
615 2292 651 2321 et
666 2289 775 2333 stupri
799 2295 970 2332 expertem
987 2290 1128 2334 reliquit
1139 2316 1148 2332 ,
1171 2287 1399 2322 innocentium
1415 2287 1536 2331 poenis
1552 2287 1644 2321 Pha-

225 2334 331 2377 larin,
365 2333 534 2378 hospitum
560 2334 720 2368 caedibus
737 2335 887 2378 Busirin,
913 2334 1144 2379 voluptatibus
1167 2339 1203 2367 et
1222 2333 1356 2367 luxuria
1378 2331 1643 2377 Sardanapalum

224 2379 393 2412 referens.

314 2423 371 2458 59.
416 2423 529 2466 Atque
550 2422 677 2456 utinam
700 2422 753 2455 his
777 2427 965 2465 contentus,
990 2435 1100 2468 neque
1123 2427 1156 2456 et
1178 2445 1188 2456 .
1203 2445 1214 2456 .
1228 2445 1238 2455 .
1263 2425 1299 2455 et
1315 2425 1482 2455 terrorum
1502 2419 1644 2464 tragicis

225 2467 388 2502 maiorum
410 2467 542 2501 civibus
559 2473 678 2501 auctor
698 2468 840 2502 fuisset!
875 2468 1016 2512 plurima
1037 2468 1171 2512 quidem
1192 2466 1265 2500 eius
1288 2466 1442 2499 facinora
1463 2477 1545 2499 sane
1563 2466 1645 2498 hor-

225 2525 286 2547 reo
311 2513 463 2546 referre:
486 2511 660 2546 innumera
683 2517 794 2546 autem
817 2519 914 2556 sunt,
938 2519 975 2546 ut
992 2513 1047 2546 vel
1070 2513 1112 2546 iis
1136 2512 1216 2546 solis
1238 2511 1382 2544 maxima
1399 2509 1570 2544 volumina
1590 2509 1643 2542 lu-

225 2558 349 2602 gubria
367 2557 540 2591 conficias.
585 2568 684 2590 unum
712 2557 876 2600 tragicum
908 2557 980 2590 eius
1012 2557 1142 2590 facinus
1164 2556 1328 2600 pecmniae
1351 2567 1452 2589 causa
1477 2559 1644 2599 patratum

226 2603 284 2637 hic
308 2603 499 2647 depingam.
545 2602 725 2636 Petronius
744 2602 878 2646 quidam
895 2602 1168 2646 philadelphiae,
1204 2602 1240 2634 in
1267 2600 1370 2634 >atria
1387 2611 1482 2643 mea,
1510 2598 1643 2632 habita—

226 2648 302 2691 bat,
332 2649 387 2681 vir
407 2649 587 2680 honoratus
610 2652 644 2679 et
659 2658 785 2690 genere
806 2646 1022 2680 facultatibus
1047 2647 1223 2689 literisque
1248 2657 1266 2678 c
1279 2656 1370 2678 arus.
1415 2644 1472 2677 hic
1494 2655 1516 2676 a
1537 2643 1643 2677 maio-

226 2692 321 2726 ribus
344 2704 490 2736 gemmas
514 2691 631 2726 multas
654 2692 869 2735 possidebat,
904 2691 1002 2725 simul
1026 2697 1060 2725 et
1081 2690 1331 2735 pulchritudine
1356 2693 1391 2722 et
1414 2687 1643 2732 magnitudine

214 2738 427 2782 conspicuus
451 2735 666 2771 multitudini.
714 2748 812 2779 quem
835 2749 907 2771 cum
930 2736 1100 2780 rapuisset
1118 2735 1268 2780 Cyclops
1290 2734 1484 2777 catenisque
1505 2742 1641 2766 oneras-

226 2787 304 2827 set,
328 2783 450 2817 nudum
468 2781 575 2826 virgis
597 2793 659 2826 per
677 2782 839 2817 barbaros
860 2781 1044 2817 crudeliter
1065 2780 1246 2825 laceravit,
1271 2778 1433 2815 mulorum
1453 2777 1490 2812 iu
1510 2775 1642 2811 stabulo
