1748 3210
611 193 650 202 -a,

228 213 319 259 110
739 211 955 257 IOANNIS
986 210 1116 255 LYDI

223 321 490 381 ἅρσενὸθηλυς
508 323 584 366 ὕπὸ
599 321 793 378 Ἑλλήνων
803 355 817 375 ‚
851 321 1121 379 ἀγνοησάντων
1142 322 1290 366 ἐκείνων
1310 323 1380 378 τὴν
1394 326 1480 382 περὶ
1502 324 1620 369 αὐτὸν

224 393 481 447 φιλοσοφίαν,
526 393 591 433 καὶ
621 391 681 440 τίς
707 389 910 444 τετύχηκεν
939 390 1012 432 ὢν·
1054 383 1167 438 οὗτος
1191 387 1266 445 γάρ
1291 391 1370 432 ἐστι
1399 393 1443 434 τὸ
1469 393 1619 448 θερμὸν

223 462 374 510 πνεῦμα
392 458 436 499 τὸ
457 459 499 499 ἐκ
517 456 644 510 πάσης
664 461 813 513 σπορᾶς
833 457 976 506 παντὸς
996 455 1094 514 ζῴου
1115 461 1371 509 πνευματικοῦ
1389 474 1620 512 συγκατατι-

223 525 388 577 θέμενον
418 525 472 572 εἷς
502 525 708 579 ζῳογονίαν
735 525 800 564 καὶ
833 522 993 576 αὔξησιν
1025 521 1178 564 πάντων
1208 525 1285 563 τῶν
1319 523 1358 564 ἓν
1387 528 1443 580 τῷ
1474 524 1621 581 κόσμῳ.

80 608 116 641 p.
141 597 205 633 127
224 589 483 645 μηροτραφὴς
505 590 547 630 δὲ
565 588 735 642 ἐκλήθη,
777 589 856 631 ἐπεὶ
877 590 917 631 ἓν
937 595 1024 638 ταῖς
1042 587 1195 643 μήνιγξι
1217 589 1282 630 καὶ
1301 594 1382 638 τοῖς
1399 588 1524 644 ὄγκοις
1541 595 1653 640 τοῖςό

224 658 396 712 γονίμοις
425 657 490 696 καὶ
521 662 606 703 ταῖς
636 657 760 712 φλεψὶ
786 662 872 704 ταῖς
891 657 930 697 ἓν
947 662 1028 705 τοῖς
1046 661 1186 710 μηροῖς
1205 653 1478 712 ἐγκατῴκισται
1497 654 1522 710 ἦ
1541 647 1632 698 τοι--

225 720 323 775 αὕτη
347 721 460 763 οὐσία
479 721 622 771 παντὸς
641 721 755 779 ζῴου,
788 723 828 771 ἐξ
848 717 894 763 οὗ
912 723 1073 776 συνέστη
1092 721 1142 763 τὰ
1159 719 1298 763 πάντα.
1361 721 1625 777 ἀρρενόθηλυς

227 789 270 829 δὲ
291 789 434 844 ἐρρέθη
457 788 519 829 ‹5tx
543 787 588 829 τὸ
606 788 677 838 τὰς
698 787 972 844 ἅρρενοθήλεις
994 787 1144 844 σπορὰς
1161 789 1336 841 γίνεσθαι
1359 786 1444 838 δύο,
1473 788 1625 842 ἄρσενι-

227 853 298 907 κήν
319 871 359 895 τε
381 856 445 895 καὶ
465 854 643 908 θηλυκὴν
660 853 801 911 φύσιν,
843 857 908 896 καὶ
936 855 1005 896 οὐκ
1034 853 1136 895 ἔστιν
1165 854 1294 909 ἕτερον
1321 853 1395 910 ἀφ’
1425 852 1555 909 ἑτέρου
1581 853 1625 896 τὸ

228 919 441 973 δυνάμενον
458 925 649 974 γεννῆσαι,
683 923 716 962 εἲ
736 922 791 974 μὴ
814 919 913 974 ὁμοῦ
932 921 1085 962 ἔλθοιεν
1106 922 1169 961 καὶ
1195 919 1458 975 ζῳογονήσωσι
1478 920 1528 962 τὰ
1549 922 1627 976 ζῷα
1639 926 1680 960 10

225 987 276 1028 τὰ
295 985 370 1028 ὑπὸ
387 985 526 1028 τούτου
546 987 914 1043 δεδημιουργημένα.
981 985 1228 1028 ἀναλύεσθαί
1253 1003 1293 1028 τε
1325 986 1443 1028 αὐτὸν
1470 984 1630 1039 ὑπειλή-

229 1069 328 1109 φασι
350 1055 413 1094 καὶ
437 1052 552 1093 πάλιν
572 1058 797 1107 γεννᾶσθαι,
831 1054 910 1094 ἐπεὶ
925 1055 987 1095 καὶ
1001 1053 1050 1095 τὰ
1064 1054 1104 1102 ἐξ
1118 1053 1238 1093 αὐτοῦ
1253 1051 1468 1107 γεννώμενα
1490 1050 1632 1106 ὁμοίως

228 1119 479 1168 ἀνεκλείπτως
496 1121 714 1160 δαπανᾶται
735 1122 799 1160 καὶ
819 1119 934 1160 πάλιν
953 1121 1204 1175 ζωογονεῖται.

360 1185 438 1228 96.
503 1185 594 1234 τοὺς
622 1186 832 1240 κεραυνοὺς
862 1186 898 1226 οἳ
929 1184 1142 1241 φιλόσοφοί
1171 1201 1269 1240 φασι
1294 1184 1496 1238 γενέσθαι,
1538 1181 1631 1225 ὅταν

229 1251 338 1306 ῥῆξις
357 1254 486 1306 νεφῶν
504 1251 677 1304 γένηται·
710 1255 781 1304 τῆς
810 1252 885 1304 γὰρ
913 1251 1193 1305 παρακειμένης
1222 1250 1352 1299 αὐτοῖς
1374 1249 1542 1304 γεώδους
1561 1249 1629 1291 οὗ·
1643 1253 1684 1288 15

230 1318 320 1364 σίας
339 1317 599 1371 ἕξαφθείσης,
640 1316 684 1358 τὸ
717 1318 889 1372 ἐξαφθὲν
919 1315 994 1357 ὑπὸ
1024 1321 1094 1370 τῆς
1127 1316 1240 1372 ῥιπῆς
1269 1316 1330 1356 ἰπὶ
1350 1316 1420 1368 τὴν
1445 1320 1516 1370 γῆν
1534 1315 1634 1368 μετὰ

231 1381 358 1438 ῥοίζου
382 1382 562 1438 φέρεται,
590 1385 654 1423 καὶ
675 1382 723 1423 ἂν
741 1383 812 1436 μὲν
831 1382 933 1438 ὑγρὰ
952 1382 1129 1437 τυγχάνει
1151 1382 1245 1423 ὄντα
1263 1381 1312 1423 τὰ
1328 1381 1426 1437 νέφη
1437 1413 1450 1432 ,
1483 1380 1567 1434 ἅμα
1586 1386 1634 1438 τῇ

231 1453 442 1506 καταφορᾷ
463 1449 688 1500 σβέννυται,
732 1451 765 1490 εἰ
783 1450 824 1490 δὲ
843 1449 1101 1503 γεωδέστερα,
1143 1450 1356 1504 πυροειδεΐς
1376 1449 1635 1501 ἓκθλίβονται.

231 1513 303 1555 δύο
327 1516 370 1556 δὲ
394 1515 475 1567 εἴδη
499 1521 694 1571 κεραυνῶν
715 1514 814 1556 εἶναι’
829 1531 970 1572 φασιν,
1016 1510 1069 1556 ὧν
1090 1513 1110 1556 ὅ
1130 1516 1201 1567 μὲν
1228 1514 1318 1563 ὀξὺς
1340 1517 1403 1554 καὶ
1424 1514 1548 1567 μανὸς
1571 1515 1636 1554 καὶ

231 1578 421 1635 διάπυρος
441 1580 562 1635 ἀργὴς
583 1579 831 1634 ὀνομάζεται,
877 1580 897 1622 ὅ
920 1583 962 1623 δὲ
976 1581 1128 1636 βραδὺς
1147 1582 1211 1622 καὶ
1231 1579 1435 1634 καπνώδης
1451 1578 1688 1633 meldens-'20

233 1647 299 1688 καὶ
332 1645 352 1687 ὅ
380 1647 452 1700 μὲν
481 1647 546 1688 διὰ
576 1647 647 1700 τὴν
676 1646 909 1701 λεπτότητα,
956 1650 1022 1690 καὶ
1042 1648 1131 1703 πρὶν
1151 1648 1393 1704 ἐκπυρῶσαι,
1426 1644 1637 1703 φερόμενος

321 1782 365 1816 10
385 1780 644 1827 ζωογονήσουσι
664 1783 762 1819 libri:
785 1782 928 1818 mutavit
947 1783 1152 1818 Roetherus.

232 1915 325 1938 more
361 1904 531 1947 nutritus)
571 1907 605 1937 et
643 1901 888 1947 ἄρσενόθηλυς
928 1905 975 1947 (ι
1000 1917 1032 1938 e.
1065 1904 1229 1938 masculus
1259 1904 1354 1937 simul
1382 1908 1416 1938 et
1447 1904 1637 1946 femineus)

232 1953 372 1982 vocatus
401 1955 454 1982 est
480 1961 500 1982 a
531 1949 693 1991 Graecis,
713 1949 959 2001 ignorantibus
990 1950 1054 1982 illis
1075 1951 1118 1983 de
1139 1961 1179 1982 eo
1208 1949 1472 2002 philosophiam,
1504 1955 1540 1982 et
1561 1949 1637 1992 quis

232 1993 358 2026 fuerit:
394 1994 449 2026 hic
479 1993 565 2026 euim
591 1998 644 2026 est
670 1993 808 2037 spiritus
839 1994 984 2036 calidus,
1015 1994 1073 2037 qui
1094 2005 1136 2027 ex
1158 1994 1247 2026 omni
1268 1993 1501 2045 procreatione
1524 1994 1636 2026 cuius-

233 2048 299 2080 que
331 2037 507 2071 animantIS
545 2037 667 2080 spiritu
702 2038 847 2081 praediti
878 2039 1087 2082 componitur
1122 2039 1164 2071 ad
1196 2037 1445 2091 generationem
1465 2043 1567 2081 atque
1585 2037 1637 2069 in-

233 2087 437 2114 crementum
460 2081 603 2114 omnium
632 2092 717 2124 quae
746 2082 781 2114 in
813 2084 934 2116 mundo
967 2088 1056 2115 sunt.
1101 2080 1333 2124 μηροτροιφής
1361 2087 1471 2115 autem
1497 2086 1638 2114 vocatus

234 2130 298 2167 est,
322 2125 590 2168 quandoquidem
611 2125 645 2157 in
664 2126 862 2159 membranis
882 2132 917 2159 et
933 2127 967 2159 in
989 2126 1118 2169 angulis
1140 2126 1341 2169 genitalibus
1364 2131 1398 2159 et
1419 2126 1527 2168 venis,
1552 2136 1638 2169 quae

230 2169 268 2202 in
290 2169 472 2202 femoribus
491 2175 590 2211 sunt,
623 2169 789 2203 inhabitat
807 2171 969 2203 eiusmodi
990 2171 1137 2204 essentia
1159 2170 1264 2203 omnis
1282 2170 1477 2213 animantis,
1507 2181 1549 2203 ex
1573 2180 1638 2213 quo

232 2218 388 2247 constant
409 2213 581 2246 universa.
581 2195 851 2256 οἷρρενόθηλυς
869 2219 979 2247 autem
996 2215 1106 2248 dictus
1125 2220 1188 2257 est,
1213 2214 1368 2258 quoniam
1391 2215 1480 2248 fetus
1503 2213 1639 2246 masculi

232 2257 329 2291 simul
347 2263 382 2290 et
399 2257 537 2292 feminei
554 2258 638 2290 flunt
662 2259 748 2300 duo,
779 2259 924 2291 mascula
949 2271 988 2292 ac
1007 2260 1153 2292 feminea
1175 2266 1309 2301 natura,
1341 2270 1403 2292 nec
1426 2264 1479 2292 est
1500 2258 1639 2291 alterum

233 2303 276 2335 ab
308 2301 413 2335 altero
445 2302 534 2345 quod
565 2301 675 2345 possit
696 2302 858 2345 gignere,
892 2303 957 2335 uisi
978 2303 1121 2336 coierint
1141 2310 1176 2336 et
1198 2303 1438 2355 progenuerint
1459 2302 1640 2335 animantia

233 2347 277 2379 ab
300 2346 364 2379 hoc
386 2352 511 2379 creata.
558 2351 593 2378 et
613 2346 739 2378 resolvi
766 2357 837 2379 eum
863 2352 1065 2380 censuerunt
1088 2353 1122 2380 et
1143 2358 1258 2382 rursus
1282 2347 1394 2388 nasci,
1419 2345 1638 2398 quandoqui-

234 2391 311 2423 dem
342 2394 377 2423 et
407 2401 448 2422 ea
481 2401 567 2433 quae
599 2401 641 2422 ex
662 2389 718 2422 illo
741 2396 942 2434 nascuntur,
975 2391 1130 2426 similiter
1152 2391 1225 2424 sine
1248 2390 1494 2424 intermissione
1518 2401 1639 2423 consu-

234 2438 368 2468 muntur
390 2439 425 2467 et
439 2445 555 2467 rursus
575 2439 790 2477 generantur.

322 2479 378 2513 96.
423 2478 577 2512 Fulmina
594 2478 786 2522 philosophi
811 2477 957 2511 existere
978 2478 1112 2522 dicunt,
1144 2489 1216 2512 cum
1237 2478 1486 2522 disrumpuntur
1514 2479 1640 2512 nubes.

235 2522 424 2557 substantia
447 2522 533 2555 enim
554 2527 702 2564 terrena,
726 2533 811 2566 quae
828 2523 871 2555 iis
889 2523 1036 2556 admixta
1054 2529 1125 2565 est,
1148 2523 1297 2566 incensa,
1321 2535 1362 2557 ea
1382 2534 1461 2566 pars
1481 2533 1568 2566 quae
1586 2522 1639 2555 in,

235 2578 337 2600 censa
360 2572 413 2599 est
436 2567 561 2611 impetu
583 2578 643 2600 suo
674 2567 709 2599 in
733 2573 858 2600 terram
884 2578 956 2599 cum
984 2567 1128 2618 strepitu
1154 2567 1318 2600 defertur.
1372 2573 1490 2619 atque
1498 2567 1527 2599 si
1551 2567 1641 2600 forte

234 2611 389 2644 humidae
411 2613 517 2644 nubes
539 2616 628 2653 sunt,
651 2610 686 2643 in
709 2610 783 2654 ipso
807 2621 887 2643 casu
912 2611 1180 2654 exstinguuntur,
1213 2611 1266 2644 sin
1291 2622 1372 2644 vero
1403 2610 1509 2654 magis
1529 2615 1639 2644 terre-

234 2667 311 2698 nae,
335 2655 456 2698 igneae
475 2655 654 2688 eliduntur.
700 2656 766 2687 duo
787 2661 896 2688 autem
919 2655 1091 2688 fulminum
1113 2666 1260 2708 genera
1255 2667 1330 2688 esse
1347 2655 1479 2697 dicunt,
1501 2665 1638 2698 quorum

235 2699 387 2743 alterum,
407 2711 484 2733 acre
505 2705 540 2733 et
557 2711 669 2732 rarum
689 2705 791 2743 atque
812 2699 957 2742 igneum,
979 2710 1151 2739 κεραυνος
1170 2697 1280 2742 αργής
1303 2700 1343 2740 (ἰ.
1364 2711 1395 2732 e.
1415 2698 1538 2732 fulmen
1559 2709 1639 2731 can-

235 2743 364 2786 didum)
392 2749 552 2786 vocatur,
576 2743 734 2786 alterum,
759 2743 883 2777 lentum
906 2749 941 2776 et
961 2744 1142 2785 fumosum,
1167 2742 1341 2784 κεραυνὸς
1362 2745 1509 2786 apol-oete
1530 2741 1578 2784 (i.
1604 2754 1636 2775 e.

235 2787 360 2822 fulmen
377 2770 600 2832 flammeum„
623 2793 659 2823 et
675 2787 816 2822 alterum
839 2792 979 2832 propter
1002 2786 1175 2822 raritatem
1197 2787 1264 2822 iam
1286 2787 1380 2833 prius
1403 2798 1501 2832 quam
1522 2786 1637 2821 incen-
