1748 3210
693 190 768 233 DE
802 189 1088 234 OSTENTIS.
1522 196 1548 239 3
1561 195 1619 241 19

309 301 370 360 ιγ’.
407 305 442 347 εἲ
457 301 660 361 βροντήσῃ
669 337 682 357 ,
707 306 895 364 ε’πικερδῆ
910 307 984 360 μὲν
1004 306 1073 349 τὸν
1090 305 1228 363 καιρὸν
1245 306 1424 367 lom-mciv
1443 309 1486 350 δὲ
1505 308 1616 351 ἀπει-

171 378 250 426 λεῖ,
283 374 412 427 ἵλμισι
433 375 476 415 δὲ
494 375 717 424 ἕντοσθιόις
736 382 858 417 κακοΐ
875 376 925 417 τὰ
945 374 1128 429 σώματα.

303 441 367 484 ιδ’,
403 445 438 484 εἴ
456 441 683 500 βροντήσῃ,
718 441 862 500 ἑρπετὰ
893 451 978 494 τοῖς
1003 441 1244 500 ἀνθρώποις
1267 443 1397 501 ἠρέμα
1427 461 1511 495 πως
1543 449 1615 487 λυ-

166 506 345 567 μῄνεται.
1552 506 1554 508 ’

135 586 158 622 5
303 577 361 620 ιε’.
406 579 440 619 εἴ
461 576 687 634 βροντῆσῃ,
718 577 739 620 ὁ
770 579 843 632 μὲν
873 579 995 633 ἰχθὺς
1017 577 1310 636 ἀφθονώτατος
1319 612 1333 633 ,
1368 577 1550 634 λοιμώξει
1572 581 1616 622 δὲ

163 645 216 687 τὰ
235 645 381 702 ἔνυδρα
399 648 550 702 θηρία,
585 649 651 689 καὶ
667 647 719 689 τὰ
736 647 852 689 ικοινοὶ
871 650 996 703 δῆθεν
1014 650 1217 691 καλλίονα.

300 713 362 765 ις’.
399 716 432 756 εἰ
449 713 652 772 βροντήσῃ
662 747 675 766 ,
705 715 863 773 ἀκρίδες
882 719 947 758 καὶ
968 720 1083 771 μυῶν
1103 717 1333 775 ιἀρουραίων
1355 716 1523 774 γένεσις,
1558 722 1616 775 τῷ

165 782 210 825 δὲ
228 787 393 837 βασιλεῖ’
405 784 608 834 κίνδυνος,
642 786 709 825 καὶ
721 785 840 826 ’σίτου
863 785 1044 840 ἀφθονία
1064 785 1189 829 ἔσται,

298 850 361 904 ιζ’.
397 853 431 892 εἲ
449 850 652 908 βροντήσῃ
662 883 676 902 ,
705 851 831 906 νομὴν
851 851 1036 908 ἄφθονον
1055 860 1139 902 τοῖς
1157 851 1314 906 κτήνεσι
1335 855 1460 907 δηλοῖ.

108 925 152 960 10
299 917 366 973 ιη’.
402 921 436 960 εἶ
450 918 654 976 βροντήσῃ
665 952 677 970 ,
707 919 878 973 πόλεμον
897 922 1088 974 ὃηλοῒκαὶ
1103 927 1186 970 τοῖς
1199 921 1461 978 ἀστειοτέροις
1472 918 1614 971 λύπας.

296 985 370 1029 ιθ’.
406 989 440 1028 εἷ
455 985 671 1043 βροντήσῃ,
705 991 901 1042 γυναικῶν
918 988 1148 1044 εὐπραγίας.

295 1053 345 1097 κ’.
397 1057 432 1096 εἰ
446 1053 670 1111 βροντήσῃ,
700 1055 815 1109 λιμὸν
834 1056 881 1098 οὗ
902 1057 1059 1113 μακρὸν
1078 1059 1205 1111 δηλοῖ.

293 1119 370 1165 κα’.
406 1125 440 1164 εἷ
455 1122 659 1180 βροντήσῃ
669 1156 681 1174 ,
722 1124 760 1166 οἳ
776 1123 875 1178 μύες
893 1123 1191 1181 φθαρήσονται,
1228 1124 1396 1182 εῧθηνιά
1416 1127 1460 1169 δὲ
1480 1125 1526 1168 οὗ
1548 1127 1609 1169 σι’-

157 1206 230 1233 του
247 1189 372 1245 μόνον
393 1190 498 1232 ἀλλὰ
518 1193 584 1233 καὶ
606 1195 752 1246 νομῆς,
787 1195 853 1234 καὶ
876 1192 1030 1246 ἰχθύων
1046 1198 1217 1248 πλῆθος.

104 1267 148 1304 15
294 1257 372 1312 κβ’.
407 1261 442 1300 εἰ
456 1257 673 1314 βροντήσῃ,
709 1260 912 1316 εὐετηρίαν
935 1262 1062 1314 δηλοῖ.

291 1324 366 1382 κγ’.
400 1327 435 1368 εἲ
452 1325 677 1382 βροντήσῃ,
708 1326 854 1381 ἄνεμος
874 1327 1055 1383 νοσώδης
1075 1326 1245 1372 πνεύσει.

290 1393 364 1436 κδ’.
399 1396 434 1436 εἶ
450 1393 655 1453 βροντήσῃ
664 1427 678 1447 ‚
714 1394 908 1453 φρούριον
930 1401 982 1454 τῇ
1004 1401 1180 1458 πολιτείᾳ
1196 1396 1373 1455 χρηστὸν
1391 1394 1470 1439 ὕπὸ
1490 1400 1607 1439 πολε-

152 1462 260 1515 μίοις
280 1463 438 1505 τελέσει.

288 1529 356 1573 κε’.
392 1532 426 1573 εἴ
441 1528 667 1588 βροντῆσῃ,
692 1530 865 1586 πόλεμος
881 1533 1125 1584 ἐπικίνδυνος
1141 1532 1266 1576 ἔσται.

98 1611 145 1647 20
286 1597 360 1650 κς’.
394 1601 429 1642 εἲ
449 1598 653 1659 βροντήσῃ
662 1632 676 1653 ‚
719 1599 892 1655 πόλεμον
935 1602 1129 1659 ἐμφύλιον
1159 1604 1226 1644 καὶ
1256 1605 1406 1644 πτῶσιν
1450 1604 1606 1642 πολλῶν

152 1666 292 1721 δηλοΐζ

284 1732 355 1786 κζ’.
389 1736 424 1777 εἴ
440 1733 667 1793 βροντῆσῃ,
702 1736 753 1779 τὰ
775 1736 879 1779 αὐτὰ
903 1735 1065 1780 ἀπειλεῖ.

283 1801 359 1857 κη’.
393 1805 428 1846 εἰ
450 1803 653 1863 βροντήσῃ
665 1837 679 1857 ‚
711 1809 782 1861 τῆς
814 1804 1036 1862 συγκλήτου
1070 1806 1210 1850 πολλοὶ
1241 1803 1403 1865 ἀθυμία
1435 1802 1603 1860 φθαρή·

148 1885 299 1913 σονται.

238 2023 263 2058 2
283 2019 383 2066 κοίμα
403 2023 511 2068 Rutg.
612 2025 636 2061 7
655 2021 817 2070 ἀκρίδων
839 2026 948 2071 Rutg.
1048 2027 1072 2062 9
1094 2023 1212 2071 τομὴν
1229 2026 1336 2071 Rutg.
1432 2026 1474 2061 17
1496 2024 1603 2060 nol-§-
1660 1999 1664 2003 -

145 2204 246 2250 plura
262 2203 458 2241 hominibus
479 2205 701 2240 obiicientur.
795 2206 851 2242 13.
874 2206 905 2242 si
924 2210 1043 2253 tonat,
1067 2211 1201 2252 tempus
1219 2206 1408 2242 lucrificum
1427 2207 1490 2242 sed
1508 2219 1600 2243 mor-

145 2251 263 2285 bidum
287 2252 456 2295 minatur,
479 2251 654 2285 lumbricis
676 2251 866 2287 interaneis
891 2265 1038 2299 corpora
1059 2265 1202 2287 vexans.
1297 2253 1351 2288 14.
1383 2253 1414 2287 si
1438 2254 1602 2297 tonuerit,

144 2296 286 2341 reptilia
304 2297 514 2342 aliquantum
533 2297 726 2331 hominibus
747 2299 933 2333 nocebunt.
1027 2300 1086 2335 15.
1116 2299 1147 2333 si
1170 2300 1324 2334 tonuerit
1337 2326 1346 2343 ‚
1378 2299 1523 2343 piscium
1546 2299 1598 2332 in-

144 2354 230 2387 gens
266 2343 388 2388 copia,
420 2344 484 2377 sed
511 2343 567 2377 lue
592 2343 798 2377 laborabunt
829 2345 963 2380 bestiae
989 2344 1172 2391 aquatiles.
1218 2345 1271 2378 rei
1299 2345 1460 2389 publicae
1489 2350 1600 2379 status

146 2389 368 2423 commodior.
463 2390 518 2424 16.
543 2388 574 2423 si
597 2389 771 2433 tonuerit,
795 2390 949 2425 locustae
973 2397 1010 2426 et
1031 2391 1175 2425 murium
1194 2390 1382 2434 agrestium
1403 2391 1597 2434 generatio.

145 2433 295 2479 principi
312 2434 522 2480 periculum,
553 2435 718 2469 frumenti
740 2435 841 2480 copia
864 2437 946 2471 erit.
1040 2438 1095 2471 17.
1120 2436 1151 2470 si
1168 2440 1285 2479 tonat,
1309 2436 1468 2480 pabulum
1487 2437 1599 2470 abun-

145 2478 230 2514 dans
253 2481 443 2524 pecudibus
465 2481 659 2515 annuntiat.
754 2483 810 2517 18.
835 2481 866 2515 si
887 2485 1002 2526 tonat,
1027 2481 1152 2516 bellum
1175 2482 1329 2516 declarat
1352 2487 1388 2515 et
1405 2481 1599 2526 aegritudi—

145 2535 208 2558 ne·
231 2527 385 2561 urbanis.
479 2527 534 2561 19.
557 2527 588 2561 si
605 2527 778 2571 tonuerit,
802 2527 980 2562 mulierum
998 2527 1263 2574 prosperitates,
1356 2528 1412 2561 20.
1438 2528 1468 2561 si
1486 2532 1596 2572 tonat,

143 2571 268 2604 famem
297 2583 367 2606 non
396 2572 591 2607 diuturnam
622 2573 788 2607 declarat.
893 2574 951 2608 21.
983 2573 1014 2607 si
1040 2574 1212 2617 tonuerit,
1243 2584 1357 2608 mures
1386 2573 1597 2615 interibunt3

143 2616 352 2651 abundantia
379 2629 448 2652 non
472 2619 637 2653 frumenti
665 2619 774 2653 solum
808 2620 870 2654 sed
903 2619 1023 2664 pabuli
1048 2630 1205 2664 quoque,
1240 2624 1275 2653 et
1306 2618 1406 2664 copia
1435 2619 1595 2664 piscium.

142 2663 202 2696 22.
228 2661 260 2696 si
279 2666 398 2708 tonat,
420 2675 544 2698 annum
563 2665 699 2699 felicem
718 2665 884 2700 declarat.
975 2666 1034 2700 23.
1069 2665 1099 2698 si
1123 2665 1295 2708 tonuerit,
1320 2670 1446 2699 ventus
1467 2665 1597 2699 morbi-

142 2707 207 2741 dus
230 2707 343 2743 flabit.
435 2709 492 2744 24.
515 2710 546 2743 si
568 2712 739 2756 tonuerit,
763 2716 910 2745 castrum
928 2711 981 2745 rei
999 2710 1159 2766 publicae
1182 2716 1410 2756 opportunum
1434 2711 1470 2745 in
1493 2717 1595 2756 pote-

142 2756 267 2789 statem
305 2753 452 2788 hostium
479 2756 623 2791 1veniet.
714 2757 773 2793 25.
812 2757 844 2791 si
877 2761 1049 2800 tonuerit,
1087 2757 1213 2791 bellum
1250 2757 1480 2802 periculosum
1514 2756 1594 2791 erit.

140 2799 200 2833 26.
227 2799 260 2833 si
281 2803 398 2844 tonat,
429 2800 551 2835 bellum
574 2802 678 2838 civile
708 2803 958 2848 multorumque
980 2804 1121 2838 caedem
1143 2802 1310 2837 declarat.
1401 2804 1460 2838 27.
1485 2803 1515 2837 si
1537 2809 1594 2836 to-

142 2849 222 2890 nat,
246 2846 365 2881 eadem
386 2845 446 2883 illa
465 2847 654 2884 minitatur.
746 2850 804 2885 28.
829 2849 860 2884 si
877 2850 1052 2895 tonuerit,
1076 2861 1200 2895 magna
1218 2861 1298 2895 pars
1316 2849 1516 2896 amplissimi
1534 2861 1592 2884 or—
1648 2860 1652 2863 ·
