1748 3210
185 200 278 245 218
705 203 922 247 IOANNIS
954 205 1086 248 LYDI

180 303 293 369 τερον
313 310 480 366 τούτων,
528 313 571 356 ὃν
593 311 737 370 τρόπον
757 317 822 357 καὶ
847 319 926 357 τῶν
951 314 1101 367 ἄλλων,
1149 316 1395 373 ἀπολομένων
1415 318 1593 376 παραπέ-

179 383 311 422 λαυσα
331 383 395 422 καὶ
417 381 535 429 αὐτὸς
554 381 628 434 ἐγὼ
646 385 715 434 τῆς
734 383 1038 435 κακοδαιμονίας
1059 387 1129 424 τοῦ
1150 384 1316 440 χρόνου,
1349 386 1593 440 καταντήσας

178 449 234 496 εἷς
254 447 298 488 τὸ
317 449 438 503 πέρας
457 452 535 488 τῶν
552 451 622 500 τῆς
643 450 847 502 στρατείας
867 454 1040 503 βαθμῶν
1064 451 1186 504 μηδὲν
1214 453 1322 507 παρὰ
1345 454 1416 507 τὴν
1440 470 1592 510 προση-

175 516 313 569 γορίαν
332 512 584 566 κτησάμενος.
651 517 716 555 καὶ
733 514 918 573 μάρτυρα
949 518 1020 570 τὴν
1052 519 1161 571 δίκην
1183 516 1389 571 ἀληθεύων
1409 521 1478 562 οὔκ
1501 522 1591 576 ε’ρυ-

176 584 283 634 θριῶ
305 579 627 632 ἐπικαλούμενος·
672 582 744 631 ἕως
775 581 859 632 ἑνὸς
889 583 1034 636 ὀβολοῦ
1063 584 1135 625 οὐκ
1165 584 1241 625 ἀπὸ
1275 589 1346 626 τοῦ
1376 589 1624 642 wolstanus-‚5

177 646 250 686 οὐκ
271 646 347 686 ἀπὸ
375 651 454 688 τῶν
473 648 687 701 λεγομένων
707 652 1003 703 κομπλευσίμων
1026 649 1113 691 οἶδα
1137 649 1407 704 κομισάμενος.
1469 651 1595 695 πόθεν

175 713 253 768 γὰρ
275 712 435 765 ἔμελλον
453 714 679 767 λαμβάνειν,
714 722 784 770 τῆς
803 718 875 769 μὲν
896 718 1062 772 ἀρχαίας
1083 720 1295 771 συνηθείας
1315 717 1478 772 ἐχούσης
1497 717 1594 761 ἔπτὰ

177 781 243 821 καὶ
271 778 480 834 τριάκοντα
506 783 718 837 χρυσίνους
743 784 988 838 παρέχεσθαι
1017 789 1066 840 τῇ
1095 783 1200 834 τάξει
1229 783 1325 841 ὑπὲρ
1355 789 1597 841 μονομεροῦς

175 845 380 896 ἐντεύξεως
398 847 497 903 πρὸς
513 853 591 889 τῶν
613 847 792 891 ὁπωσοῦν
811 849 1094 903 εἰσβαλλόντων
1123 853 1163 893 ἓν
1190 859 1272 901 τοῖς
1292 850 1378 894 τότε
1404 854 1598 907 μεγίστοις

175 915 462 968 δικαστηρίοις,
495 915 540 956 τὸ
563 916 606 956 δὲ
634 917 770 958 λοιπὸν
794 921 946 970 χαλκοῦ’
973 916 1099 973 κάρτα
1126 921 1285 975 μετριόυ
1317 919 1381 968 (οὐ
1400 918 1476 975 γὰρ
1493 936 1593 975 χρυ·
1607 925 1650 960 10

175 981 297 1034 σίου),
333 979 462 1037 ὥσπερ
485 983 539 1030 εἷς
557 980 707 1034 ἔλαιον,
741 985 905 1039 οἰκτρῶς
924 986 989 1026 καὶ
1010 985 1101 1026 οὐδὲ
1117 991 1286 1038 συνεχῶς
1304 986 1596 1039 ἔπιδιδομίνους

173 1046 200 1098 ἢ
223 1046 329 1096 ὅπως
352 1045 373 1088 ὃ
395 1050 563 1104 πρίγκιψ
583 1050 682 1105 πρὸς
700 1050 751 1092 τὰ
777 1049 899 1092 πάλαι
928 1050 1115 1104 διδόμενα
1144 1053 1247 1108 παρ’
1276 1053 1398 1094 αὐτοῦ
1419 1057 1476 1109 τῷ
1496 1053 1598 1094 κατὰ

173 1114 313 1169 καιρὸν
342 1118 646 1171 κορνικουλαρίῳ
677 1122 915 1167 συνωθεῖτο,
953 1119 1054 1171 μηδὲ
1085 1121 1138 1167 εἷς
1166 1118 1324 1172 μνήμην
1352 1122 1476 1172 ψιλῆς
1503 1123 1597 1173 γοῦν

173 1183 441 1235 προσηγορίας
470 1180 782 1236 ἀναφερόμενος,
825 1184 927 1236 μηδὲ
956 1191 1134 1239 παρεῖναι
1161 1185 1205 1225 τὸ
1234 1185 1368 1226 λοιπὸν
1395 1184 1599 1238 ὖπομένων

173 1251 232 1302 τῷ
256 1249 492 1304 δικαστηρίῳ
514 1248 671 1296 οὐδενὸς
698 1250 825 1290 οὐδενὶ
851 1251 890 1290 ἓν
911 1254 1065 1306 βαθμῷ
1084 1252 1413 1304 στρατευομένου;
1444 1252 1530 1304 ἐμοὶ
1553 1253 1595 1294 δὲ
1608 1256 1650 1291 15

139 1323 151 1332 ²
174 1314 382 1365 μεταμέλει
402 1314 502 1371 ὀψίᾳ
527 1319 598 1355 τοῦ
619 1320 759 1370 καιροῦ
775 1315 819 1357 τὸ
838 1319 1035 1372 προσῆκον
1054 1316 1374 1373 ἀναλογιζομένῳ,
1397 1318 1482 1359 ἀντὶ
1497 1320 1600 1368 τίνος

173 1384 363 1421 τοσοῦτον
391 1379 669 1436 προσήδρευσα
694 1380 840 1438 χρόνον
870 1387 927 1439 τῷ
962 1385 1224 1440 δικαστηρίῳ,
1256 1384 1379 1437 μηδὲν
1408 1385 1449 1433 ἐξ
1477 1385 1601 1425 αὗτοῦ

173 1446 274 1502 πρὸς
291 1448 535 1503 παραψυχὴν
556 1447 771 1505 εῧραμὲνῳ.
837 1451 902 1490 καὶ
934 1451 1094 1499 δικαίως
1119 1450 1244 1492 ταῦτά
1265 1467 1334 1503 μοι
1357 1451 1602 1504 συμβέβηκεν

175 1516 231 1563 εἷς
255 1512 403 1567 ταύτην
428 1514 639 1567 ἐμβαλόντι
668 1516 739 1568 τὴν
762 1518 1014 1571 λειτουργίαν.
1083 1516 1182 1558 ὥστε
1198 1517 1371 1570 χαλεπὸν
1395 1518 1510 1559 οὐδὲν
1528 1518 1601 1572 τὴν

173 1581 217 1621 ἓκ
235 1583 450 1636 προοιμίων
468 1582 531 1622 ἐπ’
554 1583 639 1634 ἐμοὶ
663 1584 834 1623 διελθεῖν
853 1582 945 1638 ἄχρι
965 1585 1079 1624 τοῦδε
1101 1588 1158 1639 τῷ
1176 1583 1277 1640 λόγῳ
1299 1582 1487 1638 διήγησιν.
1608 1588 1654 1622 20

311 1647 387 1690 26.
446 1648 541 1689 “Eva
560 1650 626 1688 καὶ
645 1649 818 1690 εἰκοστὸν
833 1654 903 1702 τῆς
920 1647 1071 1702 ἡλικίας
1091 1650 1194 1704 ἄγων
1216 1649 1391 1692 ἐνιαυτόν
1400 1682 1414 1701 ,
1443 1652 1506 1692 ἐπὶ
1528 1654 1598 1704 τῆς

175 1716 460 1754 Σεκουνδιανοῦ
478 1713 665 1764 ὑπατείας
673 1746 685 1765 ,
720 1716 762 1756 ἔκ
784 1719 854 1769 τῆς
870 1715 1097 1770 ἐνεγκούσης
1115 1735 1164 1769 με
1191 1719 1501 1773 Φιλαδελφείας,
1529 1722 1601 1770 τῆς

171 1779 250 1822 ὑπὸ
273 1785 330 1838 τῷ
353 1779 510 1839 Τμώλῳ
533 1784 598 1823 καὶ
621 1783 764 1841 Λυδίᾳ
790 1784 965 1836 κειμένης
972 1815 985 1834 ,
1031 1788 1241 1841 παρῆλθον
1273 1787 1327 1833 εἷς
1358 1782 1504 1838 ταύτην
1527 1785 1599 1837 τὴν

261 1897 287 1930 2
309 1893 392 1940 ἐγώ]
417 1893 484 1930 ἔσω
505 1897 621 1942 vulgo.
777 1900 797 1933 8
820 1898 987 1942 χρυσίους
1008 1899 1122 1944 vulgo.
1281 1900 1325 1934 12
1342 1899 1419 1944 lego
1437 1899 1528 1939 πῶς.
1551 1900 1598 1934 F.

263 1942 307 1975 16
327 1938 374 1975 οἷν
397 1953 451 1981 τις
473 1942 515 1975 C.
649 1943 694 1977 23
714 1942 775 1977 καὶ
793 1940 830 1976 ἐν
849 1944 967 1989 Λυδίᾳ
991 1945 1035 1978 F.

168 2040 313 2084 reliqua,
336 2041 560 2084 interiissent,
582 2042 658 2086 ipse
681 2054 817 2087 quoque
834 2043 1020 2076 afflictatus
1038 2054 1122 2086 sum,
1147 2043 1206 2088 qui
1226 2043 1316 2077 intra
1338 2045 1524 2089 temporum
1543 2043 1598 2078 in·

168 2085 368 2119 felicitatem
386 2086 487 2120 finem
508 2087 649 2120 militiae
668 2090 830 2131 graduum
849 2088 1040 2131 attigerim,
1064 2087 1148 2121 nihil
1165 2093 1303 2132 praeter
1321 2101 1442 2123 nomen
1460 2100 1599 2123 assecu-

173 2137 249 2170 tus;
275 2141 385 2174 neque
409 2133 593 2174 erubesco,
626 2144 710 2165 vera
728 2133 865 2175 dicens,
895 2132 1059 2166 iustitiam
1085 2138 1206 2166 testem
1233 2133 1409 2167 invocare=
1432 2135 1476 2168 ad
1497 2145 1600 2167 unum

173 2174 311 2208 obolum
342 2185 452 2218 neque
480 2187 500 2208 a
526 2176 681 2220 principe
702 2189 754 2210 me
772 2188 883 2220 neque
905 2189 925 2211 a
945 2178 1245 2222 completionibus,
1280 2184 1318 2212 ut
1349 2184 1494 2220 vocant,
1527 2178 1600 2212 scio

170 2218 362 2263 accepisse.
409 2220 498 2253 unde
516 2221 604 2253 enim
626 2228 824 2266 accepturus
844 2233 946 2266 eram,
971 2234 1045 2257 cum
1067 2223 1224 2266 antiquus
1245 2234 1316 2257 mos
1337 2223 1460 2258 fuisset
1480 2227 1520 2256 ut
1541 2222 1602 2267 qui

171 2265 220 2298 ad
236 2264 380 2297 maxima
399 2269 470 2298 tum
493 2265 620 2298 iudicia
642 2277 775 2300 causam
806 2266 1071 2311 qualemcunque
1100 2269 1292 2311 deferrent,
1325 2273 1456 2312 septem
1478 2272 1514 2301 et
1534 2267 1600 2301 tri-

172 2309 270 2354 ginta
291 2320 413 2343 aureos
436 2321 498 2353 pro
521 2310 720 2344 unimembri
743 2310 877 2344 actione
901 2312 1015 2345 officio
1035 2314 1260 2357 praeberent,
1294 2318 1415 2357 postea
1434 2323 1517 2346 vero
1540 2322 1600 2345 aes

173 2354 341 2388 modicum
362 2354 536 2388 admodum
561 2355 689 2399 (neque
711 2355 799 2388 enim
822 2358 976 2400 aurum),
1011 2357 1108 2401 quasi
1126 2357 1162 2390 in
1180 2357 1288 2390 oleum
1301 2383 1310 2400 ‚
1330 2357 1474 2400 misere,
1496 2367 1536 2390 ac
1557 2367 1601 2390 ne

174 2410 311 2443 semper
337 2398 473 2443 quidem
498 2400 665 2434 daretur?
700 2405 759 2434 aut
779 2402 945 2445 quomodo
970 2402 1128 2447 princeps
1151 2403 1193 2435 ad
1213 2413 1253 2434 ea
1276 2413 1363 2445 quae
1385 2401 1464 2435 olim
1486 2401 1600 2435 corni-

173 2444 302 2478 culario
333 2444 475 2478 dederat
505 2451 641 2478 coactus
668 2444 810 2487 fuisset,
843 2457 887 2479 ne
918 2446 999 2480 nudi
1026 2446 1159 2491 quidem
1180 2446 1323 2480 nominis
1344 2446 1417 2480 eius
1441 2445 1602 2479 memorie.

173 2488 312 2532 relicta,
349 2499 422 2522 cum
453 2489 573 2524 adesse
601 2501 705 2535 porro
738 2489 775 2523 in
806 2489 932 2524 iudicio
957 2503 1024 2525 non
1046 2491 1283 2534 sustinuisset,
1319 2490 1452 2525 nemine
1474 2489 1541 2523 ullo
1562 2489 1603 2525 in

174 2535 284 2577 gradu
313 2533 490 2568 militante.
536 2546 590 2568 me
617 2545 700 2567 vero
732 2534 903 2578 paenitet,
936 2547 1014 2570 sero
1041 2537 1131 2580 quod
1156 2540 1354 2580 oportuerat
1374 2539 1601 2580 reputantem,

175 2589 245 2622 qua
264 2580 421 2612 mercede
441 2579 570 2613 tamdiu
591 2579 627 2612 in
648 2578 775 2612 iudicio
799 2580 983 2614 assederim
996 2607 1005 2623 ,
1036 2580 1120 2613 nihil
1150 2592 1193 2614 ex
1222 2591 1262 2613 eo
1283 2581 1319 2613 in
1339 2580 1495 2614 solatium
1517 2590 1600 2613 con-

176 2628 348 2664 secutum3
383 2629 419 2657 et
436 2623 511 2658 iure
531 2624 616 2658 haec
632 2623 715 2657 mihi
735 2625 909 2668 contigere
922 2652 931 2667 ,
956 2625 1015 2670 qui
1032 2626 1075 2658 ad
1096 2625 1177 2659 illud
1200 2625 1422 2659 ministerium
1442 2634 1598 2658 accesse-

175 2668 253 2720 rim.
299 2679 405 2712 quare
423 2679 548 2714 operae
569 2669 716 2714 pretium
741 2669 808 2704 erit
828 2680 935 2703 meam
955 2671 998 2704 ab
1018 2669 1116 2704 initio
1143 2671 1187 2703 ad
1211 2671 1316 2704 hocce
1335 2675 1467 2715 ternpus
1490 2668 1598 2703 histo-

176 2723 263 2747 nam
278 2714 454 2758 persequi.

265 2758 322 2792 26.
368 2759 480 2792 Unum
501 2762 538 2793 et
553 2759 750 2793 vicesimum
772 2758 895 2794 aetatis
921 2770 1042 2793 annum
1065 2770 1191 2803 agens,
1214 2758 1430 2793 Secundinno
1449 2755 1597 2799 consule,

178 2813 198 2835 e
216 2801 328 2847 patria
347 2814 435 2846 mea,
457 2803 692 2850 Philadelphia
714 2806 758 2840 ad
779 2804 934 2839 Tmolum
956 2804 992 2840 in
1012 2804 1126 2849 Lydia
1145 2804 1291 2848 iacente,
1315 2804 1352 2839 in
1371 2804 1498 2838 hancce
1513 2803 1597 2836 bea-
