1748 3210
215 167 310 211 392
575 167 723 210 HASII
749 167 1262 212 ANIMADVERSIONES

213 273 262 311 de
289 273 484 312 mensibus
505 286 632 324 neque
651 274 694 310 in
712 274 810 310 libro
832 272 880 310 de
899 274 1185 323 magistratibus
1206 282 1439 314 memoratur
1461 274 1526 313 hio
1550 289 1621 314 au-

213 336 316 377 ctor3
357 343 482 380 neque
519 341 663 364 nomen
698 330 896 378 proprium
933 330 1156 378 Campester
1184 331 1265 366 sive
1293 332 1548 381 Campestrius
1579 333 1621 368 in

211 385 466 421 marmoribus
495 384 642 419 Latinis
672 381 798 419 adhuc
827 384 928 420 notis
960 384 1090 433 legere
1114 386 1288 420 memini.
1343 397 1434 422 nam
1459 388 1622 423 occurrit

212 437 370 490 quidem
397 437 733 474 CAMPESTRIB.
761 439 833 474 EX
860 439 995 476 VOT0
1026 439 1068 475 C.
1097 438 1397 476 SANCTINIVS
1423 441 1467 476 in
1491 440 1622 491 lapide

209 507 329 543 prope
357 492 635 528 Heilbronnam
658 493 700 528 in
727 493 870 530 Suevia
898 499 1024 540 eruto,
1063 491 1111 530 de
1142 506 1218 544 quo
1242 492 1331 531 vide
1361 495 1487 530 Iacob.
1515 496 1622 545 Spon

207 548 422 584 Miscellan.
445 545 584 583 erudit.
603 548 820 598 antiquitat.
848 550 923 587 107
943 549 998 595 B,
1026 546 1197 585 Eckhart
1227 547 1275 585 de
1304 548 1417 585 rebus
1440 549 1622 586 Frauciae

210 602 405 639 orientalis
426 603 445 640 1
477 602 500 640 9
522 603 575 649 Β,
605 600 709 638 unde
734 601 877 638 habere
903 615 944 638 se
972 604 1025 638 ait
1051 604 1237 640 Muratori
1253 617 1292 653 p.
1309 615 1393 641 cv11
1410 605 1458 650 3,
1483 605 1623 641 Martin

209 658 275 692 La
300 655 464 705 religion
488 656 554 691 des
585 657 750 693 Gaulois
774 658 801 695 2
832 659 908 697 180
931 658 986 703 Β,
1020 664 1057 694 et
1083 660 1139 695 Io.
1168 659 1238 694 Ge.
1257 659 1417 709 Keysler
1435 659 1622 709 Antiquit-

209 711 569 760 septentrionalibus
597 711 874 761 (Hannoverae
906 713 1022 758 1720,
1051 711 1103 763 8)
1134 710 1214 752 420
1242 714 1291 750 A.
1345 725 1458 762 porro
1489 714 1531 748 in
1560 725 1625 750 ara

209 766 304 802 item
339 766 379 801 in
413 772 514 801 terra
547 765 689 802 Suevia
724 772 873 816 reperta
916 767 1302 805 CAMPESTRIBVS
1341 768 1543 804 SACRVM
1579 769 1625 804 Ρ.

207 820 444 867 QVINTIVS
472 821 518 856 L.
546 821 590 857 F.
648 822 798 857 Gruter.
827 821 940 870 Corp.
965 822 1138 871 inscript.
1163 834 1250 859 mxv
1270 824 1317 870 2,
1352 823 1514 872 Keysler
1533 823 1626 859 Ant.

209 882 307 924 sept.
327 874 407 914 420
425 876 455 910 B
468 903 477 921 ,
505 877 560 911 Io.
582 877 720 912 Breval
749 874 835 927 (qui
851 875 948 912 vidit
967 875 1180 926 Stutgardi)
1210 877 1402 913 Remarks
1421 877 1474 926 qf
1480 877 1630 914 several

200 937 316 979 parts
334 929 387 978 of
398 930 552 977 Europe
572 932 598 970 2
627 930 679 970 85
701 932 755 977 B,
787 937 825 966 et
849 931 990 966 Martin
1019 931 1110 966 Rel.
1141 931 1207 968 des
1241 931 1406 968 Gaulois
1421 934 1448 972 2
1479 934 1556 972 180
1576 933 1626 968 A.

206 986 300 1021 item
336 984 545 1022 SVLEVIS
581 986 652 1021 ET
691 985 1077 1023 CAMPESTRIBVS
1125 986 1167 1021 in
1206 998 1398 1023 marmore
1438 987 1627 1034 Romano,

207 1039 315 1088 Spon
335 1039 550 1075 miscellan.
571 1038 708 1076 erudit.
731 1041 850 1091 antiq.
874 1042 949 1079 107
969 1040 1012 1076 C.
1069 1038 1139 1076 sed
1158 1041 1200 1076 in
1220 1039 1282 1078 his
1303 1041 1480 1077 omnibus
1510 1041 1628 1078 Cam—

202 1100 349 1143 pestres
379 1093 559 1130 videntur
588 1093 704 1142 deae,
733 1101 798 1130 aut
826 1094 990 1143 campis,
1019 1092 1094 1130 hoc
1116 1101 1173 1131 est
1191 1096 1313 1145 agris,
1341 1102 1385 1132 ut
1407 1096 1542 1132 volunt
1563 1097 1628 1132 in-
1699 1127 1701 1131 Α

208 1154 418 1198 terpretes‚
448 1155 514 1184 aut
540 1148 702 1185 fortasse
731 1149 925 1185 exercitiis
954 1149 1251 1198 campestribus,
1279 1148 1354 1187 hoc
1371 1156 1429 1187 est
1446 1151 1628 1187 militari-

208 1203 281 1240 bus
296 1231 306 1250 ,
332 1204 586 1253 praepositae.

315 1270 355 1306 p.
374 1258 453 1297 285
470 1270 508 1294 v.
524 1259 562 1297 8.
619 1254 668 1292 de
687 1257 845 1293 cometis
861 1256 949 1306 lege
970 1268 1124 1308 quoque
1140 1264 1335 1306 nostrum,
1363 1258 1433 1295 lib.
1450 1257 1498 1296 de
1513 1272 1627 1296 men-

207 1312 313 1350 sibus
330 1324 370 1361 p.
390 1311 442 1351 49
473 1314 539 1351 21.
570 1317 607 1348 et
623 1311 665 1348 S.
682 1312 872 1348 Basilium
887 1313 1075 1362 Magnum
1092 1311 1141 1350 de
1156 1311 1328 1350 humana
1346 1312 1488 1351 Christi
1506 1327 1628 1364 gene-

206 1368 353 1403 ratione
378 1369 396 1406 1
429 1365 509 1406 592
526 1367 575 1403 D·

314 1434 354 1471 p
373 1423 452 1461 287
470 1433 508 1457 v.
531 1423 593 1460 11
650 1417 777 1460 ἰστέον
804 1418 847 1460 δὲ
872 1436 927 1468 ως
942 1417 1124 1472 Λιβύην]
1153 1434 1199 1459 ea
1219 1435 1298 1460 non
1318 1436 1369 1460 ex
1391 1424 1628 1473 Campestrio

206 1474 285 1513 huc
311 1476 495 1512 translata
523 1474 593 1512 sed
623 1475 671 1511 ab
701 1475 786 1525 ipso
815 1475 926 1526 Lydo
954 1477 1182 1525 interposita
1209 1476 1391 1527 arbitror,
1429 1490 1552 1530 usque
1578 1477 1629 1515 ad

207 1531 345 1578 verba,
377 1526 449 1569 ἄπ’
464 1525 587 1580 αὐτῆς
605 1530 957 1582 ὁιακεχωρισμέναι,
984 1533 1107 1571 v.18.

318 1599 357 1635 Ρ
377 1587 455 1624 289
476 1598 511 1622 v
532 1587 569 1625 8
625 1589 706 1631 τοῖς
733 1585 853 1624 ἐκεῖσε
885 1585 1087 1635 δυνατοῖς]
1117 1586 1253 1636 quales
1276 1593 1384 1624 erant
1404 1587 1543 1637 quibus
1564 1601 1629 1624 re-

207 1641 305 1678 stitit
339 1640 525 1676 Firmicus
557 1641 772 1688 Maternus,
802 1653 936 1677 causas
955 1653 1072 1690 agens
1090 1640 1290 1678 iudiciales
1317 1642 1508 1690 (caninae
1536 1655 1629 1679 con-

208 1696 386 1731 tenlsonis
403 1695 577 1745 imgiosa
593 1695 851 1744 certamina),
881 1701 1090 1745 antequam
1115 1694 1166 1732 ad
1193 1697 1442 1746 astrologiam
1468 1709 1509 1734 se
1535 1709 1630 1734 con-

206 1751 337 1787 ferret.
369 1763 517 1798 semper
531 1753 649 1794 enim,
677 1750 803 1800 inquit
820 1749 870 1790 83
889 1750 917 1786 G
928 1750 1143 1799 ,factiosis
1158 1749 1377 1787 hominibus
1395 1758 1517 1788 erecta
1536 1765 1629 1788 con-

207 1806 353 1841 stantia
371 1806 540 1840 resistere
559 1803 811 1851 confidebam.
872 1805 926 1841 sic
947 1805 1052 1840 enim
1068 1803 1123 1841 ibi
1142 1803 1372 1854 legendum,
1400 1818 1480 1842 non
1507 1806 1629 1853 confi-

205 1859 366 1904 debant,
395 1859 500 1910 quod
517 1858 661 1896 habent
677 1861 871 1908 vulgatae.

315 1927 354 1964 p
371 1916 452 1955 290
470 1927 507 1951 v·
531 1915 595 1954 15.
651 1888 897 1965 Κομδήτης.
905 1912 921 1964 ]
951 1925 1091 1963 nempe
1111 1913 1178 1964 qui
1197 1927 1267 1952 κατ
1273 1909 1439 1966 ’ἐξοχήν
1461 1921 1629 1953 cometes

205 1975 382 2016 vocatur,
411 1975 454 2005 ut
475 1976 581 2019 patet
603 1982 655 2005 ex
675 1971 853 2020 proxime
875 1969 1137 2018 sequentibus.

314 1997 449 2073 p.’291
470 2037 506 2061 v.
525 2026 576 2064 7‘
566 2037 656 2060 nna.
712 2022 1008 2072 sublunarium]
1041 2022 1152 2059 detur
1165 2023 1279 2059 venia
1299 2023 1414 2060 verbo
1432 2024 1626 2072 insolenti,

205 2084 244 2114 et
267 2077 371 2128 apud
390 2079 602 2128 locupletes
619 2078 777 2129 quidem
794 2085 967 2115 auctores
985 2076 1092 2114 haud
1110 2078 1235 2114 obvio.

314 2145 354 2182 P·
374 2135 455 2172 292
471 2146 508 2169 v.
524 2135 562 2172 9
619 2132 707 2184 περὶ
726 2148 806 2172 των
826 2129 1023 2184 ου’ρανίων
1044 2131 1301 2183 διαλέγεσθαι.
1309 2130 1324 2182 ]
1354 2133 1518 2169 conferri
1534 2146 1627 2183 pos-

203 2188 283 2224 sint
306 2199 405 2238 quae
429 2186 546 2223 habet
564 2187 732 2224 michael
755 2189 894 2238 Glycas
914 2188 1075 2237 epistola
1093 2186 1239 2223 inedita
1263 2185 1313 2222 ad
1335 2188 1627 2225 Constantinum

202 2243 483 2291 Palaeologum
503 2241 587 2278 cod.
610 2244 705 2291 Reg.
726 2246 804 2282 228
826 2243 895 2279 fol.
914 2244 966 2282 78
985 2249 1084 2278 recto
1104 2262 1154 2269 -—-
1173 2242 1226 2282 85
1242 2255 1365 2287 verso,
1392 2243 1468 2279 inc.
1525 2243 1562 2282 εἰ
1585 2240 1628 2282 δὲ

202 2296 269 2336 καὶ
300 2293 562 2344 ἀπαιδεύτους
587 2294 634 2335 τοὶ
661 2301 755 2335 θεῖα
783 2296 849 2335 καὶ
881 2293 1080 2346 ἇμυήτους
1104 2293 1229 2342 τινάς·
1258 2298 1299 2332 in
1325 2309 1402 2348 qua
1424 2299 1627 2347 impugnat

201 2352 327 2388 fatum
357 2349 452 2402 (τήν
476 2350 735 2402 εἱμαρμένην)
767 2357 804 2386 et
822 2351 1211 2400 praedestinationem
1240 2348 1332 2401 (τόν
1352 2350 1626 2403 προορισμόν).

201 2419 295 2443 nam
315 2405 442 2443 sidera
461 2407 619 2456 quidem
636 2412 866 2456 potestatem
884 2405 1026 2443 habere
1046 2404 1301 2456 por-tendendi
1318 2407 1446 2442 futura
1475 2405 1515 2453 (ὅ
1530 2405 1628 2452 θεός

205 2457 255 2500 οὔ
284 2457 404 2511 μόνον
430 2461 471 2500 ἐν
498 2457 683 2512 οἶστράσιν
701 2457 798 2499 ἀλλὰ
815 2460 880 2499 καὶ
899 2461 941 2500 ἐν
956 2460 1054 2511 ἡμῖν
1072 2457 1204 2507 αὐτοῖς
1224 2460 1335 2499 ἔθετο
1355 2464 1526 2513 σημεῖα).·
1557 2459 1627 2497 sed

205 2515 253 2552 de
285 2517 424 2566 quibus
441 2528 789 2566 praemoneamur,
822 2528 866 2551 ea
890 2516 1030 2552 virtute
1055 2522 1184 2552 nostra
1209 2517 1328 2551 averti
1352 2528 1479 2565 posse.
1536 2516 1627 2551 uni-

204 2583 314 2607 verse
333 2578 480 2620 pugnat
498 2569 749 2607 vehementer
765 2582 834 2620 pro
850 2570 971 2606 libero
992 2571 1170 2606 arbitrio:
1195 2570 1350 2619 graciae
1378 2570 1439 2620 (ut
1456 2571 1626 2620 loquun-

203 2633 266 2662 tur
285 2624 474 2676 theologi)
503 2626 652 2661 nullam
668 2637 823 2675 prorsus
843 2626 1082 2661 mentionem
1101 2626 1204 2660 facit.
1262 2626 1398 2661 iccirco
1417 2632 1547 2661 autem
1562 2637 1626 2660 ar-

200 2681 322 2717 bitror
345 2679 440 2716 haec
466 2692 487 2716 a
511 2681 632 2730 Glyca
650 2687 755 2717 tanta
777 2680 1019 2716 contentione
1049 2679 1256 2729 disputari,
1290 2679 1396 2730 quod
1426 2685 1626 2716 accusatus

201 2737 250 2772 sit
271 2736 423 2786 magiae
445 2741 483 2771 et
503 2736 757 2786 astrologiae3
787 2733 889 2772 unde
913 2740 950 2771 et
968 2735 1160 2772 Mauuelis
1179 2734 1367 2771 Comneni
1386 2736 1480 2785 imp.
1501 2733 1625 2772 offen-
