1748 3210
650 181 726 224 DE
748 176 1051 243 losmns.
1322 212 1324 214 .
1486 179 1587 226 313

246 320 249 331 ι
273 293 324 340 κ’.
357 295 426 339 ἐὰν
451 293 682 354 βροντῆσῃ,
735 293 908 353 ὄλεθρον
936 297 1046 350 βοῶν
1077 294 1144 336 καὶ
1173 292 1355 350 ταραχὰς
1374 297 1458 344 τοῖς
1478 292 1583 351 πρά-

142 380 287 423 γμασιν
304 365 467 408 ἀπειλεῖ.

216 463 219 467 -
271 432 352 476 κοί.
386 433 455 476 ἐὰν
475 430 692 490 βροντήσῃ,
733 431 923 488 εὐθηνίαν
944 430 1031 486 ἅμα
1056 430 1127 474 καὶ
1153 426 1353 485 διχόνοιαν
1381 433 1440 489 τῷ
1467 427 1584 489 δήμῳ

143 500 303 544 ἀπειλεῖ.

109 583 139 620 s
159 590 163 594 ·
275 566 354 623 κβ.
387 569 457 612 ἐὰν
476 565 694 627 βροντῆσῃ,
738 568 844 611 καλὰ
861 568 1032 626 μετρίως
1044 566 1096 610 τὰ
1113 564 1334 626 πράγματα
1355 564 1431 608 ἆνὰ
1454 563 1585 608 πάντα

140 637 210 681 τὸν
229 635 420 681 ἐνιαυτόν.

255 703 350 762 oty'.
384 705 454 749 ἐὰν
470 702 698 763 βροντήσῃ,
737 703 931 763 κεραυνὸν
953 707 1164 748 πεσεῖσθαι
1195 704 1316 758 δηλοῖ·
1339 703 1407 745 καὶ
1440 697 1588 759 φόνους

141 773 306 817 ἀπειλεῖ.

277 839 353 885 κδ’.
385 841 456 885 ἐὰν
475 838 693 899 βροντήσῃ,
728 837 930 883 ἀπώλειαν
950 838 1116 895 εὐγενῶν
1133 838 1231 881 νέων
1250 838 1415 881 ἀπειλεῖ.

91 924 137 959 1ο
279 908 349 954 κε’.
381 910 451 953 ἐὰν
476 908 702 968 βροντήσῃ,
748 913 927 964 χειμῶνα
956 909 1024 950 καὶ
1053 905 1197 951 σπάνιν
1229 906 1399 964 ὀπωρῶν
1422 905 1590 950 ἔσεσθαι

143 979 336 1036 προλέγει.

276 1045 352 1097 κς’.
386 1045 454 1087 ἐὰν
471 1042 687 1102 βροντῆσῃ,
714 1042 886 1099 πόλεμον
906 1044 1103 1100 σημαίνει.

276 1113 350 1167 κζ’.
383 1114 452 1155 ἐὰν
470 1112 687 1171 βροντήσῃ,
715 1114 912 1167 πολέμους
935 1111 1022 1167 ἅμα
1042 1113 1107 1154 καὶ
1126 1109 1271 1161 δόλους
1291 1109 1454 1154 ἀπειλεῖ.

275 1181 355 1238 κη’.
387 1181 457 1224 ἐὰν
472 1180 700 1239 βροντήσῃ,
743 1182 934 1237 εὐθηνίαν
958 1182 1031 1236 μὲν
1054 1184 1133 1223 τῶν
1158 1184 1323 1237 καρπῶν
1352 1179 1518 1238 φθορὰν
1549 1180 1592 1221 δὲ

89 1254 224 1298 Ιᾶτῶν
240 1255 351 1305 βοῶν
370 1251 567 1303 σημαίνει.

274 1317 357 1360 κθ’.
392 1316 462 1358 ἐὰν
474 1312 692 1373 βροντῆσῃ,
728 1315 918 1370 οὐδεμίαν
938 1314 1157 1370 ἐναλλαγὴν
1179 1314 1374 1369 σημαίνει.

277 1383 329 1428 λ’.
363 1384 432 1427 ἐὰν
457 1383 686 1442 βροντήσῃ,
742 1383 888 1435 νόσους
918 1389 970 1442 τῇ
1000 1382 1138 1436 πόλει,
1187 1383 1257 1441 ἐφ’
1291 1377 1340 1438 ἧς
1363 1377 1591 1441 ῥαγήσεται,

143 1452 306 1496 ἀπειλεῖ.

564 1559 1163 1597 ΣΕΠΤΕΜΒΡΙΟΣ.

87 1647 134 1683 20
197 1635 275 1681 30.
310 1631 363 1677 α’.
392 1632 487 1676 Ἐὰν
505 1631 730 1691 βροντήσῃ,
766 1634 970 1692 εὐετηρίαν
993 1632 1078 1687 ἅμα
1100 1634 1167 1675 καὶ
1193 1629 1443 1690 εὐφροσύνην
1464 1634 1591 1687 δηλοῖ.

303 1700 358 1756 β’.
393 1702 461 1745 ἐὰν
476 1700 695 1759 βροντήσῃ,
717 1702 894 1757 διχόνοια
916 1707 974 1761 τῷ
992 1700 1108 1758 δήμῳ
1128 1700 1252 1743 ἔσται.

302 1768 352 1827 γ’.
387 1771 456 1813 ἐὰν
473 1768 690 1827 βροντήσῃ,
724 1773 974 1829 κατομβρίαν
991 1771 1058 1813 καὶ
1079 1767 1252 1824 πόλεμον
1272 1770 1400 1822 δηλοῖ.

305 1837 356 1880 δ’.
391 1838 461 1880 ἐὰν
483 1837 686 1896 βροντήσῃ
700 1871 713 1891 ,
767 1842 942 1884 δυνατοῦ
977 1842 1127 1882 πτῶσιν
1159 1839 1226 1880 καὶ
1255 1837 1431 1891 πολέμου
1459 1852 1593 1892 παρα-

142 1906 287 1962 σκευὴν
305 1908 431 1961 ὄηλοΐ.
471 1915 473 1919 “

233 2014 258 2049 7
278 2010 480 2057 κεραυνοὺς
502 2013 610 2058 Rutg.
795 2010 940 2057 φόνους
971 2010 1014 2047 δέ
1037 2013 1081 2048 C.
1265 2013 1308 2046 10
1330 2011 1394 2046 καὶ
1413 2022 1467 2045 om
1484 2011 1593 2055 Rutg.

236 2059 279 2094 11
303 2059 411 2101 δηλοῖ
431 2059 540 2102 Rutg.
681 2059 724 2094 17
742 2055 878 2098 νόσους
901 2071 956 2093 om
978 2060 1086 2104 Rutg.
1211 2058 1257 2093 23
1279 2069 1367 2102 παρ.
1394 2053 1448 2092 δι’
1473 2054 1595 2100 αὐτὴν

235 2101 385 2138 ἔσεσθαι
415 2104 523 2148 Rutg.

145 2197 255 2238 tonat,
278 2195 389 2229 bobus
411 2193 601 2237 interitum,
625 2193 731 2227 rebus
748 2192 896 2238 publicis
919 2194 1039 2228 turbas
1061 2192 1222 2228 minatur.
1354 2194 1413 2229 21.
1435 2193 1467 2227 si
1486 2196 1598 2237 tonat,

146 2240 401 2284 abundantiam,
427 2239 595 2284 simulque
616 2238 864 2273 dissensionem
886 2251 931 2284 po
958 2240 1013 2275 ulo
1038 2240 1193 2274 Romano
1214 2238 1406 2274 minitatur.
1490 2242 1548 2275 22.
1566 2239 1598 2274 si

146 2285 300 2320 tonuerit
313 2312 322 2330 ‚
345 2297 403 2320 res
421 2298 486 2332 per
505 2289 614 2319 totum
636 2295 761 2319 annum
786 2285 959 2319 tolerabii
981 2291 1076 2321 statu
1100 2291 1213 2320 erunt.
1350 2286 1407 2320 23.
1433 2285 1464 2320 si
1485 2290 1597 2329 tonat,

145 2331 300 2366 declarat
320 2331 448 2366 fulmen
469 2341 647 2375 casurum,
673 2335 710 2365 et
727 2332 850 2366 caedes
869 2331 1060 2367 minitatur.
1174 2331 1231 2366 24.
1257 2331 1288 2366 si
1309 2334 1425 2375 tonat,
1448 2332 1599 2366 minatur

146 2377 324 2411 interitum
347 2378 448 2422 pubis
472 2377 655 2422 patriciae.
765 2377 822 2411 25.
847 2377 879 2411 si
896 2382 1005 2422 tonat,
1030 2378 1176 2412 hiemem
1198 2378 1336 2412 foedam
1360 2382 1396 2411 et
1417 2378 1598 2423 penuriam

146 2433 325 2468 pomorum
343 2424 421 2458 fore
442 2423 627 2468 praedicit.
742 2422 800 2456 26.
826 2423 857 2457 si
879 2428 990 2468 tonat,
1014 2424 1139 2458 bellum
1160 2423 1347 2468 significat.
1483 2425 1542 2458 27.
1565 2423 1598 2457 si

146 2473 256 2512 tonat,
280 2469 372 2503 bella
395 2469 495 2503 simul
520 2475 555 2503 et
575 2469 673 2503 dolos
692 2468 852 2503 minatur.
945 2471 1002 2504 28.
1023 2469 1054 2504 si
1074 2475 1184 2514 tonat,
1211 2469 1345 2514 copiam
1362 2469 1510 2513 frugum,
1535 2470 1599 2504 sed

147 2513 326 2549 interitum
344 2516 447 2550 boum
470 2515 657 2559 significat.
770 2515 828 2548 29.
851 2514 883 2549 si
904 2520 1026 2559 tonat,
1051 2515 1313 2550 conversionem
1336 2527 1450 2549 rerum
1475 2514 1598 2550 nullam

148 2559 314 2596 declarat.
405 2561 464 2596 30.
489 2561 520 2595 si
542 2566 651 2605 tonat,
675 2561 815 2595 morbos
833 2561 982 2595 minatur
1001 2561 1092 2606 urbi,
1115 2572 1221 2607 super
1244 2572 1346 2607 quam
1363 2566 1532 2607 erumpet.

627 2675 1115 2711 SEPTEMBER.

239 2740 298 2775 30.
347 2741 382 2775 1.
402 2741 444 2776 si
465 2745 584 2786 tonat,
615 2743 832 2779 fertilitatem
851 2744 951 2779 simul
970 2749 1007 2779 et
1024 2743 1185 2790 gaudium
1203 2743 1369 2779 declarat.
1506 2746 1541 2780 2.
1565 2745 1598 2780 si

149 2785 312 2829 tonuerit,
336 2787 507 2823 dissensio
529 2789 598 2823 erit
617 2789 654 2825 in
679 2790 806 2838 populo
830 2791 999 2825 Romano.
1128 2791 1164 2825 3.
1188 2789 1220 2824 si
1242 2795 1351 2834 tonat,
1374 2790 1516 2825 imbrem
1540 2792 1598 2825 fu-

149 2842 225 2865 sum
249 2840 284 2867 et
305 2833 428 2868 bellum
451 2835 616 2871 declarat.
722 2839 758 2872 4.
778 2836 809 2872 si
831 2842 941 2883 tonat,
969 2836 1122 2872 declarat
1143 2836 1276 2872 ruinam
1297 2836 1366 2872 viri
1387 2837 1540 2883 potentis
1561 2842 1598 2872 et
